<!DOCTYPE html><html lang="fr" class="avcHn2VQJenBvoR5hilPG"><head>
    <meta charset="utf-8">
    <title>Page de recherche | Mayrand</title>
    <link rel="shortcut icon" href="https://mayrand.ca/hubfs/favicon-32x32.webp">
    <meta name="description" content="">
    
   
    
    
    
    
    <meta name="viewport" content="width=device-width, initial-scale=1">

    
    <meta property="og:description" content="">
    <meta property="og:title" content="Page de recherche | Mayrand">
    <meta name="twitter:description" content="">
    <meta name="twitter:title" content="Page de recherche | Mayrand">

    

    
    <style>
a.cta_button{-moz-box-sizing:content-box !important;-webkit-box-sizing:content-box !important;box-sizing:content-box !important;vertical-align:middle}.hs-breadcrumb-menu{list-style-type:none;margin:0px 0px 0px 0px;padding:0px 0px 0px 0px}.hs-breadcrumb-menu-item{float:left;padding:10px 0px 10px 10px}.hs-breadcrumb-menu-divider:before{content:'â€º';padding-left:10px}.hs-featured-image-link{border:0}.hs-featured-image{float:right;margin:0 0 20px 20px;max-width:50%}@media (max-width: 568px){.hs-featured-image{float:none;margin:0;width:100%;max-width:100%}}.hs-screen-reader-text{clip:rect(1px, 1px, 1px, 1px);height:1px;overflow:hidden;position:absolute !important;width:1px}
</style>

<link rel="stylesheet" href="https://mayrand.ca/hubfs/hub_generated/template_assets/1/204455867370/1765986866412/template_main.min.css">
<link rel="stylesheet" href="https://mayrand.ca/hubfs/hub_generated/template_assets/1/207404068856/1765986861031/template_theme-overrides.min.css">
<link rel="stylesheet" href="https://mayrand.ca/hubfs/hub_generated/template_assets/1/204485710839/1765986863121/template_child.min.css">
<link rel="stylesheet" href="https://mayrand.ca/hubfs/hub_generated/module_assets/1/207404069862/1753462640268/module_website-header.min.css">
<link rel="stylesheet" href="/hs/hsstatic/cos-LanguageSwitcher/static-1.336/sass/LanguageSwitcher.css">
<link rel="stylesheet" href="https://mayrand.ca/hubfs/hub_generated/module_assets/1/207417132997/1753291152341/module_footer.min.css">

<style>
  #hs_cos_wrapper_footer_area-module-1 .footer_section {
  padding-top:20px;
  padding-right:0px;
  padding-bottom:30px;
  padding-left:0px;
}

@media screen and (max-width:767px) {
  #hs_cos_wrapper_footer_area-module-1 .footer_section {
    padding-top:20px;
    padding-right:0px;
    padding-bottom:30px;
    padding-left:0px;
  }
}

@media (min-width:768px) and (max-width:1024px) {
  #hs_cos_wrapper_footer_area-module-1 .footer_section {
    padding-top:20px;
    padding-right:0px;
    padding-bottom:30px;
    padding-left:0px;
  }
}

</style>

<style>
  @font-face {
    font-family: "Barlow Condensed";
    font-weight: 800;
    font-style: normal;
    font-display: swap;
    src: url("/_hcms/googlefonts/Barlow_Condensed/800.woff2") format("woff2"), url("/_hcms/googlefonts/Barlow_Condensed/800.woff") format("woff");
  }
  @font-face {
    font-family: "Barlow Condensed";
    font-weight: 400;
    font-style: normal;
    font-display: swap;
    src: url("/_hcms/googlefonts/Barlow_Condensed/regular.woff2") format("woff2"), url("/_hcms/googlefonts/Barlow_Condensed/regular.woff") format("woff");
  }
  @font-face {
    font-family: "Barlow Condensed";
    font-weight: 700;
    font-style: normal;
    font-display: swap;
    src: url("/_hcms/googlefonts/Barlow_Condensed/700.woff2") format("woff2"), url("/_hcms/googlefonts/Barlow_Condensed/700.woff") format("woff");
  }
  @font-face {
    font-family: "Open Sans";
    font-weight: 400;
    font-style: normal;
    font-display: swap;
    src: url("/_hcms/googlefonts/Open_Sans/regular.woff2") format("woff2"), url("/_hcms/googlefonts/Open_Sans/regular.woff") format("woff");
  }
  @font-face {
    font-family: "Open Sans";
    font-weight: 700;
    font-style: normal;
    font-display: swap;
    src: url("/_hcms/googlefonts/Open_Sans/700.woff2") format("woff2"), url("/_hcms/googlefonts/Open_Sans/700.woff") format("woff");
  }
</style>

<!-- Editor Styles -->
<style id="hs_editor_style" type="text/css">
.header_area-row-0-force-full-width-section > .row-fluid {
  max-width: none !important;
}
.footer_area-row-0-force-full-width-section > .row-fluid {
  max-width: none !important;
}
/* HubSpot Styles (default) */
.header_area-row-0-padding {
  padding-top: 0px !important;
  padding-bottom: 0px !important;
  padding-left: 0px !important;
  padding-right: 0px !important;
}
.footer_area-row-0-padding {
  padding-top: 0px !important;
  padding-bottom: 0px !important;
  padding-left: 0px !important;
  padding-right: 0px !important;
}
</style>
    
        <script type="text/javascript" async="" src="https://www.googletagmanager.com/gtag/js?id=G-4GJRYC4PPL&amp;cx=c&amp;_slc=1"></script><script type="text/javascript" async="" src="https://www.googletagmanager.com/gtag/js?id=G-RBT2NTLT24&amp;cx=c&amp;_slc=1"></script><script src="https://connect.facebook.net/signals/config/851833188272484?v=2.9.248&amp;r=stable&amp;domain=mayrand.ca&amp;hme=17590b9a2e1b26755cdc9ecb401f9f46bca979d3ccce95d786db0936167af731&amp;ex_m=94%2C156%2C134%2C20%2C67%2C68%2C127%2C63%2C43%2C128%2C72%2C62%2C10%2C141%2C80%2C15%2C93%2C28%2C122%2C115%2C70%2C73%2C121%2C138%2C102%2C143%2C7%2C3%2C4%2C6%2C5%2C2%2C81%2C91%2C144%2C224%2C167%2C57%2C226%2C227%2C50%2C183%2C27%2C69%2C232%2C231%2C170%2C30%2C56%2C9%2C59%2C87%2C88%2C89%2C95%2C118%2C29%2C26%2C120%2C117%2C116%2C135%2C71%2C137%2C136%2C45%2C55%2C111%2C14%2C140%2C40%2C213%2C215%2C177%2C23%2C24%2C25%2C17%2C18%2C39%2C35%2C37%2C36%2C76%2C82%2C86%2C100%2C126%2C129%2C41%2C101%2C21%2C19%2C107%2C64%2C33%2C131%2C130%2C132%2C123%2C22%2C32%2C54%2C99%2C139%2C65%2C16%2C133%2C104%2C31%2C193%2C163%2C284%2C211%2C154%2C196%2C189%2C164%2C97%2C119%2C75%2C109%2C49%2C44%2C103%2C42%2C108%2C114%2C53%2C60%2C113%2C48%2C51%2C47%2C90%2C142%2C0%2C112%2C13%2C110%2C11%2C1%2C52%2C83%2C58%2C61%2C106%2C79%2C78%2C145%2C146%2C84%2C85%2C8%2C92%2C46%2C124%2C77%2C74%2C66%2C105%2C96%2C38%2C125%2C34%2C98%2C12%2C147" async=""></script><script async="" src="https://connect.facebook.net/en_US/fbevents.js"></script><script type="text/javascript" async="" src="https://static.hotjar.com/c/hotjar-4943237.js?sv=7"></script><script type="text/javascript" async="" src="https://snap.licdn.com/li.lms-analytics/insight.min.js"></script><script type="text/javascript" async="" src="https://www.google-analytics.com/analytics.js"></script><script type="text/javascript" async="" src="https://www.googletagmanager.com/gtag/js?id=G-HSB9L16Y2F&amp;cx=c&amp;gtm=4e5ca1"></script><script type="text/javascript" async="" src="https://www.googletagmanager.com/gtag/js?id=AW-852807458&amp;cx=c&amp;gtm=4e5ca1"></script><script async="" src="https://www.googletagmanager.com/gtm.js?id=GTM-N2BZWMH"></script><script src="https://js-na3.hubspot.com/web-interactives-embed.js" type="text/javascript" id="hubspot-web-interactives-loader" crossorigin="anonymous" data-loader="hs-scriptloader" data-hsjs-portal="341647818" data-hsjs-env="prod" data-hsjs-hublet="na3"></script><script src="https://js-na3.hs-banner.com/v2/341647818/banner.js" type="text/javascript" id="cookieBanner-341647818" data-cookieconsent="ignore" data-hs-ignore="true" data-loader="hs-scriptloader" data-hsjs-portal="341647818" data-hsjs-env="prod" data-hsjs-hublet="na3"></script><script src="https://js-na3.hscollectedforms.net/collectedforms.js" type="text/javascript" id="CollectedForms-341647818" crossorigin="anonymous" data-leadin-portal-id="341647818" data-leadin-env="prod" data-loader="hs-scriptloader" data-hsjs-portal="341647818" data-hsjs-env="prod" data-hsjs-hublet="na3"></script><script src="https://js-na3.hs-analytics.net/analytics/1767065100000/341647818.js" type="text/javascript" id="hs-analytics"></script><script async="" src="https://assets.hootsuite.com/hootdesk/rtm/web/2.2.12/hootdesk.2.2.12.min.js"></script><script data-catalog-products-config="config_header_area-module-1" type="application/json">
        {
        "jsonfileData" : "[[{\"nm\":\"Aubergine\",\"nme\":\"Eggplant\",\"attr\":\"\",\"sku\":\"30120\",\"l2\":\"L\u00E9gumes\",\"sl\":\"aubergine-30120\",\"sn\":\"aubergines\",\"idxP\":60},{\"mq\":\"Frutas\",\"nm\":\"Croustilles de plantain naturellement sucr\u00E9\",\"nme\":\"Naturally sweetened plantain chips\",\"attr\":\"\",\"sku\":\"17378\",\"l2\":\"Autre\",\"sl\":\"croustilles-de-plantain-naturellement-sucre-frutas-17378\",\"sn\":\"\",\"idxP\":100},{\"nm\":\"Courgette verte\",\"nme\":\"Green Zucchini Squash\",\"attr\":\"\",\"sku\":\"09111\",\"l2\":\"L\u00E9gumes\",\"sl\":\"courgette-verte-09111\",\"sn\":\"courges, courgettes\",\"idxP\":72},{\"mq\":\"Mayrand CHEF\",\"nm\":\"Graine de s\u00E9same blanche crue\",\"nme\":\"Raw White Sesame Seed\",\"attr\":\"\",\"sku\":\"27826\",\"l2\":\"Noix et fruits secs\",\"sl\":\"graine-de-sesame-blanche-crue-mayrand-chef-27826\",\"sn\":\"\",\"idxP\":88},{\"mq\":\"Mayrand CHEF\",\"nm\":\"Graine de tournesol \u00E9cal\u00E9e r\u00F4tie sal\u00E9e\",\"nme\":\"Roasted Salted Shelled Sunflower Seed\",\"attr\":\"\",\"sku\":\"27830\",\"l2\":\"Noix et fruits secs\",\"sl\":\"graine-de-tournesol-ecalee-rotie-salee-mayrand-chef-27830\",\"sn\":\"\",\"idxP\":83},{\"mq\":\"Mayrand CHEF\",\"nm\":\"Graine de tournesol en \u00E9cale crue\",\"nme\":\"Raw Inshell Sunflower Seed\",\"attr\":\"\",\"sku\":\"27835\",\"l2\":\"Noix et fruits secs\",\"sl\":\"graine-de-tournesol-en-ecale-crue-mayrand-chef-27835\",\"sn\":\"\",\"idxP\":78},{\"mq\":\"Mayrand CHEF\",\"nm\":\"Noix de Grenoble naturelle en \u00E9cale\",\"nme\":\"Raw Walnut in Shell\",\"attr\":\"\",\"sku\":\"27838\",\"l2\":\"Noix et fruits secs\",\"sl\":\"noix-de-grenoble-naturelle-en-ecale-mayrand-chef-27838\",\"sn\":\"\",\"idxP\":94},{\"mq\":\"Mayrand CHEF\",\"nm\":\"Graine de tournesol \u00E9cal\u00E9e crue\",\"nme\":\"Raw Shelled Sunflower Seed\",\"attr\":\"\",\"sku\":\"27828\",\"l2\":\"Noix et fruits secs\",\"sl\":\"graine-de-tournesol-ecalee-crue-mayrand-chef-27828\",\"sn\":\"\",\"idxP\":100},{\"mq\":\"Mayrand CHEF\",\"nm\":\"Noix de coco s\u00E9ch\u00E9e non sucr\u00E9e\",\"nme\":\"Dried Unsweetened Coconut\",\"attr\":\"\",\"sku\":\"27837\",\"l2\":\"Noix et fruits secs\",\"sl\":\"noix-de-coco-sechee-non-sucree-mayrand-chef-27837\",\"sn\":\"\",\"idxP\":89},{\"mq\":\"Mayrand CHEF\",\"nm\":\"Graine de tournesol en \u00E9cale r\u00F4tie sal\u00E9e\",\"nme\":\"Salted Roasted Inshell Sunflower Seed\",\"attr\":\"\",\"sku\":\"27834\",\"l2\":\"Noix et fruits secs\",\"sl\":\"graine-de-tournesol-en-ecale-rotie-salee-mayrand-chef-27834\",\"sn\":\"\",\"idxP\":69},{\"mq\":\"Mayrand CHEF\",\"nm\":\"Graine de s\u00E9same blanche r\u00F4tie\",\"nme\":\"Roasted White Sesame Seed\",\"attr\":\"\",\"sku\":\"27839\",\"l2\":\"Noix et fruits secs\",\"sl\":\"graine-de-sesame-blanche-rotie-mayrand-chef-27839\",\"sn\":\"\",\"idxP\":92},{\"mq\":\"Mayrand CHEF\",\"nm\":\"Pacane \u00E9cal\u00E9e demie\",\"nme\":\"Shelled Pecan Half\",\"attr\":\"\",\"sku\":\"27840\",\"l2\":\"Noix et fruits secs\",\"sl\":\"pacane-ecalee-demie-mayrand-chef-27840\",\"sn\":\"\",\"idxP\":100},{\"mq\":\"Mayrand CHEF\",\"nm\":\"Datte d\u00E9noyaut\u00E9e\",\"nme\":\"Pitted Date\",\"attr\":\"\",\"sku\":\"27841\",\"l2\":\"Noix et fruits secs\",\"sl\":\"datte-denoyautee-mayrand-chef-27841\",\"sn\":\"\",\"idxP\":77},{\"mq\":\"Mayrand CHEF\",\"nm\":\"Raisin sultana\",\"nme\":\"Sultana Raisin\",\"attr\":\"\",\"sku\":\"27844\",\"l2\":\"Noix et fruits secs\",\"sl\":\"raisin-sultana-mayrand-chef-27844\",\"sn\":\"raisins\",\"idxP\":100},{\"mq\":\"Mayrand CHEF\",\"nm\":\"Figue enti\u00E8re s\u00E9ch\u00E9e\",\"nme\":\"Whole Dried Fig\",\"attr\":\"\",\"sku\":\"27842\",\"l2\":\"Noix et fruits secs\",\"sl\":\"figue-entiere-sechee-mayrand-chef-27842\",\"sn\":\"\",\"idxP\":63},{\"mq\":\"Mayrand CHEF\",\"nm\":\"Raisin dor\u00E9\",\"nme\":\"Golden Raisin\",\"attr\":\"\",\"sku\":\"27843\",\"l2\":\"Noix et fruits secs\",\"sl\":\"raisin-dore-mayrand-chef-27843\",\"sn\":\"raisins\",\"idxP\":78},{\"mq\":\"Mayrand CHEF\",\"nm\":\"Abricot s\u00E9ch\u00E9\",\"nme\":\"Dried Apricot\",\"attr\":\"\",\"sku\":\"27848\",\"l2\":\"Noix et fruits secs\",\"sl\":\"abricot-seche-mayrand-chef-27848\",\"sn\":\"\",\"idxP\":100},{\"mq\":\"Mayrand CHEF\",\"nm\":\"Pruneau d\u00E9noyaut\u00E9\",\"nme\":\"Pitted Prune\",\"attr\":\"\",\"sku\":\"27847\",\"l2\":\"Noix et fruits secs\",\"sl\":\"pruneau-denoyaute-mayrand-chef-27847\",\"sn\":\"\",\"idxP\":88},{\"mq\":\"Mayrand CHEF\",\"nm\":\"Canneberge s\u00E9ch\u00E9e\",\"nme\":\"Dried Cranberry\",\"attr\":\"\",\"sku\":\"27850\",\"l2\":\"Noix et fruits secs\",\"sl\":\"canneberge-sechee-mayrand-chef-27850\",\"sn\":\"\",\"idxP\":100},{\"mq\":\"Mayrand CHEF\",\"nm\":\"Pruneau avec noyau\",\"nme\":\"Unpitted Prune\",\"attr\":\"\",\"sku\":\"27846\",\"l2\":\"Noix et fruits secs\",\"sl\":\"pruneau-avec-noyau-mayrand-chef-27846\",\"sn\":\"\",\"idxP\":38},{\"mq\":\"Mayrand CHEF\",\"nm\":\"Noix de cajou crue\",\"nme\":\"Raw Cashew\",\"attr\":\"\",\"sku\":\"26489\",\"l2\":\"Noix et fruits secs\",\"sl\":\"noix-de-cajou-crue-mayrand-chef-26489\",\"sn\":\"\",\"idxP\":87},{\"mq\":\"Mayrand CHEF\",\"nm\":\"Graine de tournesol \u00E9cal\u00E9e r\u00F4tie non sal\u00E9e\",\"nme\":\"Roasted Unsalted Sunflower Seed\",\"attr\":\"\",\"sku\":\"27829\",\"l2\":\"Noix et fruits secs\",\"sl\":\"graine-de-tournesol-ecalee-rotie-non-salee-mayrand-chef-27829\",\"sn\":\"\",\"idxP\":95},{\"mq\":\"Mayrand CHEF\",\"nm\":\"Noix de cajou r\u00F4tie non sal\u00E9e\",\"nme\":\"Roasted Unsalted Cashew\",\"attr\":\"\",\"sku\":\"26490\",\"l2\":\"Noix et fruits secs\",\"sl\":\"noix-de-cajou-rotie-non-salee-mayrand-chef-26490\",\"sn\":\"\",\"idxP\":99},{\"mq\":\"Mayrand CHEF\",\"nm\":\"Noix de coco r\u00E2p\u00E9e sucr\u00E9e\",\"nme\":\"Sweetened Shredded Coconut\",\"attr\":\"\",\"sku\":\"27836\",\"l2\":\"Noix et fruits secs\",\"sl\":\"noix-de-coco-rapee-sucree-mayrand-chef-27836\",\"sn\":\"\",\"idxP\":83},{\"mq\":\"Mayrand CHEF\",\"nm\":\"Ananas s\u00E9ch\u00E9 en cube\",\"nme\":\"Dried Diced Pineapple\",\"attr\":\"\",\"sku\":\"27849\",\"l2\":\"Noix et fruits secs\",\"sl\":\"ananas-seche-en-cube-mayrand-chef-27849\",\"sn\":\"apples, ananas\",\"idxP\":45},{\"mq\":\"Mayrand CHEF\",\"nm\":\"Arachide BBQ\",\"nme\":\"BBQ Peanut\",\"attr\":\"\",\"sku\":\"26492\",\"l2\":\"Noix et fruits secs\",\"sl\":\"arachide-bbq-mayrand-chef-26492\",\"sn\":\"\",\"idxP\":78},{\"mq\":\"Mayrand CHEF\",\"nm\":\"Raisin thompson\",\"nme\":\"Thompson Raisin\",\"attr\":\"\",\"sku\":\"27845\",\"l2\":\"Noix et fruits secs\",\"sl\":\"raisin-thompson-mayrand-chef-27845\",\"sn\":\"raisins\",\"idxP\":90},{\"mq\":\"Mayrand CHEF\",\"nm\":\"Arachide espagnole r\u00F4tie sal\u00E9e\",\"nme\":\"Roasted Salted Spanish Peanut\",\"attr\":\"\",\"sku\":\"26494\",\"l2\":\"Noix et fruits secs\",\"sl\":\"arachide-espagnole-rotie-salee-mayrand-chef-26494\",\"sn\":\"\",\"idxP\":89},{\"mq\":\"Mayrand CHEF\",\"nm\":\"Arachide sucr\u00E9e\",\"nme\":\"Sweetened Peanut\",\"attr\":\"\",\"sku\":\"26499\",\"l2\":\"Noix et fruits secs\",\"sl\":\"arachide-sucree-mayrand-chef-26499\",\"sn\":\"\",\"idxP\":67},{\"mq\":\"Mayrand CHEF\",\"nm\":\"Arachide blanche r\u00F4tie sal\u00E9e\",\"nme\":\"Roasted Salted White Peanut\",\"attr\":\"\",\"sku\":\"26497\",\"l2\":\"Noix et fruits secs\",\"sl\":\"arachide-blanche-rotie-salee-mayrand-chef-26497\",\"sn\":\"\",\"idxP\":90},{\"mq\":\"Mayrand CHEF\",\"nm\":\"M\u00E9lange sentier\",\"nme\":\"Trail Mix\",\"attr\":\"\",\"sku\":\"26506\",\"l2\":\"Noix et fruits secs\",\"sl\":\"melange-sentier-mayrand-chef-26506\",\"sn\":\"\",\"idxP\":99},{\"mq\":\"Mayrand CHEF\",\"nm\":\"Arachide en \u00E9cale r\u00F4tie non sal\u00E9e\",\"nme\":\"Roasted Unsalted Inshell Peanut\",\"attr\":\"\",\"sku\":\"26509\",\"l2\":\"Noix et fruits secs\",\"sl\":\"arachide-en-ecale-rotie-non-salee-mayrand-chef-26509\",\"sn\":\"\",\"idxP\":58},{\"mq\":\"Mayrand CHEF\",\"nm\":\"Arachide r\u00F4tie non sal\u00E9e jumbo\",\"nme\":\"Jumbo Unsalted Roasted Peanut\",\"attr\":\"\",\"sku\":\"26496\",\"l2\":\"Noix et fruits secs\",\"sl\":\"arachide-rotie-non-salee-jumbo-mayrand-chef-26496\",\"sn\":\"\",\"idxP\":100},{\"mq\":\"Mayrand CHEF\",\"nm\":\"Croustille de ma\u00EFs avec graine de lin\",\"nme\":\"Salted Corn Chip with Flax Seed\",\"attr\":\"\",\"sku\":\"26502\",\"l2\":\"Noix et fruits secs\",\"sl\":\"croustille-de-mais-avec-graine-de-lin-mayrand-chef-26502\",\"sn\":\"croustille\",\"idxP\":90},{\"mq\":\"Mayrand CHEF\",\"nm\":\"Arachide \u00E9miett\u00E9e non sal\u00E9e\",\"nme\":\"Unsalted Crumbled Peanut\",\"attr\":\"\",\"sku\":\"26493\",\"l2\":\"Noix et fruits secs\",\"sl\":\"arachide-emiettee-non-salee-mayrand-chef-26493\",\"sn\":\"\",\"idxP\":52},{\"mq\":\"Mayrand CHEF\",\"nm\":\"M\u00E9lange des bois\",\"nme\":\"Mistral Mix\",\"attr\":\"\",\"sku\":\"26505\",\"l2\":\"Noix et fruits secs\",\"sl\":\"melange-des-bois-mayrand-chef-26505\",\"sn\":\"\",\"idxP\":85},{\"mq\":\"Mayrand CHEF\",\"nm\":\"Bretzel mini en coeur\",\"nme\":\"Mini Heart-Shaped Pretzel\",\"attr\":\"\",\"sku\":\"26507\",\"l2\":\"Noix et fruits secs\",\"sl\":\"bretzel-mini-en-coeur-mayrand-chef-26507\",\"sn\":\"\",\"idxP\":88},{\"mq\":\"Mayrand CHEF\",\"nm\":\"B\u00E2tonnet de s\u00E9same\",\"nme\":\"Sesame Stick\",\"attr\":\"\",\"sku\":\"26508\",\"l2\":\"Noix et fruits secs\",\"sl\":\"batonnet-de-sesame-mayrand-chef-26508\",\"sn\":\"\",\"idxP\":99},{\"mq\":\"Mayrand CHEF\",\"nm\":\"Ma\u00EFs \u00E0 \u00E9clater\",\"nme\":\"Popcorn\",\"attr\":\"\",\"sku\":\"26501\",\"l2\":\"Noix et fruits secs\",\"sl\":\"mais-a-eclater-mayrand-chef-26501\",\"sn\":\"\",\"idxP\":71},{\"mq\":\"Mayrand CHEF\",\"nm\":\"M\u00E9lange de noix et arachides r\u00F4ties sal\u00E9es\",\"nme\":\"Salted Roasted Nuts and Peanuts Mix\",\"attr\":\"\",\"sku\":\"26553\",\"l2\":\"Noix et fruits secs\",\"sl\":\"melange-de-noix-et-arachides-roties-salees-mayrand-chef-26553\",\"sn\":\"\",\"idxP\":66},{\"mq\":\"Mayrand CHEF\",\"nm\":\"Banane s\u00E9ch\u00E9e tranch\u00E9e\",\"nme\":\"Sliced Dried Banana\",\"attr\":\"\",\"sku\":\"26500\",\"l2\":\"Noix et fruits secs\",\"sl\":\"banane-sechee-tranchee-mayrand-chef-26500\",\"sn\":\"ananas, bananes\",\"idxP\":85},{\"mq\":\"Mayrand CHEF\",\"nm\":\"M\u00E9lange californien\",\"nme\":\"Californian Mix\",\"attr\":\"\",\"sku\":\"26503\",\"l2\":\"Noix et fruits secs\",\"sl\":\"melange-californien-mayrand-chef-26503\",\"sn\":\"\",\"idxP\":84},{\"mq\":\"Mayrand CHEF\",\"nm\":\"Arachide sal\u00E9e r\u00F4tie jumbo\",\"nme\":\"Jumbo Salted Roasted Peanut\",\"attr\":\"\",\"sku\":\"26498\",\"l2\":\"Noix et fruits secs\",\"sl\":\"arachide-salee-rotie-jumbo-mayrand-chef-26498\",\"sn\":\"\",\"idxP\":85},{\"mq\":\"Mayrand CHEF\",\"nm\":\"Amande enrob\u00E9e de chocolat au lait\",\"nme\":\"Milk Chocolate Coated Almond\",\"attr\":\"\",\"sku\":\"26511\",\"l2\":\"Noix et fruits secs\",\"sl\":\"amande-enrobee-de-chocolat-au-lait-mayrand-chef-26511\",\"sn\":\"amandes\",\"idxP\":70},{\"mq\":\"Mayrand CHEF\",\"nm\":\"M\u00E9lange noix de luxe sal\u00E9es\",\"nme\":\"Salted Deluxe Nuts Mix\",\"attr\":\"\",\"sku\":\"26504\",\"l2\":\"Noix et fruits secs\",\"sl\":\"melange-noix-de-luxe-salees-mayrand-chef-26504\",\"sn\":\"\",\"idxP\":87},{\"mq\":\"Mayrand CHEF\",\"nm\":\"Raisin enrob\u00E9 de chocolat au lait\",\"nme\":\"Milk Chocolate Coated Raisin\",\"attr\":\"\",\"sku\":\"26550\",\"l2\":\"Noix et fruits secs\",\"sl\":\"raisin-enrobe-de-chocolat-au-lait-mayrand-chef-26550\",\"sn\":\"raisins\",\"idxP\":74},{\"mq\":\"Mayrand CHEF\",\"nm\":\"Pistache r\u00F4tie non sal\u00E9e\",\"nme\":\"Unsalted Roasted Pistachio\",\"attr\":\"\",\"sku\":\"26560\",\"l2\":\"Noix et fruits secs\",\"sl\":\"pistache-rotie-non-salee-mayrand-chef-26560\",\"sn\":\"\",\"idxP\":86},{\"mq\":\"Mayrand CHEF\",\"nm\":\"Noix de cajou r\u00F4tie sal\u00E9e\",\"nme\":\"Roasted Salted Cashew\",\"attr\":\"\",\"sku\":\"26491\",\"l2\":\"Noix et fruits secs\",\"sl\":\"noix-de-cajou-rotie-salee-mayrand-chef-26491\",\"sn\":\"\",\"idxP\":100},{\"mq\":\"Mayrand CHEF\",\"nm\":\"Pistache r\u00F4tie sal\u00E9e\",\"nme\":\"Salted Roasted Pistachio\",\"attr\":\"\",\"sku\":\"26561\",\"l2\":\"Noix et fruits secs\",\"sl\":\"pistache-rotie-salee-mayrand-chef-26561\",\"sn\":\"\",\"idxP\":89},{\"mq\":\"Mayrand CHEF\",\"nm\":\"M\u00E9lange de noix et arachides non sal\u00E9es\",\"nme\":\"Unsalted Nuts and Peanuts Mix\",\"attr\":\"\",\"sku\":\"26551\",\"l2\":\"Noix et fruits secs\",\"sl\":\"melange-de-noix-et-arachides-non-salees-mayrand-chef-26551\",\"sn\":\"\",\"idxP\":66},{\"mq\":\"Mayrand CHEF\",\"nm\":\"Amande naturelle enti\u00E8re\",\"nme\":\"Whole Natural Almond\",\"attr\":\"\",\"sku\":\"27802\",\"l2\":\"Noix et fruits secs\",\"sl\":\"amande-naturelle-entiere-mayrand-chef-27802\",\"sn\":\"amandes\",\"idxP\":100},{\"mq\":\"Mayrand CHEF\",\"nm\":\"Amande naturelle moulue\",\"nme\":\"Natural Ground Almond\",\"attr\":\"\",\"sku\":\"27809\",\"l2\":\"Noix et fruits secs\",\"sl\":\"amande-naturelle-moulue-mayrand-chef-27809\",\"sn\":\"amandes\",\"idxP\":51},{\"mq\":\"Mayrand CHEF\",\"nm\":\"Noix de Grenoble en morceaux\",\"nme\":\"Walnut Pieces\",\"attr\":\"\",\"sku\":\"27817\",\"l2\":\"Noix et fruits secs\",\"sl\":\"noix-de-grenoble-en-morceaux-mayrand-chef-27817\",\"sn\":\"\",\"idxP\":97},{\"mq\":\"Mayrand CHEF\",\"nm\":\"Aveline blanche enti\u00E8re\",\"nme\":\"Whole White Hazelnut\",\"attr\":\"\",\"sku\":\"27812\",\"l2\":\"Noix et fruits secs\",\"sl\":\"aveline-blanche-entiere-mayrand-chef-27812\",\"sn\":\"\",\"idxP\":78},{\"mq\":\"Mayrand CHEF\",\"nm\":\"Noix de Grenoble demies\",\"nme\":\"Walnut Halves\",\"attr\":\"\",\"sku\":\"27818\",\"l2\":\"Noix et fruits secs\",\"sl\":\"noix-de-grenoble-demies-mayrand-chef-27818\",\"sn\":\"\",\"idxP\":100},{\"mq\":\"Mayrand CHEF\",\"nm\":\"Graine de chia noire\",\"nme\":\"Black Chia Seed\",\"attr\":\"Sans gluten\",\"sku\":\"27821\",\"l2\":\"Noix et fruits secs\",\"sl\":\"graine-de-chia-noire-mayrand-chef-27821\",\"sn\":\"\",\"idxP\":82},{\"mq\":\"Mayrand CHEF\",\"nm\":\"Aveline nature \u00E9cal\u00E9e\",\"nme\":\"Natural Shelled Hazelnut\",\"attr\":\"\",\"sku\":\"27813\",\"l2\":\"Noix et fruits secs\",\"sl\":\"aveline-nature-ecalee-mayrand-chef-27813\",\"sn\":\"\",\"idxP\":84},{\"mq\":\"Mayrand CHEF\",\"nm\":\"Graine de lin dor\u00E9\",\"nme\":\"Golden Flax Seed\",\"attr\":\"\",\"sku\":\"27823\",\"l2\":\"Noix et fruits secs\",\"sl\":\"graine-de-lin-dore-mayrand-chef-27823\",\"sn\":\"\",\"idxP\":53},{\"mq\":\"Mayrand CHEF\",\"nm\":\"Amande blanche moulue\",\"nme\":\"White Ground Almond\",\"attr\":\"\",\"sku\":\"27807\",\"l2\":\"Noix et fruits secs\",\"sl\":\"amande-blanche-moulue-mayrand-chef-27807\",\"sn\":\"amandes\",\"idxP\":76},{\"mq\":\"Mayrand CHEF\",\"nm\":\"Noix de Grenoble \u00E9cal\u00E9e crue\",\"nme\":\"Raw Shelled Walnut\",\"attr\":\"\",\"sku\":\"27815\",\"l2\":\"Noix et fruits secs\",\"sl\":\"noix-de-grenoble-ecalee-crue-mayrand-chef-27815\",\"sn\":\"\",\"idxP\":99},{\"mq\":\"Mayrand CHEF\",\"nm\":\"Mangue s\u00E9ch\u00E9e tranch\u00E9e\",\"nme\":\"Sliced Dried Mango\",\"attr\":\"\",\"sku\":\"27853\",\"l2\":\"Noix et fruits secs\",\"sl\":\"mangue-sechee-tranchee-mayrand-chef-27853\",\"sn\":\"mangues\",\"idxP\":82},{\"mq\":\"Mayrand CHEF\",\"nm\":\"Graine de citrouille en \u00E9cale\",\"nme\":\"Inshell Pumpkin Seed\",\"attr\":\"\",\"sku\":\"27819\",\"l2\":\"Noix et fruits secs\",\"sl\":\"graine-de-citrouille-en-ecale-mayrand-chef-27819\",\"sn\":\"\",\"idxP\":73},{\"mq\":\"Mayrand CHEF\",\"nm\":\"Graine de lin moulue\",\"nme\":\"Ground Flax Seed\",\"attr\":\"\",\"sku\":\"27824\",\"l2\":\"Noix et fruits secs\",\"sl\":\"graine-de-lin-moulue-mayrand-chef-27824\",\"sn\":\"\",\"idxP\":91},{\"mq\":\"Mayrand CHEF\",\"nm\":\"Amande blanche tranch\u00E9e\",\"nme\":\"White Sliced Almond\",\"attr\":\"\",\"sku\":\"27808\",\"l2\":\"Noix et fruits secs\",\"sl\":\"amande-blanche-tranchee-mayrand-chef-27808\",\"sn\":\"amandes\",\"idxP\":90},{\"mq\":\"Mayrand CHEF\",\"nm\":\"Graine de lin\",\"nme\":\"Flax Seed\",\"attr\":\"\",\"sku\":\"27822\",\"l2\":\"Noix et fruits secs\",\"sl\":\"graine-de-lin-mayrand-chef-27822\",\"sn\":\"\",\"idxP\":100},{\"mq\":\"Mayrand CHEF\",\"nm\":\"Gingembre cristallis\u00E9 tranch\u00E9\",\"nme\":\"Crystallized Sliced Ginger\",\"attr\":\"\",\"sku\":\"27852\",\"l2\":\"Noix et fruits secs\",\"sl\":\"gingembre-cristallise-tranche-mayrand-chef-27852\",\"sn\":\"\",\"idxP\":65},{\"mq\":\"Mayrand CHEF\",\"nm\":\"Graine de millet crue\",\"nme\":\"Raw Millet Seed\",\"attr\":\"\",\"sku\":\"27825\",\"l2\":\"Noix et fruits secs\",\"sl\":\"graine-de-millet-crue-mayrand-chef-27825\",\"sn\":\"\",\"idxP\":42},{\"mq\":\"Mayrand CHEF\",\"nm\":\"M\u00E9lange de fruits glac\u00E9s en d\u00E9s\",\"nme\":\"Diced Glazed Fruit Mix\",\"attr\":\"\",\"sku\":\"27858\",\"l2\":\"Noix et fruits secs\",\"sl\":\"melange-de-fruits-glaces-en-des-mayrand-chef-27858\",\"sn\":\"\",\"idxP\":96},{\"mq\":\"Mayrand CHEF\",\"nm\":\"Cerise verte glac\u00E9e\",\"nme\":\"Glazed Green Cherry\",\"attr\":\"\",\"sku\":\"27857\",\"l2\":\"Noix et fruits secs\",\"sl\":\"cerise-verte-glacee-mayrand-chef-27857\",\"sn\":\"\",\"idxP\":49},{\"mq\":\"Mayrand CHEF\",\"nm\":\"Cerise rouge glac\u00E9e\",\"nme\":\"Glazed Red Cherry\",\"attr\":\"\",\"sku\":\"27856\",\"l2\":\"Noix et fruits secs\",\"sl\":\"cerise-rouge-glacee-mayrand-chef-27856\",\"sn\":\"\",\"idxP\":65},{\"mq\":\"Mayrand CHEF\",\"nm\":\"Graine de citrouille \u00E9cal\u00E9e crue\",\"nme\":\"Raw Shelled Pumpkin Seed\",\"attr\":\"\",\"sku\":\"27820\",\"l2\":\"Noix et fruits secs\",\"sl\":\"graine-de-citrouille-ecalee-crue-mayrand-chef-27820\",\"sn\":\"\",\"idxP\":98},{\"mq\":\"Mayrand CHEF\",\"nm\":\"Caroube brisure\",\"nme\":\"Carob Chip\",\"attr\":\"\",\"sku\":\"27854\",\"l2\":\"Noix et fruits secs\",\"sl\":\"caroube-brisure-mayrand-chef-27854\",\"sn\":\"croustille\",\"idxP\":50},{\"mq\":\"Mayrand CHEF\",\"nm\":\"Chocolat compos\u00E9 brisure\",\"nme\":\"Chocolate Flavored Chip\",\"attr\":\"\",\"sku\":\"27855\",\"l2\":\"Noix et fruits secs\",\"sl\":\"chocolat-compose-brisure-mayrand-chef-27855\",\"sn\":\"croustille\",\"idxP\":87},{\"mq\":\"Mayrand CHEF\",\"nm\":\"Amande blanche enti\u00E8re\",\"nme\":\"Unsalted Roasted Almond\",\"attr\":\"\",\"sku\":\"27805\",\"l2\":\"Noix et fruits secs\",\"sl\":\"amande-blanche-entiere-mayrand-chef-27805\",\"sn\":\"amandes\",\"idxP\":83},{\"nm\":\"Patate blanche\",\"nme\":\"White Potato\",\"attr\":\"Produit local\",\"sku\":\"05219\",\"l2\":\"L\u00E9gumes\",\"sl\":\"patate-blanche-05219\",\"sn\":\"pommes\",\"idxP\":100},{\"mq\":\"Frutas\",\"nm\":\"Croustilles de plantain \u00E9pic\u00E9es\",\"nme\":\"Spicy Plantain Chips\",\"attr\":\"\",\"sku\":\"17377\",\"l2\":\"Autre\",\"sl\":\"croustilles-de-plantain-epicees-frutas-17377\",\"sn\":\"croustille\",\"idxP\":100},{\"mq\":\"Frutas\",\"nm\":\"Croustilles de plantain sal\u00E9es\",\"nme\":\"Salted Plantain Chips\",\"attr\":\"\",\"sku\":\"17376\",\"l2\":\"Autre\",\"sl\":\"croustilles-de-plantain-salees-frutas-17376\",\"sn\":\"croustille\",\"idxP\":100},{\"nm\":\"Brocoli x2\",\"nme\":\"Broccoli x2\",\"attr\":\"Produit local\",\"sku\":\"04060\",\"l2\":\"L\u00E9gumes\",\"sl\":\"brocoli-x2-04060\",\"sn\":\"\",\"idxP\":100},{\"mq\":\"Morrison farms\",\"nm\":\"Ma\u00EFs \u00E0 \u00E9clater\",\"nme\":\"Pop Corn\",\"attr\":\"\",\"sku\":\"10193\",\"l2\":\"Noix et fruits secs\",\"sl\":\"mais-a-eclater-morrison-farms-10193\",\"sn\":\"\",\"idxP\":28},{\"nm\":\"Asperge\",\"nme\":\"Asparagus\",\"attr\":\"\",\"sku\":\"04080\",\"l2\":\"L\u00E9gumes\",\"sl\":\"asperge-04080\",\"sn\":\"\",\"idxP\":51},{\"mq\":\"Balsa\u00EF\",\"nm\":\"Ail noir biologique bulbe\",\"nme\":\"Organic Black Garlic Bulb\",\"attr\":\"Biologique, Aliment du Qu\u00E9bec, Produit local\",\"sku\":\"27580\",\"l2\":\"L\u00E9gumes\",\"sl\":\"ail-noir-biologique-bulbe-balsai-27580\",\"sn\":\"biologique, bio, organic, organique\",\"idxP\":21},{\"mq\":\"Balsa\u00EF\",\"nm\":\"Ail noir biologique p\u00E2te\",\"nme\":\"Organic Black Garlic Paste\",\"attr\":\"Biologique, Aliment du Qu\u00E9bec, Produit local\",\"sku\":\"27579\",\"l2\":\"L\u00E9gumes\",\"sl\":\"ail-noir-biologique-pate-balsai-27579\",\"sn\":\"biologique, bio, organic, organique\",\"idxP\":25},{\"mq\":\"Attitude\",\"nm\":\"\u00C9chalote fran\u00E7aise\",\"nme\":\"Dry Shallot\",\"attr\":\"Aliment du Qu\u00E9bec, Produit local\",\"sku\":\"52710\",\"l2\":\"L\u00E9gumes\",\"sl\":\"echalote-francaise-attitude-52710\",\"sn\":\"\",\"idxP\":100},{\"mq\":\"Renato\",\"nm\":\"Pesto aux tomates s\u00E9ch\u00E9es\",\"nme\":\"Dried Tomatoes Pesto\",\"attr\":\"\",\"sku\":\"13998\",\"l2\":\"Fines herbes et vinaigrette\",\"sl\":\"pesto-aux-tomates-sechees-renato-13998\",\"sn\":\"tomates\",\"idxP\":24},{\"mq\":\"Renato\",\"nm\":\"Pesto au basilic frais\",\"nme\":\"Fresh Basil Pesto\",\"attr\":\"Produit local\",\"sku\":\"49289\",\"l2\":\"Fines herbes et vinaigrette\",\"sl\":\"pesto-au-basilic-frais-renato-49289\",\"sn\":\"\",\"idxP\":63},{\"nm\":\"Tomate italienne\",\"nme\":\"Italian Tomato\",\"attr\":\"\",\"sku\":\"09278\",\"l2\":\"L\u00E9gumes\",\"sl\":\"tomate-italienne-09278\",\"sn\":\"tomates\",\"idxP\":73},{\"nm\":\"Carotte\",\"nme\":\"Carrot\",\"attr\":\"Produit local\",\"sku\":\"26943\",\"l2\":\"L\u00E9gumes\",\"sl\":\"carotte-26943\",\"sn\":\"carottes\",\"idxP\":100},{\"nm\":\"Laitue boston duo\",\"nme\":\"Boston Lettuce Duo\",\"attr\":\"Aliment du Qu\u00E9bec, Produit local\",\"sku\":\"80044\",\"l2\":\"L\u00E9gumes\",\"sl\":\"laitue-boston-duo-80044\",\"sn\":\"\",\"idxP\":74},{\"nm\":\"Champignon blanc entier\",\"nme\":\"Whole White Mushroom\",\"attr\":\"\",\"sku\":\"15305\",\"l2\":\"L\u00E9gumes\",\"sl\":\"champignon-blanc-entier-15305\",\"sn\":\"\",\"idxP\":100},{\"nm\":\"Poivron vert\",\"nme\":\"Green Bell Pepper\",\"attr\":\"\",\"sku\":\"40792\",\"l2\":\"L\u00E9gumes\",\"sl\":\"poivron-vert-40792\",\"sn\":\"\",\"idxP\":65},{\"nm\":\"Carambole\",\"nme\":\"Starfruit\",\"attr\":\"\",\"sku\":\"04256\",\"l2\":\"Fruits\",\"sl\":\"carambole-04256\",\"sn\":\"\",\"idxP\":1},{\"nm\":\"Laitue iceberg\",\"nme\":\"Iceberg Lettuces\",\"attr\":\"\",\"sku\":\"04061\",\"l2\":\"L\u00E9gumes\",\"sl\":\"laitue-iceberg-04061\",\"sn\":\"\",\"idxP\":100},{\"mq\":\"D\u00E9lices de la For\u00EAt\",\"nm\":\"Tomate s\u00E9ch\u00E9e\",\"nme\":\"Dried Tomato\",\"attr\":\"\",\"sku\":\"40671\",\"l2\":\"Noix et fruits secs\",\"sl\":\"tomate-sechee-delices-de-la-foret-40671\",\"sn\":\"tomates\",\"idxP\":71},{\"mq\":\"Mayrand CHEF\",\"nm\":\"Chocolat blanc pastille\",\"nme\":\"White Chocolate Chip\",\"attr\":\"\",\"sku\":\"28219\",\"l2\":\"Noix et fruits secs\",\"sl\":\"chocolat-blanc-pastille-mayrand-chef-28219\",\"sn\":\"\",\"idxP\":92},{\"mq\":\"Mayrand CHEF\",\"nm\":\"Chocolat noir pastille\",\"nme\":\"Dark Chocolate Chip\",\"attr\":\"\",\"sku\":\"28222\",\"l2\":\"Noix et fruits secs\",\"sl\":\"chocolat-noir-pastille-mayrand-chef-28222\",\"sn\":\"\",\"idxP\":98},{\"mq\":\"Mayrand CHEF\",\"nm\":\"Chocolat au lait pastille\",\"nme\":\"Milk Chocolate Chip\",\"attr\":\"\",\"sku\":\"28220\",\"l2\":\"Noix et fruits secs\",\"sl\":\"chocolat-au-lait-pastille-mayrand-chef-28220\",\"sn\":\"\",\"idxP\":100},{\"nm\":\"Cantaloup\",\"nme\":\"Cantaloupe\",\"attr\":\"\",\"sku\":\"04050\",\"l2\":\"Fruits\",\"sl\":\"cantaloup-04050\",\"sn\":\"\",\"idxP\":96},{\"nm\":\"Chou-fleur\",\"nme\":\"Cauliflower\",\"attr\":\"\",\"sku\":\"04079\",\"l2\":\"L\u00E9gumes\",\"sl\":\"chou-fleur-04079\",\"sn\":\"\",\"idxP\":100},{\"nm\":\"Oignon jaune\",\"nme\":\"Yellow Onion\",\"attr\":\"\",\"sku\":\"04667\",\"l2\":\"L\u00E9gumes\",\"sl\":\"oignon-jaune-04667\",\"sn\":\"onions, oignons\",\"idxP\":91},{\"nm\":\"Graine de chia noir\",\"nme\":\"Black chia seed\",\"attr\":\"Sans gluten\",\"sku\":\"37840\",\"l2\":\"Noix et fruits secs\",\"sl\":\"graine-de-chia-noir-37840\",\"sn\":\"\",\"idxP\":0},{\"nm\":\"Tomate italienne\",\"nme\":\"Italian tomato\",\"attr\":\"\",\"sku\":\"04087\",\"l2\":\"L\u00E9gumes\",\"sl\":\"tomate-italienne-04087\",\"sn\":\"tomates\",\"idxP\":-123},{\"nm\":\"Graine de s\u00E9same blanche crue\",\"nme\":\"White seed sesame\",\"attr\":\"\",\"sku\":\"23550\",\"l2\":\"Noix et fruits secs\",\"sl\":\"graine-de-sesame-blanche-crue-23550\",\"sn\":\"\",\"idxP\":0},{\"nm\":\"Fruit du dragon\",\"nme\":\"Dragonfruit\",\"attr\":\"\",\"sku\":\"03040\",\"l2\":\"Fruits\",\"sl\":\"fruit-du-dragon-03040\",\"sn\":\"\",\"idxP\":73},{\"nm\":\"Laitue arcadienne\",\"nme\":\"Arcadian Lettuce\",\"attr\":\"\",\"sku\":\"80045\",\"l2\":\"L\u00E9gumes\",\"sl\":\"laitue-arcadienne-80045\",\"sn\":\"\",\"idxP\":94},{\"nm\":\"Oignon vert x3\",\"nme\":\"Green Onion x3\",\"attr\":\"\",\"sku\":\"80009\",\"l2\":\"L\u00E9gumes\",\"sl\":\"oignon-vert-x3-80009\",\"sn\":\"onions, oignons\",\"idxP\":-15},{\"nm\":\"Pain de sucre d'\u00E9rable du Qu\u00E9bec\",\"nme\":\"Quebec Maple Sugar Block\",\"attr\":\"Produit local\",\"sku\":\"40196\",\"l2\":\"Autre\",\"sl\":\"pain-de-sucre-derable-du-quebec-40196\",\"sn\":\"\",\"idxP\":4},{\"nm\":\"Popcorn au sirop d'\u00E9rable du Qu\u00E9bec\",\"nme\":\"Quebec Maple Syrup Popcorn\",\"attr\":\"Produit local\",\"sku\":\"40208\",\"l2\":\"Autre\",\"sl\":\"popcorn-au-sirop-derable-du-quebec-40208\",\"sn\":\"\",\"idxP\":9},{\"nm\":\"Barbe \u00E0 papa \u00E0 l'\u00E9rable du Qu\u00E9bec\",\"nme\":\"Quebec Maple Cotton Candy\",\"attr\":\"Produit local\",\"sku\":\"40209\",\"l2\":\"Autre\",\"sl\":\"barbe-a-papa-a-lerable-du-quebec-40209\",\"sn\":\"\",\"idxP\":49},{\"nm\":\"Caramel \u00E0 l'\u00E9rable et fleur de sel du Qu\u00E9bec\",\"nme\":\"Quebec Maple Taffy and Salt Flower\",\"attr\":\"Produit local\",\"sku\":\"40195\",\"l2\":\"Autre\",\"sl\":\"caramel-a-lerable-et-fleur-de-sel-du-quebec-40195\",\"sn\":\"\",\"idxP\":11},{\"nm\":\"Bonbon \u00E0 la tire d'\u00E9rable du Qu\u00E9bec\",\"nme\":\"Quebec Maple Taffy Candy\",\"attr\":\"Produit local\",\"sku\":\"40206\",\"l2\":\"Autre\",\"sl\":\"bonbon-a-la-tire-derable-du-quebec-40206\",\"sn\":\"\",\"idxP\":31},{\"nm\":\"Beurre d'\u00E9rable du Qu\u00E9bec\",\"nme\":\"Quebec Maple Butter\",\"attr\":\"Produit local\",\"sku\":\"40197\",\"l2\":\"Autre\",\"sl\":\"beurre-derable-du-quebec-40197\",\"sn\":\"\",\"idxP\":67},{\"nm\":\"Vinaigrette sucr\u00E9e \u00E0 l'\u00E9rable du Qu\u00E9bec\",\"nme\":\"Quebec Sweet Maple Vinaigrette\",\"attr\":\"Produit local\",\"sku\":\"40199\",\"l2\":\"Autre\",\"sl\":\"vinaigrette-sucree-a-lerable-du-quebec-40199\",\"sn\":\"\",\"idxP\":6},{\"nm\":\"Tire d'\u00E9rable du Qu\u00E9bec\",\"nme\":\"Quebec Maple Taffy\",\"attr\":\"\",\"sku\":\"40192\",\"l2\":\"Autre\",\"sl\":\"tire-derable-du-quebec-40192\",\"sn\":\"\",\"idxP\":45},{\"nm\":\"Alo\u00E8s\",\"nme\":\"Aloe Vera\",\"attr\":\"\",\"sku\":\"03064\",\"l2\":\"L\u00E9gumes\",\"sl\":\"aloes-03064\",\"sn\":\"\",\"idxP\":7},{\"nm\":\"Papaye\",\"nme\":\"Papaya\",\"attr\":\"\",\"sku\":\"03111\",\"l2\":\"Fruits\",\"sl\":\"papaye-03111\",\"sn\":\"\",\"idxP\":76},{\"nm\":\"Betterave jaune\",\"nme\":\"Yellow Beet\",\"attr\":\"Produit local\",\"sku\":\"03273\",\"l2\":\"L\u00E9gumes\",\"sl\":\"betterave-jaune-03273\",\"sn\":\"\",\"idxP\":71},{\"nm\":\"Ail tress\u00E9\",\"nme\":\"Braided Garlic\",\"attr\":\"\",\"sku\":\"03052\",\"l2\":\"L\u00E9gumes\",\"sl\":\"ail-tresse-03052\",\"sn\":\"\",\"idxP\":100},{\"nm\":\"Orange navel\",\"nme\":\"Navel Orange\",\"attr\":\"\",\"sku\":\"04012\",\"l2\":\"Fruits\",\"sl\":\"orange-navel-04012\",\"sn\":\"\",\"idxP\":76},{\"nm\":\"Kiwi\",\"nme\":\"Kiwi\",\"attr\":\"\",\"sku\":\"04030\",\"l2\":\"Fruits\",\"sl\":\"kiwi-04030\",\"sn\":\"\",\"idxP\":100},{\"nm\":\"Melon d'eau\",\"nme\":\"Watermelon\",\"attr\":\"\",\"sku\":\"04032\",\"l2\":\"Fruits\",\"sl\":\"melon-deau-04032\",\"sn\":\"\",\"idxP\":67},{\"nm\":\"Framboise\",\"nme\":\"Raspberry\",\"attr\":\"\",\"sku\":\"04054\",\"l2\":\"Fruits\",\"sl\":\"framboise-04054\",\"sn\":\"framboises\",\"idxP\":100},{\"nm\":\"Fraise\",\"nme\":\"Strawberry\",\"attr\":\"\",\"sku\":\"04028\",\"l2\":\"Fruits\",\"sl\":\"fraise-04028\",\"sn\":\"fraises\",\"idxP\":100},{\"nm\":\"Patate douce orange\",\"nme\":\"Orange Sweet Potato\",\"attr\":\"\",\"sku\":\"04091\",\"l2\":\"L\u00E9gumes\",\"sl\":\"patate-douce-orange-04091\",\"sn\":\"patates\",\"idxP\":30},{\"nm\":\"P\u00EAche\",\"nme\":\"Peach\",\"attr\":\"\",\"sku\":\"04038\",\"l2\":\"Fruits\",\"sl\":\"peche-04038\",\"sn\":\"\",\"idxP\":27},{\"nm\":\"C\u00E9leri\",\"nme\":\"Celery\",\"attr\":\"\",\"sku\":\"04070\",\"l2\":\"L\u00E9gumes\",\"sl\":\"celeri-04070\",\"sn\":\"\",\"idxP\":100},{\"nm\":\"M\u00FBre\",\"nme\":\"Blackberry\",\"attr\":\"\",\"sku\":\"04239\",\"l2\":\"Fruits\",\"sl\":\"mure-04239\",\"sn\":\"\",\"idxP\":100},{\"nm\":\"Fruit de la passion\",\"nme\":\"Passion Fruit\",\"attr\":\"\",\"sku\":\"03312\",\"l2\":\"Fruits\",\"sl\":\"fruit-de-la-passion-03312\",\"sn\":\"\",\"idxP\":72},{\"nm\":\"Bleuet\",\"nme\":\"Blueberry\",\"attr\":\"\",\"sku\":\"04240\",\"l2\":\"Fruits\",\"sl\":\"bleuet-04240\",\"sn\":\"\",\"idxP\":95},{\"nm\":\"Laitue feuille verte\",\"nme\":\"Green Leaf Lettuce\",\"attr\":\"\",\"sku\":\"04076\",\"l2\":\"L\u00E9gumes\",\"sl\":\"laitue-feuille-verte-04076\",\"sn\":\"\",\"idxP\":91},{\"nm\":\"Cerise de terre\",\"nme\":\"Physalis\",\"attr\":\"\",\"sku\":\"04259\",\"l2\":\"Fruits\",\"sl\":\"cerise-de-terre-04259\",\"sn\":\"\",\"idxP\":81},{\"nm\":\"Anis\",\"nme\":\"Anise\",\"attr\":\"\",\"sku\":\"04515\",\"l2\":\"L\u00E9gumes\",\"sl\":\"anis-04515\",\"sn\":\"\",\"idxP\":85},{\"nm\":\"Rapini\",\"nme\":\"Rapini\",\"attr\":\"\",\"sku\":\"04547\",\"l2\":\"L\u00E9gumes\",\"sl\":\"rapini-04547\",\"sn\":\"\",\"idxP\":62},{\"nm\":\"F\u00E8ve germ\u00E9e\",\"nme\":\"Bean Sprout\",\"attr\":\"\",\"sku\":\"04536\",\"l2\":\"L\u00E9gumes\",\"sl\":\"feve-germee-04536\",\"sn\":\"\",\"idxP\":78},{\"nm\":\"Concombre anglais\",\"nme\":\"English Cucumber\",\"attr\":\"\",\"sku\":\"04593\",\"l2\":\"L\u00E9gumes\",\"sl\":\"concombre-anglais-04593\",\"sn\":\"concombres\",\"idxP\":100},{\"nm\":\"Gingembre racine\",\"nme\":\"Fresh Ginger\",\"attr\":\"\",\"sku\":\"04612\",\"l2\":\"L\u00E9gumes\",\"sl\":\"gingembre-racine-04612\",\"sn\":\"\",\"idxP\":66},{\"nm\":\"F\u00E8ve jaune\",\"nme\":\"Yellow Bean\",\"attr\":\"\",\"sku\":\"04533\",\"l2\":\"L\u00E9gumes\",\"sl\":\"feve-jaune-04533\",\"sn\":\"\",\"idxP\":26},{\"nm\":\"Tomate vigne rouge\",\"nme\":\"Red Vine Tomato\",\"attr\":\"\",\"sku\":\"04664\",\"l2\":\"L\u00E9gumes\",\"sl\":\"tomate-vigne-rouge-04664\",\"sn\":\"tomates\",\"idxP\":-154},{\"nm\":\"Pamplemousse rouge\",\"nme\":\"Red Grapefruit\",\"attr\":\"\",\"sku\":\"04288\",\"l2\":\"Fruits\",\"sl\":\"pamplemousse-rouge-04288\",\"sn\":\"\",\"idxP\":100},{\"nm\":\"Courge butternut\",\"nme\":\"Butternut Squash\",\"attr\":\"\",\"sku\":\"04759\",\"l2\":\"L\u00E9gumes\",\"sl\":\"courge-butternut-04759\",\"sn\":\"courges\",\"idxP\":1},{\"nm\":\"Champignon pleurote frais\",\"nme\":\"Fresh Oyster Mushroom\",\"attr\":\"\",\"sku\":\"04649\",\"l2\":\"L\u00E9gumes\",\"sl\":\"champignon-pleurote-frais-04649\",\"sn\":\"\",\"idxP\":29},{\"nm\":\"Tomate rouge de serre\",\"nme\":\"Greenhouse Red Tomato\",\"attr\":\"Produit local\",\"sku\":\"04799\",\"l2\":\"L\u00E9gumes\",\"sl\":\"tomate-rouge-de-serre-04799\",\"sn\":\"tomates\",\"idxP\":-51},{\"nm\":\"Bok choy shangai\",\"nme\":\"Baby Bok Choy\",\"attr\":\"\",\"sku\":\"04544\",\"l2\":\"L\u00E9gumes\",\"sl\":\"bok-choy-shangai-04544\",\"sn\":\"\",\"idxP\":72},{\"nm\":\"Courge buttercup\",\"nme\":\"Buttercup Squash\",\"attr\":\"\",\"sku\":\"04769\",\"l2\":\"L\u00E9gumes\",\"sl\":\"courge-buttercup-04769\",\"sn\":\"courges\",\"idxP\":29},{\"nm\":\"Piment fort jalapeno\",\"nme\":\"Jalapeno Pepper\",\"attr\":\"\",\"sku\":\"04693\",\"l2\":\"L\u00E9gumes\",\"sl\":\"piment-fort-jalapeno-04693\",\"sn\":\"piments\",\"idxP\":68},{\"nm\":\"Piment fort habanero\",\"nme\":\"Habanero Pepper\",\"attr\":\"\",\"sku\":\"04710\",\"l2\":\"L\u00E9gumes\",\"sl\":\"piment-fort-habanero-04710\",\"sn\":\"piments\",\"idxP\":19},{\"nm\":\"Courge spaghetti\",\"nme\":\"Spaghetti Squash\",\"attr\":\"\",\"sku\":\"04776\",\"l2\":\"L\u00E9gumes\",\"sl\":\"courge-spaghetti-04776\",\"sn\":\"courges\",\"idxP\":58},{\"nm\":\"Champignon blanc\",\"nme\":\"White Mushroom\",\"attr\":\"\",\"sku\":\"04645\",\"l2\":\"L\u00E9gumes\",\"sl\":\"champignon-blanc-04645\",\"sn\":\"\",\"idxP\":73},{\"nm\":\"Okra\",\"nme\":\"Okra\",\"attr\":\"\",\"sku\":\"04655\",\"l2\":\"L\u00E9gumes\",\"sl\":\"okra-04655\",\"sn\":\"\",\"idxP\":15},{\"nm\":\"Piment fort poblano\",\"nme\":\"Poblano Pepper\",\"attr\":\"\",\"sku\":\"04705\",\"l2\":\"L\u00E9gumes\",\"sl\":\"piment-fort-poblano-04705\",\"sn\":\"piments\",\"idxP\":17},{\"nm\":\"Courgette blanche\",\"nme\":\"White Zucchini\",\"attr\":\"\",\"sku\":\"04785\",\"l2\":\"L\u00E9gumes\",\"sl\":\"courgette-blanche-04785\",\"sn\":\"courges, courgettes\",\"idxP\":69},{\"nm\":\"Navet\",\"nme\":\"Turnip\",\"attr\":\"\",\"sku\":\"04747\",\"l2\":\"L\u00E9gumes\",\"sl\":\"navet-04747\",\"sn\":\"\",\"idxP\":30},{\"nm\":\"Betterave\",\"nme\":\"Beet\",\"attr\":\"Produit local\",\"sku\":\"04965\",\"l2\":\"L\u00E9gumes\",\"sl\":\"betterave-04965\",\"sn\":\"\",\"idxP\":72},{\"nm\":\"Chayotte\",\"nme\":\"Chayote\",\"attr\":\"\",\"sku\":\"04761\",\"l2\":\"L\u00E9gumes\",\"sl\":\"chayotte-04761\",\"sn\":\"\",\"idxP\":16},{\"nm\":\"Chou vert\",\"nme\":\"Green Cabbage\",\"attr\":\"\",\"sku\":\"04997\",\"l2\":\"L\u00E9gumes\",\"sl\":\"chou-vert-04997\",\"sn\":\"\",\"idxP\":21},{\"nm\":\"Tomate rouge de champ\",\"nme\":\"Red field Tomato\",\"attr\":\"\",\"sku\":\"04800\",\"l2\":\"L\u00E9gumes\",\"sl\":\"tomate-rouge-de-champ-04800\",\"sn\":\"tomates\",\"idxP\":-5},{\"nm\":\"Tomate raisin\",\"nme\":\"Grape tomato\",\"attr\":\"\",\"sku\":\"05039\",\"l2\":\"L\u00E9gumes\",\"sl\":\"tomate-raisin-05039\",\"sn\":\"raisins, tomates\",\"idxP\":100},{\"nm\":\"Oignon moyen gros\",\"nme\":\"Medium Large Onion\",\"attr\":\"\",\"sku\":\"05021\",\"l2\":\"L\u00E9gumes\",\"sl\":\"oignon-moyen-gros-05021\",\"sn\":\"onions, oignons\",\"idxP\":100},{\"nm\":\"Champignon blanc entier biologique\",\"nme\":\"Whole White Organic Mushroom\",\"attr\":\"Biologique\",\"sku\":\"05031\",\"l2\":\"L\u00E9gumes\",\"sl\":\"champignon-blanc-entier-biologique-05031\",\"sn\":\"biologique, bio, organic, organique\",\"idxP\":46},{\"nm\":\"Carotte jumbo\",\"nme\":\"Jumbo Carrot\",\"attr\":\"Produit local\",\"sku\":\"04986\",\"l2\":\"L\u00E9gumes\",\"sl\":\"carotte-jumbo-04986\",\"sn\":\"carottes\",\"idxP\":57},{\"nm\":\"Orange filet\",\"nme\":\"Orange Bag\",\"attr\":\"\",\"sku\":\"05079\",\"l2\":\"Fruits\",\"sl\":\"orange-filet-05079\",\"sn\":\"\",\"idxP\":100},{\"nm\":\"Courge poivr\u00E9e\",\"nme\":\"Pepper Squash\",\"attr\":\"\",\"sku\":\"04750\",\"l2\":\"L\u00E9gumes\",\"sl\":\"courge-poivree-04750\",\"sn\":\"courges\",\"idxP\":32},{\"nm\":\"Navet\",\"nme\":\"Turnip\",\"attr\":\"\",\"sku\":\"05017\",\"l2\":\"L\u00E9gumes\",\"sl\":\"navet-05017\",\"sn\":\"\",\"idxP\":13},{\"nm\":\"Patate rouge\",\"nme\":\"Red Potato\",\"attr\":\"Produit local\",\"sku\":\"05215\",\"l2\":\"L\u00E9gumes\",\"sl\":\"patate-rouge-05215\",\"sn\":\"pommes\",\"idxP\":89},{\"nm\":\"Yucca\",\"nme\":\"Yuca\",\"attr\":\"\",\"sku\":\"04819\",\"l2\":\"L\u00E9gumes\",\"sl\":\"yucca-04819\",\"sn\":\"\",\"idxP\":17},{\"nm\":\"Champignon portabella t\u00EAte\",\"nme\":\"Portabella Mushroom Cap\",\"attr\":\"\",\"sku\":\"05000\",\"l2\":\"L\u00E9gumes\",\"sl\":\"champignon-portabella-tete-05000\",\"sn\":\"\",\"idxP\":26},{\"nm\":\"F\u00E8ve jaune\",\"nme\":\"Yellow Bean\",\"attr\":\"\",\"sku\":\"07776\",\"l2\":\"L\u00E9gumes\",\"sl\":\"feve-jaune-07776\",\"sn\":\"\",\"idxP\":-1},{\"nm\":\"Ch\u00E2taigne\",\"nme\":\"Peeled Chestnut\",\"attr\":\"\",\"sku\":\"05168\",\"l2\":\"Fruits\",\"sl\":\"chataigne-05168\",\"sn\":\"\",\"idxP\":100},{\"nm\":\"Patate blanche\",\"nme\":\"White Potato\",\"attr\":\"Produit local\",\"sku\":\"07516\",\"l2\":\"L\u00E9gumes\",\"sl\":\"patate-blanche-07516\",\"sn\":\"pommes\",\"idxP\":71},{\"nm\":\"Orange navel\",\"nme\":\"Navel Orange\",\"attr\":\"\",\"sku\":\"07822\",\"l2\":\"Fruits\",\"sl\":\"orange-navel-07822\",\"sn\":\"\",\"idxP\":65},{\"nm\":\"Patate jaune\",\"nme\":\"Yellow Potato\",\"attr\":\"Produit local\",\"sku\":\"07514\",\"l2\":\"L\u00E9gumes\",\"sl\":\"patate-jaune-07514\",\"sn\":\"pommes\",\"idxP\":86},{\"nm\":\"Orange bo\u00EEte\",\"nme\":\"Orange Box\",\"attr\":\"\",\"sku\":\"07826\",\"l2\":\"Fruits\",\"sl\":\"orange-boite-07826\",\"sn\":\"\",\"idxP\":71},{\"nm\":\"Patate pel\u00E9e b\u00E2ton\",\"nme\":\"Peeled Potato Stick\",\"attr\":\"\",\"sku\":\"07523\",\"l2\":\"Fruits et l\u00E9gumes coup\u00E9s\",\"sl\":\"patate-pelee-baton-07523\",\"sn\":\"pommes\",\"idxP\":39},{\"nm\":\"Poire rocha\",\"nme\":\"Rocha Pear\",\"attr\":\"\",\"sku\":\"08034\",\"l2\":\"Fruits\",\"sl\":\"poire-rocha-08034\",\"sn\":\"poires\",\"idxP\":100},{\"nm\":\"Chou vert sac\",\"nme\":\"Green Cabbage in Bag\",\"attr\":\"\",\"sku\":\"09140\",\"l2\":\"L\u00E9gumes\",\"sl\":\"chou-vert-sac-09140\",\"sn\":\"\",\"idxP\":51},{\"nm\":\"Avocat en filet\",\"nme\":\"Avocado Mesh Bag\",\"attr\":\"\",\"sku\":\"09190\",\"l2\":\"L\u00E9gumes\",\"sl\":\"avocat-en-filet-09190\",\"sn\":\"avocats\",\"idxP\":100},{\"nm\":\"Oignon rouge\",\"nme\":\"Red Onion\",\"attr\":\"\",\"sku\":\"09226\",\"l2\":\"L\u00E9gumes\",\"sl\":\"oignon-rouge-09226\",\"sn\":\"onions, oignons\",\"idxP\":51},{\"nm\":\"Pomme mcintosh\",\"nme\":\"McIntosh Apple\",\"attr\":\"\",\"sku\":\"10887\",\"l2\":\"Fruits\",\"sl\":\"pomme-mcintosh-10887\",\"sn\":\"apples, pommes\",\"idxP\":93},{\"mq\":\"Renato\",\"nm\":\"Ail extra \u00E9minc\u00E9\",\"nme\":\"Extra Fine Chopped Garlic\",\"attr\":\"Produit local\",\"sku\":\"13719\",\"l2\":\"Fines herbes et vinaigrette\",\"sl\":\"ail-extra-emince-renato-13719\",\"sn\":\"\",\"idxP\":27},{\"nm\":\"Pomme empire\",\"nme\":\"Empire Apple\",\"attr\":\"\",\"sku\":\"08083\",\"l2\":\"Fruits\",\"sl\":\"pomme-empire-08083\",\"sn\":\"apples, pommes\",\"idxP\":86},{\"mq\":\"Ren\u00E9e's\",\"nm\":\"Vinaigrette miel et Dijon\",\"nme\":\"Honey Dijon Dressing\",\"attr\":\"\",\"sku\":\"13562\",\"l2\":\"Fines herbes et vinaigrette\",\"sl\":\"vinaigrette-miel-et-dijon-renees-13562\",\"sn\":\"\",\"idxP\":14},{\"nm\":\"Ail hach\u00E9\",\"nme\":\"Chopped Garlic\",\"attr\":\"\",\"sku\":\"13729\",\"l2\":\"L\u00E9gumes\",\"sl\":\"ail-hache-13729\",\"sn\":\"\",\"idxP\":16},{\"nm\":\"Carotte nantaise orange\",\"nme\":\"Orange Nante Carrot\",\"attr\":\"Produit local\",\"sku\":\"09116\",\"l2\":\"L\u00E9gumes\",\"sl\":\"carotte-nantaise-orange-09116\",\"sn\":\"carottes\",\"idxP\":63},{\"nm\":\"Courge poivr\u00E9e\",\"nme\":\"Pepper Squash\",\"attr\":\"\",\"sku\":\"09296\",\"l2\":\"L\u00E9gumes\",\"sl\":\"courge-poivree-09296\",\"sn\":\"courges\",\"idxP\":3},{\"nm\":\"Banane\",\"nme\":\"Banana\",\"attr\":\"\",\"sku\":\"15119\",\"l2\":\"Fruits\",\"sl\":\"banane-15119\",\"sn\":\"ananas, bananes\",\"idxP\":65},{\"nm\":\"Patate douce orange\",\"nme\":\"Sweet Potato\",\"attr\":\"\",\"sku\":\"05225\",\"l2\":\"L\u00E9gumes\",\"sl\":\"patate-douce-orange-05225\",\"sn\":\"patates\",\"idxP\":25},{\"nm\":\"Patate pel\u00E9e ronde\",\"nme\":\"Round Peeled Potato\",\"attr\":\"\",\"sku\":\"07519\",\"l2\":\"Fruits et l\u00E9gumes coup\u00E9s\",\"sl\":\"patate-pelee-ronde-07519\",\"sn\":\"pommes\",\"idxP\":45},{\"nm\":\"Bok choy shangai\",\"nme\":\"Shangai Bok Choy\",\"attr\":\"\",\"sku\":\"09311\",\"l2\":\"L\u00E9gumes\",\"sl\":\"bok-choy-shangai-09311\",\"sn\":\"\",\"idxP\":0},{\"mq\":\"Renato\",\"nm\":\"Ail fleur \u00E9minc\u00E9 du Qu\u00E9bec\",\"nme\":\"Minced Garlic Flower QC\",\"attr\":\"Produit local\",\"sku\":\"13999\",\"l2\":\"Fines herbes et vinaigrette\",\"sl\":\"ail-fleur-emince-du-quebec-renato-13999\",\"sn\":\"\",\"idxP\":14},{\"mq\":\"Chant-o-vent\",\"nm\":\"Ail entier aux fines herbes\",\"nme\":\"Peeled Garlic with Herbs\",\"attr\":\"Aliment du Qu\u00E9bec, Produit local\",\"sku\":\"14046\",\"l2\":\"L\u00E9gumes\",\"sl\":\"ail-entier-aux-fines-herbes-chant-o-vent-14046\",\"sn\":\"\",\"idxP\":25},{\"nm\":\"Poivron suntan\",\"nme\":\"Suntan bell pepper\",\"attr\":\"\",\"sku\":\"13763\",\"l2\":\"L\u00E9gumes\",\"sl\":\"poivron-suntan-13763\",\"sn\":\"\",\"idxP\":58},{\"nm\":\"Oignon rouge\",\"nme\":\"Red Onion\",\"attr\":\"\",\"sku\":\"22023\",\"l2\":\"L\u00E9gumes\",\"sl\":\"oignon-rouge-22023\",\"sn\":\"onions, oignons\",\"idxP\":62},{\"nm\":\"Patate chef blanche\",\"nme\":\"Jumbo White Potato\",\"attr\":\"Produit local\",\"sku\":\"22058\",\"l2\":\"L\u00E9gumes\",\"sl\":\"patate-chef-blanche-22058\",\"sn\":\"pommes\",\"idxP\":95},{\"nm\":\"Poivron jaune\",\"nme\":\"Yellow Bell Pepper\",\"attr\":\"\",\"sku\":\"17011\",\"l2\":\"L\u00E9gumes\",\"sl\":\"poivron-jaune-17011\",\"sn\":\"\",\"idxP\":34},{\"mq\":\"du Bas-du-Fleuve\",\"nm\":\"Herbes sal\u00E9es en pot\",\"nme\":\"Salted Herbs\",\"attr\":\"Produit local\",\"sku\":\"17624\",\"l2\":\"Fines herbes et vinaigrette\",\"sl\":\"herbes-salees-en-pot-du-bas-du-fleuve-17624\",\"sn\":\"\",\"idxP\":56},{\"mq\":\"Chant-o-vent\",\"nm\":\"Ail \u00E9minc\u00E9 du Qu\u00E9bec\",\"nme\":\"Minced Garlic QC\",\"attr\":\"Aliment du Qu\u00E9bec, Produit local\",\"sku\":\"13928\",\"l2\":\"L\u00E9gumes\",\"sl\":\"ail-emince-du-quebec-chant-o-vent-13928\",\"sn\":\"\",\"idxP\":32},{\"mq\":\"Chant-o-vent\",\"nm\":\"Ail entier pel\u00E9 marin\u00E9\",\"nme\":\"Whole Peeled Garlic\",\"attr\":\"Aliment du Qu\u00E9bec, Produit local\",\"sku\":\"14002\",\"l2\":\"L\u00E9gumes\",\"sl\":\"ail-entier-pele-marine-chant-o-vent-14002\",\"sn\":\"\",\"idxP\":23},{\"mq\":\"du Bas-du-Fleuve\",\"nm\":\"Herbes sal\u00E9es en pot\",\"nme\":\"Salted Herbs\",\"attr\":\"\",\"sku\":\"17626\",\"l2\":\"Fines herbes et vinaigrette\",\"sl\":\"herbes-salees-en-pot-du-bas-du-fleuve-17626\",\"sn\":\"\",\"idxP\":54},{\"mq\":\"Renato\",\"nm\":\"Ail frais \u00E9minc\u00E9\",\"nme\":\"Minced Fresh Garlic\",\"attr\":\"Produit local\",\"sku\":\"17179\",\"l2\":\"L\u00E9gumes\",\"sl\":\"ail-frais-emince-renato-17179\",\"sn\":\"\",\"idxP\":22},{\"nm\":\"Patate rouge\",\"nme\":\"Red Potato\",\"attr\":\"Produit local\",\"sku\":\"22060\",\"l2\":\"L\u00E9gumes\",\"sl\":\"patate-rouge-22060\",\"sn\":\"pommes\",\"idxP\":84},{\"nm\":\"Courge butternut\",\"nme\":\"Butternut Squash\",\"attr\":\"\",\"sku\":\"22069\",\"l2\":\"L\u00E9gumes\",\"sl\":\"courge-butternut-22069\",\"sn\":\"courges\",\"idxP\":8},{\"mq\":\"La Jardini\u00E8re\",\"nm\":\"\u00C9pices pour salades et l\u00E9gumes Louisiane\",\"nme\":\"Louisiana Salad and Vegetable Spices\",\"attr\":\"\",\"sku\":\"26662\",\"l2\":\"Fines herbes et vinaigrette\",\"sl\":\"epices-pour-salades-et-legumes-louisiane-la-jardiniere-26662\",\"sn\":\"\",\"idxP\":28},{\"mq\":\"La Jardini\u00E8re\",\"nm\":\"\u00C9pices pour l\u00E9gumes Patates \u00E0 la grecque\",\"nme\":\"Greek Style Potatoes Vegetable Spices\",\"attr\":\"\",\"sku\":\"26665\",\"l2\":\"Fines herbes et vinaigrette\",\"sl\":\"epices-pour-legumes-patates-a-la-grecque-la-jardiniere-26665\",\"sn\":\"patates\",\"idxP\":32},{\"mq\":\"La Jardini\u00E8re\",\"nm\":\"\u00C9pices pour l\u00E9gumes Patates rissol\u00E9es\",\"nme\":\"Roasted Potatoes Vegetable Spices\",\"attr\":\"\",\"sku\":\"26672\",\"l2\":\"Fines herbes et vinaigrette\",\"sl\":\"epices-pour-legumes-patates-rissolees-la-jardiniere-26672\",\"sn\":\"patates\",\"idxP\":4},{\"nm\":\"Patate jaune\",\"nme\":\"Yellow Potato\",\"attr\":\"Produit local\",\"sku\":\"26659\",\"l2\":\"L\u00E9gumes\",\"sl\":\"patate-jaune-26659\",\"sn\":\"pommes\",\"idxP\":100},{\"mq\":\"La Jardini\u00E8re\",\"nm\":\"\u00C9pices pour l\u00E9gumes Patates simili bacon\",\"nme\":\"Mock Bacon Potatoes Vegetable Spices\",\"attr\":\"\",\"sku\":\"26666\",\"l2\":\"Fines herbes et vinaigrette\",\"sl\":\"epices-pour-legumes-patates-simili-bacon-la-jardiniere-26666\",\"sn\":\"pommes\",\"idxP\":10},{\"mq\":\"La Jardini\u00E8re\",\"nm\":\"\u00C9pices pour l\u00E9gumes Patates \u00E0 la grecque\",\"nme\":\"Greek Style Potatoes Vegetable Spices\",\"attr\":\"\",\"sku\":\"26671\",\"l2\":\"Fines herbes et vinaigrette\",\"sl\":\"epices-pour-legumes-patates-a-la-grecque-la-jardiniere-26671\",\"sn\":\"patates\",\"idxP\":11},{\"mq\":\"Chant-o-vent\",\"nm\":\"Ail \u00E9minc\u00E9 du Qu\u00E9bec\",\"nme\":\"Minced Garlic QC\",\"attr\":\"Aliment du Qu\u00E9bec, Produit local\",\"sku\":\"17381\",\"l2\":\"L\u00E9gumes\",\"sl\":\"ail-emince-du-quebec-chant-o-vent-17381\",\"sn\":\"\",\"idxP\":41},{\"nm\":\"Arachide \u00E9miett\u00E9e\",\"nme\":\"Crumbled Peanut\",\"attr\":\"\",\"sku\":\"24902\",\"l2\":\"Noix et fruits secs\",\"sl\":\"arachide-emiettee-24902\",\"sn\":\"\",\"idxP\":0},{\"mq\":\"La Jardini\u00E8re\",\"nm\":\"\u00C9pices pour salades et l\u00E9gumes Classique\",\"nme\":\"Classic Salad and Vegetable Spices\",\"attr\":\"\",\"sku\":\"26661\",\"l2\":\"Fines herbes et vinaigrette\",\"sl\":\"epices-pour-salades-et-legumes-classique-la-jardiniere-26661\",\"sn\":\"\",\"idxP\":45},{\"mq\":\"La Jardini\u00E8re\",\"nm\":\"\u00C9pices pour salades et l\u00E9gumes Saveur naturelle\",\"nme\":\"Natural Taste Salad and Vegetable Spices\",\"attr\":\"Produit local\",\"sku\":\"26663\",\"l2\":\"Fines herbes et vinaigrette\",\"sl\":\"epices-pour-salades-et-legumes-saveur-naturelle-la-jardiniere-26663\",\"sn\":\"\",\"idxP\":38},{\"nm\":\"Ail\",\"nme\":\"Garlic\",\"attr\":\"\",\"sku\":\"13712\",\"l2\":\"L\u00E9gumes\",\"sl\":\"ail-13712\",\"sn\":\"\",\"idxP\":2},{\"mq\":\"La Jardini\u00E8re\",\"nm\":\"\u00C9pices pour l\u00E9gumes Bruschettaaah!\",\"nme\":\"Bruschettaaah! Vegetable Spices\",\"attr\":\"\",\"sku\":\"26664\",\"l2\":\"Fines herbes et vinaigrette\",\"sl\":\"epices-pour-legumes-bruschettaaah-la-jardiniere-26664\",\"sn\":\"\",\"idxP\":35},{\"mq\":\"La Jardini\u00E8re\",\"nm\":\"\u00C9pices pour salades et l\u00E9gumes Classique\",\"nme\":\"Classic Salad and Vegetable Spices\",\"attr\":\"\",\"sku\":\"26670\",\"l2\":\"Fines herbes et vinaigrette\",\"sl\":\"epices-pour-salades-et-legumes-classique-la-jardiniere-26670\",\"sn\":\"\",\"idxP\":14},{\"nm\":\"Carotte mini pel\u00E9e\",\"nme\":\"Peeled Baby Carrot\",\"attr\":\"\",\"sku\":\"26726\",\"l2\":\"L\u00E9gumes\",\"sl\":\"carotte-mini-pelee-26726\",\"sn\":\"carottes\",\"idxP\":100},{\"nm\":\"Tomate vigne rouge cs\",\"nme\":\"Vine Tomato\",\"attr\":\"\",\"sku\":\"26785\",\"l2\":\"L\u00E9gumes\",\"sl\":\"tomate-vigne-rouge-cs-26785\",\"sn\":\"tomates\",\"idxP\":100},{\"nm\":\"Champignon mini bella entier\",\"nme\":\"Whole Mini Bella Mushroom\",\"attr\":\"\",\"sku\":\"26934\",\"l2\":\"L\u00E9gumes\",\"sl\":\"champignon-mini-bella-entier-26934\",\"sn\":\"\",\"idxP\":26},{\"nm\":\"Ail pel\u00E9\",\"nme\":\"Peeled Garlic\",\"attr\":\"\",\"sku\":\"27286\",\"l2\":\"L\u00E9gumes\",\"sl\":\"ail-pele-27286\",\"sn\":\"\",\"idxP\":86},{\"nm\":\"Poire asiatique\",\"nme\":\"Asian Pear\",\"attr\":\"\",\"sku\":\"27377\",\"l2\":\"Fruits\",\"sl\":\"poire-asiatique-27377\",\"sn\":\"poires\",\"idxP\":2},{\"mq\":\"La Jardini\u00E8re\",\"nm\":\"\u00C9pices pour l\u00E9gumes Patates rissol\u00E9es\",\"nme\":\"Roasted Potatoes Spices\",\"attr\":\"\",\"sku\":\"26667\",\"l2\":\"Fines herbes et vinaigrette\",\"sl\":\"epices-pour-legumes-patates-rissolees-la-jardiniere-26667\",\"sn\":\"pommes\",\"idxP\":25},{\"mq\":\"La Jardini\u00E8re\",\"nm\":\"\u00C9pices pour Bloody Caesar\",\"nme\":\"Bloody Caesar Spices\",\"attr\":\"\",\"sku\":\"26678\",\"l2\":\"Fines herbes et vinaigrette\",\"sl\":\"epices-pour-bloody-caesar-la-jardiniere-26678\",\"sn\":\"\",\"idxP\":12},{\"nm\":\"Cerise rouge enti\u00E8re confite\",\"nme\":\"Glazed Red Cherry\",\"attr\":\"\",\"sku\":\"16045\",\"l2\":\"Noix et fruits secs\",\"sl\":\"cerise-rouge-entiere-confite-16045\",\"sn\":\"\",\"idxP\":0},{\"nm\":\"Patate chef jaune\",\"nme\":\"Jumbo Yellow Potato\",\"attr\":\"Produit local\",\"sku\":\"27372\",\"l2\":\"L\u00E9gumes\",\"sl\":\"patate-chef-jaune-27372\",\"sn\":\"pommes\",\"idxP\":80},{\"mq\":\"Mayrand CHEF\",\"nm\":\"Pistache bris\u00E9e\",\"nme\":\"Broken Pistachio\",\"attr\":\"\",\"sku\":\"27515\",\"l2\":\"Noix et fruits secs\",\"sl\":\"pistache-brisee-mayrand-chef-27515\",\"sn\":\"\",\"idxP\":79},{\"mq\":\"La Jardini\u00E8re\",\"nm\":\"Vanille naturelle en gousse\",\"nme\":\"Natural Vanilla Bean\",\"attr\":\"\",\"sku\":\"26668\",\"l2\":\"Fruits\",\"sl\":\"vanille-naturelle-en-gousse-la-jardiniere-26668\",\"sn\":\"\",\"idxP\":50},{\"nm\":\"Patate pel\u00E9e cube\",\"nme\":\"Cubed Peeled Potato\",\"attr\":\"\",\"sku\":\"27375\",\"l2\":\"Fruits et l\u00E9gumes coup\u00E9s\",\"sl\":\"patate-pelee-cube-27375\",\"sn\":\"pommes\",\"idxP\":44},{\"mq\":\"Mayrand CHEF\",\"nm\":\"Raisin Corinthe\",\"nme\":\"Corinthe Raisin\",\"attr\":\"\",\"sku\":\"27513\",\"l2\":\"Noix et fruits secs\",\"sl\":\"raisin-corinthe-mayrand-chef-27513\",\"sn\":\"raisins\",\"idxP\":58},{\"nm\":\"Champignon shimeji frais\",\"nme\":\"Fresh Shimeji Mushroom\",\"attr\":\"\",\"sku\":\"22466\",\"l2\":\"L\u00E9gumes\",\"sl\":\"champignon-shimeji-frais-22466\",\"sn\":\"\",\"idxP\":41},{\"mq\":\"Mayrand CHEF\",\"nm\":\"Amande r\u00F4tie sal\u00E9e\",\"nme\":\"Roasted and Salted Almond\",\"attr\":\"\",\"sku\":\"27769\",\"l2\":\"Noix et fruits secs\",\"sl\":\"amande-rotie-salee-mayrand-chef-27769\",\"sn\":\"amandes\",\"idxP\":79},{\"mq\":\"La Jardini\u00E8re\",\"nm\":\"\u00C9pices pour salades et l\u00E9gumes Saveur naturelle\",\"nme\":\"Natural Flavour Salad and Vegetable Spices\",\"attr\":\"\",\"sku\":\"26946\",\"l2\":\"Fines herbes et vinaigrette\",\"sl\":\"epices-pour-salades-et-legumes-saveur-naturelle-la-jardiniere-26946\",\"sn\":\"\",\"idxP\":4},{\"mq\":\"Mayrand CHEF\",\"nm\":\"Graine de citrouille r\u00F4tie non sal\u00E9e\",\"nme\":\"Roasted and Unsalted Pumkin Seed\",\"attr\":\"\",\"sku\":\"27518\",\"l2\":\"Noix et fruits secs\",\"sl\":\"graine-de-citrouille-rotie-non-salee-mayrand-chef-27518\",\"sn\":\"\",\"idxP\":80},{\"mq\":\"La Jardini\u00E8re\",\"nm\":\"\u00C9pices pour salades et l\u00E9gumes \u00C0 la grecque\",\"nme\":\"Greek Style Salad and Vegetable Spices\",\"attr\":\"\",\"sku\":\"26669\",\"l2\":\"Fines herbes et vinaigrette\",\"sl\":\"epices-pour-salades-et-legumes-la-grecque-la-jardiniere-26669\",\"sn\":\"\",\"idxP\":29},{\"nm\":\"\u00C9pinard cello\",\"nme\":\"Cello Spinach\",\"attr\":\"\",\"sku\":\"27359\",\"l2\":\"L\u00E9gumes\",\"sl\":\"epinard-cello-27359\",\"sn\":\"\",\"idxP\":78},{\"mq\":\"The Little Potato Company\",\"nm\":\"Patate grelot Trio Terrifique\",\"nme\":\"Terrific Trio Bell Potato\",\"attr\":\"\",\"sku\":\"27711\",\"l2\":\"L\u00E9gumes\",\"sl\":\"patate-grelot-trio-terrifique-the-little-potato-company-27711\",\"sn\":\"pommes\",\"idxP\":69},{\"mq\":\"Mayrand CHEF\",\"nm\":\"Amande tamari\",\"nme\":\"Tamari Almond\",\"attr\":\"\",\"sku\":\"27770\",\"l2\":\"Noix et fruits secs\",\"sl\":\"amande-tamari-mayrand-chef-27770\",\"sn\":\"amandes\",\"idxP\":79},{\"mq\":\"Mayrand CHEF\",\"nm\":\"Quinoa blanc\",\"nme\":\"White Quinoa\",\"attr\":\"\",\"sku\":\"27773\",\"l2\":\"Noix et fruits secs\",\"sl\":\"quinoa-blanc-mayrand-chef-27773\",\"sn\":\"\",\"idxP\":52},{\"nm\":\"Courge buttercup\",\"nme\":\"Buttercup Squash\",\"attr\":\"\",\"sku\":\"30094\",\"l2\":\"L\u00E9gumes\",\"sl\":\"courge-buttercup-30094\",\"sn\":\"courges\",\"idxP\":1},{\"nm\":\"Prune panier\",\"nme\":\"Plum Basket\",\"attr\":\"\",\"sku\":\"30540\",\"l2\":\"Fruits\",\"sl\":\"prune-noire-panier-30540\",\"sn\":\"\",\"idxP\":100},{\"mq\":\"The Little Potato Company\",\"nm\":\"Patate grelot jaune\",\"nme\":\"Yellow Bell Potato\",\"attr\":\"\",\"sku\":\"27706\",\"l2\":\"L\u00E9gumes\",\"sl\":\"patate-grelot-jaune-the-little-potato-company-27706\",\"sn\":\"pommes\",\"idxP\":69},{\"mq\":\"Mayrand CHEF\",\"nm\":\"Noix du Br\u00E9sil\",\"nme\":\"Brazil Nut\",\"attr\":\"\",\"sku\":\"27774\",\"l2\":\"Noix et fruits secs\",\"sl\":\"noix-du-bresil-mayrand-chef-27774\",\"sn\":\"\",\"idxP\":68},{\"mq\":\"Mayrand CHEF\",\"nm\":\"Amande blanche en b\u00E2tonnet\",\"nme\":\"Blanched Silvered Almond\",\"attr\":\"\",\"sku\":\"28467\",\"l2\":\"Noix et fruits secs\",\"sl\":\"amande-blanche-en-batonnet-mayrand-chef-28467\",\"sn\":\"amandes\",\"idxP\":71},{\"mq\":\"Mayrand CHEF\",\"nm\":\"Graine de citrouille r\u00F4tie sal\u00E9e\",\"nme\":\"Roasted and Salted Pumkin Seed\",\"attr\":\"\",\"sku\":\"27517\",\"l2\":\"Noix et fruits secs\",\"sl\":\"graine-de-citrouille-rotie-salee-mayrand-chef-27517\",\"sn\":\"\",\"idxP\":87},{\"nm\":\"Cerise rouge\",\"nme\":\"Red Cherry\",\"attr\":\"\",\"sku\":\"30025\",\"l2\":\"Fruits\",\"sl\":\"cerise-rouge-30025\",\"sn\":\"\",\"idxP\":0},{\"mq\":\"Mayrand CHEF\",\"nm\":\"Graine de pavot\",\"nme\":\"Poppy Seed\",\"attr\":\"\",\"sku\":\"27771\",\"l2\":\"Noix et fruits secs\",\"sl\":\"graine-de-pavot-mayrand-chef-27771\",\"sn\":\"\",\"idxP\":58},{\"mq\":\"Mayrand CHEF\",\"nm\":\"Amande r\u00F4tie non sal\u00E9e\",\"nme\":\"Unsalted Roasted Almonds\",\"attr\":\"\",\"sku\":\"27811\",\"l2\":\"Noix et fruits secs\",\"sl\":\"amande-rotie-non-salee-mayrand-chef-27811\",\"sn\":\"amandes\",\"idxP\":83},{\"nm\":\"Poivron orange\",\"nme\":\"Orange Bell Pepper\",\"attr\":\"\",\"sku\":\"30310\",\"l2\":\"L\u00E9gumes\",\"sl\":\"poivron-orange-30310\",\"sn\":\"\",\"idxP\":29},{\"nm\":\"Patate grelot fingerling\",\"nme\":\"Fingerling Bell Potato\",\"attr\":\"\",\"sku\":\"27726\",\"l2\":\"L\u00E9gumes\",\"sl\":\"patate-grelot-fingerling-the-little-potato-company-27726\",\"sn\":\"pommes\",\"idxP\":96},{\"mq\":\"Litehouse\",\"nm\":\"Trempette \u00E0 l'oignon\",\"nme\":\"French Onion Dip\",\"attr\":\"\",\"sku\":\"39472\",\"l2\":\"Fines herbes et vinaigrette\",\"sl\":\"trempette-a-loignon-litehouse-39472\",\"sn\":\"onions, oignons\",\"idxP\":23},{\"mq\":\"Ren\u00E9e's\",\"nm\":\"Vinaigrette asiatique au s\u00E9same\",\"nme\":\"Asian Style Dressing\",\"attr\":\"\",\"sku\":\"40048\",\"l2\":\"Fines herbes et vinaigrette\",\"sl\":\"vinaigrette-asiatique-au-sesame-renees-40048\",\"sn\":\"\",\"idxP\":16},{\"mq\":\"Litehouse\",\"nm\":\"Trempette ranch style maison\",\"nme\":\"Homestyle Ranch Dip\",\"attr\":\"\",\"sku\":\"39470\",\"l2\":\"Fines herbes et vinaigrette\",\"sl\":\"trempette-ranch-style-maison-litehouse-39470\",\"sn\":\"\",\"idxP\":18},{\"mq\":\"Cesares\",\"nm\":\"Gingembre hach\u00E9\",\"nme\":\"Minced Ginger\",\"attr\":\"\",\"sku\":\"40086\",\"l2\":\"L\u00E9gumes\",\"sl\":\"gingembre-hache-cesares-40086\",\"sn\":\"\",\"idxP\":59},{\"nm\":\"Champignon m\u00E9lange pour saut\u00E9\",\"nme\":\"Saute Blend Mushroom\",\"attr\":\"\",\"sku\":\"40096\",\"l2\":\"L\u00E9gumes\",\"sl\":\"champignon-melange-pour-saute-40096\",\"sn\":\"\",\"idxP\":25},{\"mq\":\"Ren\u00E9e's\",\"nm\":\"Vinaigrette ranch fa\u00E7on maison\",\"nme\":\"Homemade Ranch Dressing\",\"attr\":\"\",\"sku\":\"40057\",\"l2\":\"Fines herbes et vinaigrette\",\"sl\":\"vinaigrette-ranch-facon-maison-renees-40057\",\"sn\":\"\",\"idxP\":19},{\"nm\":\"Champignon blanc tranch\u00E9\",\"nme\":\"Sliced White Mushroom\",\"attr\":\"\",\"sku\":\"40078\",\"l2\":\"L\u00E9gumes\",\"sl\":\"champignon-blanc-tranche-40078\",\"sn\":\"\",\"idxP\":76},{\"nm\":\"Champignon blanc entier\",\"nme\":\"Whole White Mushroom\",\"attr\":\"\",\"sku\":\"40089\",\"l2\":\"L\u00E9gumes\",\"sl\":\"champignon-blanc-entier-40089\",\"sn\":\"\",\"idxP\":100},{\"mq\":\"Mayrand CHEF\",\"nm\":\"Graine de s\u00E9same noire\",\"nme\":\"Black Sesame Seed\",\"attr\":\"\",\"sku\":\"27772\",\"l2\":\"Noix et fruits secs\",\"sl\":\"graine-de-sesame-noire-mayrand-chef-27772\",\"sn\":\"\",\"idxP\":68},{\"nm\":\"Ail hach\u00E9\",\"nme\":\"Minced Garlic\",\"attr\":\"\",\"sku\":\"40162\",\"l2\":\"Fines herbes et vinaigrette\",\"sl\":\"ail-hache-40162\",\"sn\":\"\",\"idxP\":67},{\"nm\":\"Patate chef rouge\",\"nme\":\"Jumbo Red Potato\",\"attr\":\"Produit local\",\"sku\":\"40011\",\"l2\":\"L\u00E9gumes\",\"sl\":\"patate-chef-rouge-40011\",\"sn\":\"pommes\",\"idxP\":83},{\"mq\":\"Ren\u00E9e's\",\"nm\":\"Vinaigrette graines de pavot\",\"nme\":\"Poppy Seed Dressing\",\"attr\":\"\",\"sku\":\"40056\",\"l2\":\"Fines herbes et vinaigrette\",\"sl\":\"vinaigrette-graines-de-pavot-renees-40056\",\"sn\":\"\",\"idxP\":14},{\"mq\":\"Ren\u00E9e's\",\"nm\":\"Vinaigrette l\u00E9g\u00E8re c\u00E9sar\",\"nme\":\"Caesar Light Dressing\",\"attr\":\"\",\"sku\":\"40148\",\"l2\":\"Fines herbes et vinaigrette\",\"sl\":\"vinaigrette-legere-cesar-renees-40148\",\"sn\":\"\",\"idxP\":24},{\"mq\":\"The Little Potato Company\",\"nm\":\"Patate grelot rouge\",\"nme\":\"Red Bell Potato\",\"attr\":\"\",\"sku\":\"27707\",\"l2\":\"L\u00E9gumes\",\"sl\":\"patate-grelot-rouge-the-little-potato-company-27707\",\"sn\":\"pommes\",\"idxP\":80},{\"mq\":\"Litehouse\",\"nm\":\"Trempette ranch l\u00E9g\u00E8re\",\"nme\":\"Light Dip Ranch\",\"attr\":\"\",\"sku\":\"39471\",\"l2\":\"Fines herbes et vinaigrette\",\"sl\":\"trempette-ranch-legere-litehouse-39471\",\"sn\":\"\",\"idxP\":21},{\"mq\":\"Renato\",\"nm\":\"Pesto au basilic frais\",\"nme\":\"Fresh Basil Pesto\",\"attr\":\"Produit local\",\"sku\":\"39368\",\"l2\":\"Fines herbes et vinaigrette\",\"sl\":\"pesto-au-basilic-frais-renato-39368\",\"sn\":\"\",\"idxP\":46},{\"nm\":\"Champignon blanc entier #2\",\"nme\":\"Whole White Mushroom\",\"attr\":\"\",\"sku\":\"40092\",\"l2\":\"L\u00E9gumes\",\"sl\":\"champignon-blanc-entier-2-40092\",\"sn\":\"\",\"idxP\":99},{\"nm\":\"Courgette blanche\",\"nme\":\"White Zucchini\",\"attr\":\"\",\"sku\":\"40093\",\"l2\":\"L\u00E9gumes\",\"sl\":\"courgette-blanche-40093\",\"sn\":\"courges, courgettes\",\"idxP\":1},{\"mq\":\"Ren\u00E9e's\",\"nm\":\"Vinaigrette salade de chou\",\"nme\":\"Coleslaw Dressing\",\"attr\":\"\",\"sku\":\"40144\",\"l2\":\"Fines herbes et vinaigrette\",\"sl\":\"vinaigrette-salade-de-chou-renees-40144\",\"sn\":\"\",\"idxP\":15},{\"mq\":\"Ren\u00E9e's\",\"nm\":\"Vinaigrette grecque avec f\u00E9ta\",\"nme\":\"Greek Feta Dressing\",\"attr\":\"\",\"sku\":\"40145\",\"l2\":\"Fines herbes et vinaigrette\",\"sl\":\"vinaigrette-grecque-avec-feta-renees-40145\",\"sn\":\"\",\"idxP\":12},{\"mq\":\"Golden Valley\",\"nm\":\"Datte medjoul\",\"nme\":\"Medjool Date\",\"attr\":\"\",\"sku\":\"40522\",\"l2\":\"Noix et fruits secs\",\"sl\":\"datte-medjoul-golden-valley-40522\",\"sn\":\"\",\"idxP\":54},{\"nm\":\"Champignon shiitake\",\"nme\":\"Shiitake Mushroom\",\"attr\":\"\",\"sku\":\"40095\",\"l2\":\"L\u00E9gumes\",\"sl\":\"champignon-shiitake-40095\",\"sn\":\"\",\"idxP\":35},{\"mq\":\"Ren\u00E9e's\",\"nm\":\"Vinaigrette m\u00E9dit\u00E9rran\u00E9enne grecque\",\"nme\":\"Greek Mediterranean Dressing\",\"attr\":\"\",\"sku\":\"40153\",\"l2\":\"Fines herbes et vinaigrette\",\"sl\":\"vinaigrette-mediterraneenne-grecque-renees-40153\",\"sn\":\"\",\"idxP\":15},{\"mq\":\"Golden Valley\",\"nm\":\"Datte rotab sukkari\",\"nme\":\"Sukkari Rotab Date\",\"attr\":\"\",\"sku\":\"40527\",\"l2\":\"Noix et fruits secs\",\"sl\":\"datte-rotab-sukkari-golden-valley-40527\",\"sn\":\"\",\"idxP\":12},{\"mq\":\"Ren\u00E9e's\",\"nm\":\"Vinaigrette balsamique\",\"nme\":\"Balsamic Dressing\",\"attr\":\"\",\"sku\":\"40055\",\"l2\":\"Fines herbes et vinaigrette\",\"sl\":\"vinaigrette-balsamique-renees-40055\",\"sn\":\"\",\"idxP\":15},{\"nm\":\"Datte khudri\",\"nme\":\"Khudri Date\",\"attr\":\"\",\"sku\":\"40496\",\"l2\":\"Noix et fruits secs\",\"sl\":\"datte-khudri-40496\",\"sn\":\"\",\"idxP\":33},{\"nm\":\"Poivron couleur sac\",\"nme\":\"Color Bell Pepper in Bag\",\"attr\":\"\",\"sku\":\"40564\",\"l2\":\"L\u00E9gumes\",\"sl\":\"poivron-couleur-sac-40564\",\"sn\":\"\",\"idxP\":72},{\"mq\":\"Golden Valley\",\"nm\":\"Datte mazafati\",\"nme\":\"Mazafati Date\",\"attr\":\"\",\"sku\":\"40498\",\"l2\":\"Noix et fruits secs\",\"sl\":\"datte-mazafati-golden-valley-40498\",\"sn\":\"\",\"idxP\":38},{\"mq\":\"King Solomon\",\"nm\":\"Datte medjoul biologique\",\"nme\":\"Organic Medjool Date\",\"attr\":\"Biologique\",\"sku\":\"40528\",\"l2\":\"Noix et fruits secs\",\"sl\":\"datte-medjoul-biologique-king-solomon-40528\",\"sn\":\"biologique, bio, organic, organique\",\"idxP\":70},{\"mq\":\"Golden Valley\",\"nm\":\"Datte deglet nour d\u00E9noyaut\u00E9e\",\"nme\":\"Pitted Deglet Noor Datte\",\"attr\":\"\",\"sku\":\"40506\",\"l2\":\"Noix et fruits secs\",\"sl\":\"datte-deglet-nour-denoyautee-golden-valley-40506\",\"sn\":\"\",\"idxP\":81},{\"mq\":\"Golden Valley\",\"nm\":\"Datte amari\",\"nme\":\"Amari Date\",\"attr\":\"\",\"sku\":\"40529\",\"l2\":\"Noix et fruits secs\",\"sl\":\"datte-amari-golden-valley-40529\",\"sn\":\"\",\"idxP\":0},{\"mq\":\"Chant-o-vent\",\"nm\":\"Ail entier aux fines herbes\",\"nme\":\"Peeled Garlic with Herbs\",\"attr\":\"Aliment du Qu\u00E9bec, Produit local\",\"sku\":\"40594\",\"l2\":\"L\u00E9gumes\",\"sl\":\"ail-entier-aux-fines-herbes-chant-o-vent-40594\",\"sn\":\"\",\"idxP\":14},{\"mq\":\"Renato\",\"nm\":\"Ail extra \u00E9minc\u00E9\",\"nme\":\"Extra Minced Garlic\",\"attr\":\"Produit local\",\"sku\":\"40738\",\"l2\":\"Fines herbes et vinaigrette\",\"sl\":\"ail-extra-emince-renato-40738\",\"sn\":\"\",\"idxP\":42},{\"nm\":\"Patate idaho\",\"nme\":\"Idaho Potatoes\",\"attr\":\"\",\"sku\":\"40810\",\"l2\":\"L\u00E9gumes\",\"sl\":\"patate-idaho-40810\",\"sn\":\"pommes\",\"idxP\":78},{\"nm\":\"Champignon portobellini\",\"nme\":\"Mini Portabella Mushroom\",\"attr\":\"\",\"sku\":\"40099\",\"l2\":\"L\u00E9gumes\",\"sl\":\"champignon-portobellini-40099\",\"sn\":\"\",\"idxP\":30},{\"nm\":\"Chou de savoie\",\"nme\":\"Savoy Cabbage\",\"attr\":\"\",\"sku\":\"40345\",\"l2\":\"L\u00E9gumes\",\"sl\":\"chou-de-savoie-40345\",\"sn\":\"\",\"idxP\":7},{\"mq\":\"City Snacks\",\"nm\":\"Collation aux bananes\",\"nme\":\"Banana Snack\",\"attr\":\"\",\"sku\":\"40502\",\"l2\":\"Noix et fruits secs\",\"sl\":\"collation-aux-bananes-city-snacks-40502\",\"sn\":\"ananas, bananes\",\"idxP\":11},{\"mq\":\"Renato\",\"nm\":\"Ail frais \u00E9minc\u00E9\",\"nme\":\"Fresh Minced Garlic\",\"attr\":\"Produit local\",\"sku\":\"40737\",\"l2\":\"Fines herbes et vinaigrette\",\"sl\":\"ail-frais-emince-renato-40737\",\"sn\":\"\",\"idxP\":41},{\"mq\":\"Cesares\",\"nm\":\"Gingembre biologique\",\"nme\":\"Organic Ginger\",\"attr\":\"Biologique\",\"sku\":\"40691\",\"l2\":\"L\u00E9gumes\",\"sl\":\"gingembre-biologique-cesares-40691\",\"sn\":\"biologique, bio, organic, organique\",\"idxP\":64},{\"nm\":\"Laitue romaine coeur\",\"nme\":\"Romaine Lettuce Heart\",\"attr\":\"\",\"sku\":\"40917\",\"l2\":\"L\u00E9gumes\",\"sl\":\"laitue-romaine-coeur-40917\",\"sn\":\"\",\"idxP\":100},{\"mq\":\"Renato\",\"nm\":\"Coriandre broy\u00E9e\",\"nme\":\"Ground Cilantro\",\"attr\":\"Produit local\",\"sku\":\"43498\",\"l2\":\"Fines herbes et vinaigrette\",\"sl\":\"coriandre-broyee-renato-43498\",\"sn\":\"\",\"idxP\":19},{\"mq\":\"Renato\",\"nm\":\"Basilic broy\u00E9\",\"nme\":\"Ground Basil\",\"attr\":\"Produit local\",\"sku\":\"49299\",\"l2\":\"Fines herbes et vinaigrette\",\"sl\":\"basilic-broye-renato-49299\",\"sn\":\"\",\"idxP\":28},{\"nm\":\"Carotte nantaise orange\",\"nme\":\"Orange Nantes Carrot\",\"attr\":\"Produit local\",\"sku\":\"60037\",\"l2\":\"L\u00E9gumes\",\"sl\":\"carotte-nantaise-orange-60037\",\"sn\":\"carottes\",\"idxP\":8},{\"mq\":\"Chant-o-vent\",\"nm\":\"Ail \u00E9minc\u00E9 aux fines herbes\",\"nme\":\"Minced Garlic with Herbs\",\"attr\":\"Aliment du Qu\u00E9bec, Produit local\",\"sku\":\"40595\",\"l2\":\"Fines herbes et vinaigrette\",\"sl\":\"ail-emince-aux-fines-herbes-chant-o-vent-40595\",\"sn\":\"\",\"idxP\":17},{\"nm\":\"Tomate rouge de serre\",\"nme\":\"Greenhouse Red Tomato\",\"attr\":\"Produit local\",\"sku\":\"40734\",\"l2\":\"L\u00E9gumes\",\"sl\":\"tomate-rouge-de-serre-40734\",\"sn\":\"tomates\",\"idxP\":95},{\"mq\":\"Renato\",\"nm\":\"Aneth broy\u00E9\",\"nme\":\"Ground Dill\",\"attr\":\"Produit local\",\"sku\":\"43497\",\"l2\":\"Fines herbes et vinaigrette\",\"sl\":\"aneth-broye-renato-43497\",\"sn\":\"\",\"idxP\":14},{\"nm\":\"Oignon colossal\",\"nme\":\"Jumbo Onion\",\"attr\":\"\",\"sku\":\"50005\",\"l2\":\"L\u00E9gumes\",\"sl\":\"oignon-colossal-50005\",\"sn\":\"onions, oignons\",\"idxP\":58},{\"nm\":\"Betterave rouge QC\",\"nme\":\"Red Beet QC\",\"attr\":\"Produit local\",\"sku\":\"60095\",\"l2\":\"L\u00E9gumes\",\"sl\":\"betterave-rouge-qc-60095\",\"sn\":\"\",\"idxP\":54},{\"nm\":\"Champignon mini bella entier\",\"nme\":\"Whole Mini Bella Mushroom\",\"attr\":\"\",\"sku\":\"40996\",\"l2\":\"L\u00E9gumes\",\"sl\":\"champignon-mini-bella-entier-40996\",\"sn\":\"\",\"idxP\":55},{\"mq\":\"Valli\",\"nm\":\"Champignon porcini s\u00E9ch\u00E9\",\"nme\":\"Dried Porcini Mushroom\",\"attr\":\"\",\"sku\":\"49047\",\"l2\":\"Fines herbes et vinaigrette\",\"sl\":\"champignon-porcini-seche-valli-49047\",\"sn\":\"\",\"idxP\":12},{\"nm\":\"Chou vert\",\"nme\":\"Green Cabbage\",\"attr\":\"\",\"sku\":\"04069\",\"l2\":\"L\u00E9gumes\",\"sl\":\"chou-vert-04069\",\"sn\":\"\",\"idxP\":25},{\"nm\":\"Chou rouge\",\"nme\":\"Red Cabbage\",\"attr\":\"\",\"sku\":\"04554\",\"l2\":\"L\u00E9gumes\",\"sl\":\"chou-rouge-04554\",\"sn\":\"\",\"idxP\":2},{\"nm\":\"Poire asiatique\",\"nme\":\"Asian Pear\",\"attr\":\"\",\"sku\":\"04407\",\"l2\":\"Fruits\",\"sl\":\"poire-asiatique-04407\",\"sn\":\"poires\",\"idxP\":34},{\"nm\":\"Chou de bruxelles\",\"nme\":\"Brussel Sprout\",\"attr\":\"\",\"sku\":\"04550\",\"l2\":\"L\u00E9gumes\",\"sl\":\"chou-de-bruxelles-04550\",\"sn\":\"\",\"idxP\":69},{\"nm\":\"Chou nappa\",\"nme\":\"Napa Cabbage\",\"attr\":\"\",\"sku\":\"04552\",\"l2\":\"L\u00E9gumes\",\"sl\":\"chou-nappa-04552\",\"sn\":\"\",\"idxP\":59},{\"nm\":\"Poire bartlett\",\"nme\":\"Bartlett Pears\",\"attr\":\"\",\"sku\":\"04024\",\"l2\":\"Fruits\",\"sl\":\"poire-bartlett-04024\",\"sn\":\"poires\",\"idxP\":-42},{\"nm\":\"Banane plantain\",\"nme\":\"Plantain Banana\",\"attr\":\"\",\"sku\":\"04235\",\"l2\":\"Fruits\",\"sl\":\"banane-plantain-04235\",\"sn\":\"bananes\",\"idxP\":66},{\"nm\":\"Rabiole\",\"nme\":\"Turnip\",\"attr\":\"\",\"sku\":\"04811\",\"l2\":\"L\u00E9gumes\",\"sl\":\"rabiole-04811\",\"sn\":\"biologique\",\"idxP\":52},{\"nm\":\"Chou de savoie\",\"nme\":\"Savoy Cabbage\",\"attr\":\"\",\"sku\":\"04555\",\"l2\":\"L\u00E9gumes\",\"sl\":\"chou-de-savoie-04555\",\"sn\":\"\",\"idxP\":32},{\"nm\":\"Banane biologique\",\"nme\":\"Organic Banana\",\"attr\":\"Biologique\",\"sku\":\"94011\",\"l2\":\"Fruits\",\"sl\":\"banane-biologique-94011\",\"sn\":\"ananas, biologique, bananes, bio, organic, organique\",\"idxP\":55},{\"nm\":\"Radicchio\",\"nme\":\"Radicchio\",\"attr\":\"\",\"sku\":\"04738\",\"l2\":\"L\u00E9gumes\",\"sl\":\"radicchio-04738\",\"sn\":\"\",\"idxP\":98},{\"nm\":\"C\u00E9leri-rave\",\"nme\":\"Celeriac\",\"attr\":\"\",\"sku\":\"04585\",\"l2\":\"L\u00E9gumes\",\"sl\":\"celeri-rave-04585\",\"sn\":\"\",\"idxP\":59},{\"nm\":\"Banane biologique\",\"nme\":\"Organic Banana\",\"attr\":\"Biologique\",\"sku\":\"05059\",\"l2\":\"Fruits\",\"sl\":\"banane-biologique-05059\",\"sn\":\"ananas, biologique, bananes, bio, organic, organique\",\"idxP\":5},{\"mq\":\"Frutas\",\"nm\":\"Croustilles de patate douce sal\u00E9es\",\"nme\":\"Salted Sweet Potato Chips\",\"attr\":\"\",\"sku\":\"31721\",\"l2\":\"Noix et fruits secs\",\"sl\":\"croustilles-de-patate-douce-salees-frutas-31721\",\"sn\":\"croustille, patates\",\"idxP\":46},{\"mq\":\"Frutas\",\"nm\":\"Sucre brun panela pur de canne\",\"nme\":\"Panela cane brown sugar\",\"attr\":\"\",\"sku\":\"31725\",\"l2\":\"Autre\",\"sl\":\"sucre-brun-panela-pur-de-canne-frutas-31725\",\"sn\":\"\",\"idxP\":25},{\"mq\":\"Frutas\",\"nm\":\"Croustilles de yuca jalapeno\",\"nme\":\"Jalapeno Yuca Crisps\",\"attr\":\"\",\"sku\":\"31723\",\"l2\":\"Noix et fruits secs\",\"sl\":\"croustilles-de-yuca-jalapeno-frutas-31723\",\"sn\":\"croustille\",\"idxP\":81},{\"mq\":\"Mayrand CHEF\",\"nm\":\"Granule de framboise\",\"nme\":\"Raspberry Granule\",\"attr\":\"\",\"sku\":\"32380\",\"l2\":\"Noix et fruits secs\",\"sl\":\"granule-de-framboise-mayrand-chef-32380\",\"sn\":\"framboises\",\"idxP\":28},{\"mq\":\"Chant-o-vent\",\"nm\":\"Ail marin\u00E9\",\"nme\":\"Pickled Garlic\",\"attr\":\"Aliment du Qu\u00E9bec, Produit local\",\"sku\":\"04098\",\"l2\":\"L\u00E9gumes\",\"sl\":\"ail-marine-chant-o-vent-04098\",\"sn\":\"\",\"idxP\":33},{\"nm\":\"Noix de coco\",\"nme\":\"Coconut\",\"attr\":\"\",\"sku\":\"04262\",\"l2\":\"Fruits\",\"sl\":\"noix-de-coco-04262\",\"sn\":\"\",\"idxP\":68},{\"mq\":\"Mayrand CHEF\",\"nm\":\"Granule de mangue\",\"nme\":\"mango granules\",\"attr\":\"\",\"sku\":\"05069\",\"l2\":\"Noix et fruits secs\",\"sl\":\"granule-de-mangue-mayrand-chef-05069\",\"sn\":\"mangues\",\"idxP\":18},{\"mq\":\"Mayrand CHEF\",\"nm\":\"Granule de fraise\",\"nme\":\"strawberry granules\",\"attr\":\"\",\"sku\":\"05037\",\"l2\":\"Noix et fruits secs\",\"sl\":\"granule-de-fraise-mayrand-chef-05037\",\"sn\":\"fraises\",\"idxP\":28},{\"nm\":\"Poire rocha\",\"nme\":\"Rocha Pear\",\"attr\":\"\",\"sku\":\"26796\",\"l2\":\"Fruits\",\"sl\":\"poire-rocha-26796\",\"sn\":\"poires\",\"idxP\":41},{\"nm\":\"Carotte nantaise orange\",\"nme\":\"Orange Nantes Carrot\",\"attr\":\"Produit local\",\"sku\":\"04560\",\"l2\":\"L\u00E9gumes\",\"sl\":\"carotte-nantaise-orange-04560\",\"sn\":\"carottes\",\"idxP\":75},{\"nm\":\"Carotte nantaise couleur\",\"nme\":\"Coloured Nantes Carrot\",\"attr\":\"Produit local\",\"sku\":\"40375\",\"l2\":\"L\u00E9gumes\",\"sl\":\"carotte-nantaise-couleur-40375\",\"sn\":\"carottes\",\"idxP\":84},{\"mq\":\"Mayrand CHEF\",\"nm\":\"Bretzel enrob\u00E9 de chocolat au lait\",\"nme\":\"Milk Chocolate Coated Pretzel\",\"attr\":\"\",\"sku\":\"33495\",\"l2\":\"Noix et fruits secs\",\"sl\":\"bretzel-enrobe-de-chocolat-au-lait-mayrand-chef-33495\",\"sn\":\"\",\"idxP\":51},{\"mq\":\"Mayrand CHEF\",\"nm\":\"Noix de pin\",\"nme\":\"Pine Nut\",\"attr\":\"\",\"sku\":\"33532\",\"l2\":\"Noix et fruits secs\",\"sl\":\"noix-de-pin-mayrand-chef-33532\",\"sn\":\"\",\"idxP\":58},{\"nm\":\"Cl\u00E9mentine bo\u00EEte\",\"nme\":\"Clementine\",\"attr\":\"\",\"sku\":\"07808\",\"l2\":\"Fruits\",\"sl\":\"clementine-boite-07808\",\"sn\":\"\",\"idxP\":100},{\"mq\":\"Mayrand CHEF\",\"nm\":\"Amande moulue en farine extra fine\",\"nme\":\"Extra Fine Ground Almond Flour\",\"attr\":\"\",\"sku\":\"33498\",\"l2\":\"Noix et fruits secs\",\"sl\":\"amande-moulue-en-farine-extra-fine-mayrand-chef-33498\",\"sn\":\"amandes\",\"idxP\":53},{\"nm\":\"Cl\u00E9mentine\",\"nme\":\"Clementine\",\"attr\":\"\",\"sku\":\"05703\",\"l2\":\"Fruits\",\"sl\":\"clementine-05703\",\"sn\":\"\",\"idxP\":6},{\"mq\":\"Mayrand CHEF\",\"nm\":\"Noix de macadam en morceaux\",\"nme\":\"Macadamia Nut Pieces\",\"attr\":\"\",\"sku\":\"33494\",\"l2\":\"Noix et fruits secs\",\"sl\":\"noix-de-macadam-en-morceaux-mayrand-chef-33494\",\"sn\":\"\",\"idxP\":12},{\"mq\":\"Mayrand CHEF\",\"nm\":\"Arachide au miel\",\"nme\":\"Honey Peanut\",\"attr\":\"\",\"sku\":\"33533\",\"l2\":\"Noix et fruits secs\",\"sl\":\"arachide-au-miel-mayrand-chef-33533\",\"sn\":\"\",\"idxP\":55},{\"mq\":\"Mayrand CHEF\",\"nm\":\"Ma\u00EFs r\u00F4ti sal\u00E9\",\"nme\":\"Salted Roasted Corn\",\"attr\":\"\",\"sku\":\"33479\",\"l2\":\"Noix et fruits secs\",\"sl\":\"mais-roti-sale-mayrand-chef-33479\",\"sn\":\"\",\"idxP\":76},{\"mq\":\"Mayrand CHEF\",\"nm\":\"Ma\u00EFs BBQ\",\"nme\":\"BBQ Corn\",\"attr\":\"\",\"sku\":\"33481\",\"l2\":\"Noix et fruits secs\",\"sl\":\"mais-bbq-mayrand-chef-33481\",\"sn\":\"\",\"idxP\":69},{\"mq\":\"Golden Valley\",\"nm\":\"Pruneaux d\u00E9noyaut\u00E9s\",\"nme\":\"Pitted Prunes\",\"attr\":\"\",\"sku\":\"33489\",\"l2\":\"Noix et fruits secs\",\"sl\":\"pruneaux-denoyautes-golden-valley-33489\",\"sn\":\"\",\"idxP\":68},{\"mq\":\"Mayrand CHEF\",\"nm\":\"Amande enrob\u00E9e de chocolat noir\",\"nme\":\"Dark Chocolate Coated Almond\",\"attr\":\"\",\"sku\":\"33504\",\"l2\":\"Noix et fruits secs\",\"sl\":\"amande-enrobee-de-chocolat-noir-mayrand-chef-33504\",\"sn\":\"amandes\",\"idxP\":88},{\"nm\":\"Grenadilla\",\"nme\":\"Grenadilla\",\"attr\":\"\",\"sku\":\"03038\",\"l2\":\"Fruits\",\"sl\":\"grenadilla-03038\",\"sn\":\"\",\"idxP\":65},{\"nm\":\"Pomelo\",\"nme\":\"Pomelo\",\"attr\":\"\",\"sku\":\"04279\",\"l2\":\"Fruits\",\"sl\":\"pomelo-04279\",\"sn\":\"\",\"idxP\":54},{\"mq\":\"Mayrand CHEF\",\"nm\":\"Arachide enrob\u00E9e de chocolat au lait\",\"nme\":\"Milk Chocolate Peanut\",\"attr\":\"\",\"sku\":\"29465\",\"l2\":\"Noix et fruits secs\",\"sl\":\"arachide-enrobee-de-chocolat-au-lait-mayrand-chef-29465\",\"sn\":\"\",\"idxP\":66},{\"nm\":\"Piment fort vert long\",\"nme\":\"Green Hot Long Pepper\",\"attr\":\"\",\"sku\":\"04696\",\"l2\":\"L\u00E9gumes\",\"sl\":\"piment-fort-vert-long-04696\",\"sn\":\"piments\",\"idxP\":30},{\"nm\":\"Cerise rouge\",\"nme\":\"Red Cherry\",\"attr\":\"\",\"sku\":\"04045\",\"l2\":\"Fruits\",\"sl\":\"cerise-rouge-04045\",\"sn\":\"\",\"idxP\":66},{\"nm\":\"Piment fort finger vert\",\"nme\":\"Green Hot Finger Pepper\",\"attr\":\"\",\"sku\":\"17020\",\"l2\":\"L\u00E9gumes\",\"sl\":\"piment-fort-finger-vert-17020\",\"sn\":\"piments\",\"idxP\":12},{\"nm\":\"Piment fort cubanelle\",\"nme\":\"Cubanelle Pepper\",\"attr\":\"\",\"sku\":\"04687\",\"l2\":\"L\u00E9gumes\",\"sl\":\"piment-fort-cubanelle-04687\",\"sn\":\"piments\",\"idxP\":42},{\"nm\":\"Piment fort hongrois\",\"nme\":\"Hot Hungarian Pepper\",\"attr\":\"\",\"sku\":\"04690\",\"l2\":\"L\u00E9gumes\",\"sl\":\"piment-fort-hongrois-04690\",\"sn\":\"piments\",\"idxP\":12},{\"nm\":\"Panais\",\"nme\":\"Parsnip\",\"attr\":\"\",\"sku\":\"04672\",\"l2\":\"L\u00E9gumes\",\"sl\":\"panais-04672\",\"sn\":\"\",\"idxP\":73},{\"nm\":\"Tomatillo\",\"nme\":\"Tomatillo\",\"attr\":\"\",\"sku\":\"04801\",\"l2\":\"L\u00E9gumes\",\"sl\":\"tomatillo-04801\",\"sn\":\"\",\"idxP\":2},{\"nm\":\"Poivron rouge\",\"nme\":\"Red Bell Pepper\",\"attr\":\"\",\"sku\":\"40188\",\"l2\":\"L\u00E9gumes\",\"sl\":\"poivron-rouge-40188\",\"sn\":\"\",\"idxP\":55},{\"nm\":\"Poivron mini doux\",\"nme\":\"Sweet Mini Pepper\",\"attr\":\"\",\"sku\":\"09248\",\"l2\":\"L\u00E9gumes\",\"sl\":\"poivron-mini-doux-09248\",\"sn\":\"\",\"idxP\":100},{\"nm\":\"Fraise QC\",\"nme\":\"Strawberry QC\",\"attr\":\"Produit local\",\"sku\":\"30121\",\"l2\":\"Fruits\",\"sl\":\"fraise-qc-30121\",\"sn\":\"fraises\",\"idxP\":67},{\"nm\":\"Bleuet chopine\",\"nme\":\"Blueberry Pint\",\"attr\":\"\",\"sku\":\"27310\",\"l2\":\"Fruits\",\"sl\":\"bleuet-chopine-27310\",\"sn\":\"\",\"idxP\":100},{\"nm\":\"Ma\u00EFs bicolore sac\",\"nme\":\"Bicolor Corn Bag\",\"attr\":\"\",\"sku\":\"10111\",\"l2\":\"L\u00E9gumes\",\"sl\":\"mais-bicolore-sac-10111\",\"sn\":\"\",\"idxP\":67},{\"nm\":\"Raisin bleu panier\",\"nme\":\"Blue Grape Basket\",\"attr\":\"\",\"sku\":\"10160\",\"l2\":\"Fruits\",\"sl\":\"raisin-bleu-panier-10160\",\"sn\":\"raisins\",\"idxP\":0},{\"mq\":\"Balsa\u00EF\",\"nm\":\"Ail fleur biologique flocon\",\"nme\":\"Organic Garlic Scape Powder\",\"attr\":\"Biologique, Produit local\",\"sku\":\"10352\",\"l2\":\"L\u00E9gumes\",\"sl\":\"ail-fleur-biologique-flocon-balsai-10352\",\"sn\":\"biologique, bio, organic, organique\",\"idxP\":10},{\"mq\":\"La Jardini\u00E8re\",\"nm\":\"\u00C9pices pour salades et l\u00E9gumes Louisiane\",\"nme\":\"Louisiana Salad and Vegetable Spices\",\"attr\":\"Produit local\",\"sku\":\"10353\",\"l2\":\"Fines herbes et vinaigrette\",\"sl\":\"epices-pour-salades-et-legumes-louisiane-la-jardiniere-10353\",\"sn\":\"\",\"idxP\":2},{\"mq\":\"Vespucci\",\"nm\":\"Jus de raisin \u00E0 vin Alicante\",\"nme\":\"Wine Juice Alicante\",\"attr\":\"\",\"sku\":\"45010\",\"l2\":\"Fruits\",\"sl\":\"jus-de-raisin-a-vin-alicante-vespucci-45010\",\"sn\":\"raisins\",\"idxP\":39},{\"mq\":\"Vespucci\",\"nm\":\"Jus de raisin \u00E0 vin Cabernet Sauvignon\",\"nme\":\"Wine Juice Cabernet Sauvignon\",\"attr\":\"\",\"sku\":\"45003\",\"l2\":\"Fruits\",\"sl\":\"jus-de-raisin-a-vin-cabernet-sauvignon-vespucci-45003\",\"sn\":\"raisins\",\"idxP\":56},{\"mq\":\"Vespucci\",\"nm\":\"Jus de raisin \u00E0 vin Zinfandel\",\"nme\":\"Wine Juice Zinfandel\",\"attr\":\"\",\"sku\":\"45018\",\"l2\":\"Fruits\",\"sl\":\"jus-de-raisin-a-vin-zinfandel-vespucci-45018\",\"sn\":\"raisins\",\"idxP\":48},{\"mq\":\"Vespucci\",\"nm\":\"Jus de raisin \u00E0 vin Chardonnay\",\"nme\":\"Chardonnay Wine Juice\",\"attr\":\"\",\"sku\":\"40704\",\"l2\":\"Fruits\",\"sl\":\"jus-de-raisin-a-vin-chardonnay-vespucci-40704\",\"sn\":\"raisins\",\"idxP\":50},{\"mq\":\"Vespucci\",\"nm\":\"Jus de raisin \u00E0 vin Merlot\",\"nme\":\"Wine Juice Merlot\",\"attr\":\"\",\"sku\":\"45000\",\"l2\":\"Fruits\",\"sl\":\"jus-de-raisin-a-vin-merlot-vespucci-45000\",\"sn\":\"raisins\",\"idxP\":46},{\"mq\":\"Vespucci\",\"nm\":\"Jus de raisin \u00E0 vin Grenache ros\u00E9\",\"nme\":\"Wine Juice Pink Grenache\",\"attr\":\"\",\"sku\":\"45013\",\"l2\":\"Fruits\",\"sl\":\"jus-de-raisin-a-vin-grenache-rose-vespucci-45013\",\"sn\":\"raisins\",\"idxP\":39},{\"mq\":\"Vespucci\",\"nm\":\"Jus de raisin \u00E0 vin Ruby Caber\",\"nme\":\"Wine Juice Ruby Cabernet\",\"attr\":\"\",\"sku\":\"45011\",\"l2\":\"Fruits\",\"sl\":\"jus-de-raisin-a-vin-ruby-caber-vespucci-45011\",\"sn\":\"raisins\",\"idxP\":39},{\"mq\":\"Vespucci\",\"nm\":\"Jus de raisin \u00E0 vin Pinot noir\",\"nme\":\"Wine Juice Black Pinot\",\"attr\":\"\",\"sku\":\"45017\",\"l2\":\"Fruits\",\"sl\":\"jus-de-raisin-a-vin-pinot-noir-vespucci-45017\",\"sn\":\"raisins\",\"idxP\":49},{\"mq\":\"Vespucci\",\"nm\":\"Jus de raisin \u00E0 vin Sauvignon blanc\",\"nme\":\"Wine Juice White Sauvignon\",\"attr\":\"\",\"sku\":\"45014\",\"l2\":\"Fruits\",\"sl\":\"jus-de-raisin-a-vin-sauvignon-blanc-vespucci-45014\",\"sn\":\"raisins\",\"idxP\":43},{\"mq\":\"Vespucci\",\"nm\":\"Jus de raisin \u00E0 vin Thompson mix\",\"nme\":\"Wine Juice Thompson Mix\",\"attr\":\"\",\"sku\":\"45016\",\"l2\":\"Fruits\",\"sl\":\"jus-de-raisin-a-vin-thompson-mix-vespucci-45016\",\"sn\":\"raisins\",\"idxP\":31},{\"mq\":\"Vespucci\",\"nm\":\"Jus de raisin \u00E0 vin Carrignane\",\"nme\":\"Wine Juice Carrignane\",\"attr\":\"\",\"sku\":\"45012\",\"l2\":\"Fruits\",\"sl\":\"jus-de-raisin-a-vin-carrignane-vespucci-45012\",\"sn\":\"raisins\",\"idxP\":35}], [{\"mq\":\"Vespucci\",\"nm\":\"Jus de raisin \u00E0 vin Muscat\",\"nme\":\"Wine Juice Muscat\",\"attr\":\"\",\"sku\":\"45015\",\"l2\":\"Fruits\",\"sl\":\"jus-de-raisin-a-vin-muscat-vespucci-45015\",\"sn\":\"raisins\",\"idxP\":40},{\"nm\":\"Laitue romaine\",\"nme\":\"Romaine Lettuce\",\"attr\":\"\",\"sku\":\"04640\",\"l2\":\"L\u00E9gumes\",\"sl\":\"laitue-romaine-04640\",\"sn\":\"\",\"idxP\":23},{\"nm\":\"Melon miel\",\"nme\":\"Honeydew Melon\",\"attr\":\"\",\"sku\":\"04329\",\"l2\":\"Fruits\",\"sl\":\"melon-miel-04329\",\"sn\":\"\",\"idxP\":100},{\"nm\":\"Pamplemousse rose\",\"nme\":\"Pink Grapefruit\",\"attr\":\"\",\"sku\":\"07869\",\"l2\":\"Fruits\",\"sl\":\"pamplemousse-rose-07869\",\"sn\":\"\",\"idxP\":81},{\"mq\":\"Mayrand CHEF\",\"nm\":\"Mac\u00E9doine \u00E0 spaghetti\",\"nme\":\"Mixed Vegetables for Spaghetti\",\"attr\":\"\",\"sku\":\"00249\",\"l2\":\"L\u00E9gumes\",\"sl\":\"macedoine-a-spaghetti-mayrand-chef-00249\",\"sn\":\"\",\"idxP\":67},{\"mq\":\"Mayrand CHEF\",\"nm\":\"M\u00E9lange l\u00E9gumes \u00E0 saut\u00E9\",\"nme\":\"Stir-fry vegetable mix\",\"attr\":\"\",\"sku\":\"00257\",\"l2\":\"L\u00E9gumes\",\"sl\":\"melange-legumes-a-saute-mayrand-chef-00257\",\"sn\":\"\",\"idxP\":24},{\"mq\":\"Mayrand CHEF\",\"nm\":\"Plateau de crudit\u00E9s\",\"nme\":\"Raw Vegetables Platter\",\"attr\":\"\",\"sku\":\"00314\",\"l2\":\"Fruits et l\u00E9gumes coup\u00E9s\",\"sl\":\"plateau-de-crudites-mayrand-chef-00314\",\"sn\":\"plateau\",\"idxP\":22},{\"mq\":\"Mayrand CHEF\",\"nm\":\"Carotte r\u00E2p\u00E9e\",\"nme\":\"Shredded Carrot\",\"attr\":\"\",\"sku\":\"00248\",\"l2\":\"L\u00E9gumes\",\"sl\":\"carotte-rapee-mayrand-chef-00248\",\"sn\":\"carottes\",\"idxP\":45},{\"mq\":\"Mayrand CHEF\",\"nm\":\"Plateau de fruits\",\"nme\":\"Fruit Platter\",\"attr\":\"\",\"sku\":\"00315\",\"l2\":\"Fruits et l\u00E9gumes coup\u00E9s\",\"sl\":\"plateau-de-fruits-mayrand-chef-00315\",\"sn\":\"plateau\",\"idxP\":23},{\"mq\":\"Mayrand CHEF\",\"nm\":\"M\u00E9lange \u00E0 spirale\",\"nme\":\"Spiral Mix\",\"attr\":\"\",\"sku\":\"00250\",\"l2\":\"L\u00E9gumes\",\"sl\":\"melange-a-spirale-mayrand-chef-00250\",\"sn\":\"\",\"idxP\":40},{\"mq\":\"Mayrand CHEF\",\"nm\":\"M\u00E9lange pok\u00E9\",\"nme\":\"Poke Mix\",\"attr\":\"\",\"sku\":\"00251\",\"l2\":\"L\u00E9gumes\",\"sl\":\"melange-poke-mayrand-chef-00251\",\"sn\":\"\",\"idxP\":70},{\"mq\":\"Mayrand CHEF\",\"nm\":\"Chou et carotte r\u00E2p\u00E9s\",\"nme\":\"Shredded Cabbage and Carrot\",\"attr\":\"\",\"sku\":\"00247\",\"l2\":\"L\u00E9gumes\",\"sl\":\"chou-et-carotte-rapes-mayrand-chef-00247\",\"sn\":\"carottes\",\"idxP\":75},{\"mq\":\"Mayrand CHEF\",\"nm\":\"Chou \u00E9minc\u00E9\",\"nme\":\"Minced Cabbage\",\"attr\":\"\",\"sku\":\"00333\",\"l2\":\"L\u00E9gumes\",\"sl\":\"chou-emince-mayrand-chef-00333\",\"sn\":\"\",\"idxP\":72},{\"mq\":\"Mayrand CHEF\",\"nm\":\"Chou r\u00E2p\u00E9\",\"nme\":\"Shredded Cabbage\",\"attr\":\"\",\"sku\":\"00332\",\"l2\":\"L\u00E9gumes\",\"sl\":\"chou-rape-mayrand-chef-00332\",\"sn\":\"\",\"idxP\":58},{\"nm\":\"Grenade\",\"nme\":\"Pomegranate\",\"attr\":\"\",\"sku\":\"03127\",\"l2\":\"Fruits\",\"sl\":\"grenade-03127\",\"sn\":\"\",\"idxP\":65},{\"nm\":\"F\u00E8ve germ\u00E9e\",\"nme\":\"Bean Sprout\",\"attr\":\"\",\"sku\":\"05014\",\"l2\":\"L\u00E9gumes\",\"sl\":\"feve-germee-05014\",\"sn\":\"\",\"idxP\":9},{\"nm\":\"\u00C9pinard jeune\",\"nme\":\"Baby Spinach\",\"attr\":\"\",\"sku\":\"03332\",\"l2\":\"L\u00E9gumes\",\"sl\":\"epinard-jeune-03332\",\"sn\":\"\u00E9pinards\",\"idxP\":62},{\"nm\":\"Betterave sous-vide\",\"nme\":\"Vacuum Sealed Beet\",\"attr\":\"\",\"sku\":\"40039\",\"l2\":\"L\u00E9gumes\",\"sl\":\"betterave-sous-vide-40039\",\"sn\":\"\",\"idxP\":87},{\"nm\":\"Gingembre racine\",\"nme\":\"Ginger Root\",\"attr\":\"\",\"sku\":\"27358\",\"l2\":\"L\u00E9gumes\",\"sl\":\"gingembre-racine-27358\",\"sn\":\"\",\"idxP\":7},{\"mq\":\"Valli\",\"nm\":\"Champignon assorti s\u00E9ch\u00E9\",\"nme\":\"Dried Assorted Mushroom\",\"attr\":\"\",\"sku\":\"27142\",\"l2\":\"Fines herbes et vinaigrette\",\"sl\":\"champignon-assorti-seche-valli-27142\",\"sn\":\"\",\"idxP\":39},{\"mq\":\"D\u00E9lices de la For\u00EAt\",\"nm\":\"Tomate s\u00E9ch\u00E9e\",\"nme\":\"Dried Tomato\",\"attr\":\"\",\"sku\":\"23415\",\"l2\":\"Noix et fruits secs\",\"sl\":\"tomate-sechee-delices-de-la-foret-23415\",\"sn\":\"tomates\",\"idxP\":37},{\"mq\":\"Valli\",\"nm\":\"Champignon shiitake s\u00E9ch\u00E9\",\"nme\":\"Dried Shiitake Mushroom\",\"attr\":\"\",\"sku\":\"23039\",\"l2\":\"Fines herbes et vinaigrette\",\"sl\":\"champignon-shiitake-seche-valli-23039\",\"sn\":\"\",\"idxP\":17},{\"nm\":\"Oignon vert\",\"nme\":\"Green Onion\",\"attr\":\"\",\"sku\":\"04068\",\"l2\":\"L\u00E9gumes\",\"sl\":\"oignon-vert-04068\",\"sn\":\"onions, oignons\",\"idxP\":100},{\"nm\":\"Cl\u00E9mentine\",\"nme\":\"Clementine\",\"attr\":\"\",\"sku\":\"04450\",\"l2\":\"Fruits\",\"sl\":\"clementine-04450\",\"sn\":\"\",\"idxP\":56},{\"nm\":\"Datte deglet nour sur branche\",\"nme\":\"Deglet Noor Date on Branch\",\"attr\":\"\",\"sku\":\"40499\",\"l2\":\"Noix et fruits secs\",\"sl\":\"datte-deglet-nour-sur-branche-40499\",\"sn\":\"\",\"idxP\":8},{\"nm\":\"Oignon vert x6\",\"nme\":\"Green Onion x6\",\"attr\":\"\",\"sku\":\"80007\",\"l2\":\"L\u00E9gumes\",\"sl\":\"oignon-vert-x6-80007\",\"sn\":\"onions, oignons\",\"idxP\":93},{\"nm\":\"Laurier\",\"nme\":\"Laurier\",\"attr\":\"\",\"sku\":\"03062\",\"l2\":\"Fines herbes et vinaigrette\",\"sl\":\"laurier-03062\",\"sn\":\"\",\"idxP\":0},{\"nm\":\"Poire bartlett\",\"nme\":\"Bartlett Pear\",\"attr\":\"\",\"sku\":\"27611\",\"l2\":\"Fruits\",\"sl\":\"poire-bartlett-27611\",\"sn\":\"poires\",\"idxP\":14},{\"mq\":\"Litehouse\",\"nm\":\"Trempette ranch sud-ouest\",\"nme\":\"Southwest Ranch Dip\",\"attr\":\"\",\"sku\":\"01674\",\"l2\":\"Fines herbes et vinaigrette\",\"sl\":\"trempette-ranch-sud-ouest-litehouse-01674\",\"sn\":\"\",\"idxP\":30},{\"mq\":\"Litehouse\",\"nm\":\"Trempette aux \u00E9pinards et parmesan\",\"nme\":\"Spinach and Parmesan Dip\",\"attr\":\"\",\"sku\":\"01673\",\"l2\":\"Fines herbes et vinaigrette\",\"sl\":\"trempette-aux-epinards-et-parmesan-litehouse-01673\",\"sn\":\"\u00E9pinards\",\"idxP\":17},{\"mq\":\"Litehouse\",\"nm\":\"Trempette ranch avocat\",\"nme\":\"Avocado Ranch Dip\",\"attr\":\"\",\"sku\":\"01675\",\"l2\":\"Fines herbes et vinaigrette\",\"sl\":\"trempette-ranch-avocat-litehouse-01675\",\"sn\":\"avocats\",\"idxP\":23},{\"nm\":\"Raisin noir\",\"nme\":\"Black Grape\",\"attr\":\"\",\"sku\":\"04056\",\"l2\":\"Fruits\",\"sl\":\"raisin-noir-04056\",\"sn\":\"raisins\",\"idxP\":48},{\"nm\":\"Raisin noir\",\"nme\":\"Black Grape\",\"attr\":\"\",\"sku\":\"27321\",\"l2\":\"Fruits\",\"sl\":\"raisin-noir-27321\",\"sn\":\"raisins\",\"idxP\":2},{\"nm\":\"Citronnelle\",\"nme\":\"Lemongrass\",\"attr\":\"\",\"sku\":\"26885\",\"l2\":\"Fines herbes et vinaigrette\",\"sl\":\"citronnelle-26885\",\"sn\":\"citrons\",\"idxP\":17},{\"nm\":\"Laitue fleur de mirabel duo\",\"nme\":\"Duo Mirabel Lettuce Flower\",\"attr\":\"Aliment du Qu\u00E9bec, Produit local\",\"sku\":\"09908\",\"l2\":\"L\u00E9gumes\",\"sl\":\"laitue-fleur-de-mirabel-duo-09908\",\"sn\":\"\",\"idxP\":30},{\"nm\":\"Cl\u00E9mentine filet\",\"nme\":\"Clementine Bag\",\"attr\":\"\",\"sku\":\"07809\",\"l2\":\"Fruits\",\"sl\":\"clementine-filet-07809\",\"sn\":\"\",\"idxP\":100},{\"nm\":\"Carotte\",\"nme\":\"Carrot\",\"attr\":\"\",\"sku\":\"09121\",\"l2\":\"L\u00E9gumes\",\"sl\":\"carotte-09121\",\"sn\":\"carottes\",\"idxP\":85},{\"nm\":\"Mineola\",\"nme\":\"Mineola\",\"attr\":\"\",\"sku\":\"04456\",\"l2\":\"Fruits\",\"sl\":\"mineola-04456\",\"sn\":\"\",\"idxP\":32},{\"nm\":\"Carotte nantaise couleur\",\"nme\":\"Coloured Nantes Carrot\",\"attr\":\"\",\"sku\":\"09115\",\"l2\":\"L\u00E9gumes\",\"sl\":\"carotte-nantaise-couleur-09115\",\"sn\":\"carottes\",\"idxP\":67},{\"nm\":\"Canneberge fra\u00EEche\",\"nme\":\"Fresh Cranberry\",\"attr\":\"\",\"sku\":\"05091\",\"l2\":\"Fruits\",\"sl\":\"canneberge-fraiche-05091\",\"sn\":\"\",\"idxP\":42},{\"nm\":\"Nectarine panier\",\"nme\":\"Nectarine Basket\",\"attr\":\"\",\"sku\":\"33738\",\"l2\":\"Fruits\",\"sl\":\"nectarine-panier-33738\",\"sn\":\"\",\"idxP\":84},{\"nm\":\"Oignon rouge\",\"nme\":\"Red Onion\",\"attr\":\"\",\"sku\":\"05029\",\"l2\":\"L\u00E9gumes\",\"sl\":\"oignon-rouge-05029\",\"sn\":\"onions, oignons\",\"idxP\":73},{\"nm\":\"Prune jaune panier\",\"nme\":\"Yellow Plum Basket\",\"attr\":\"\",\"sku\":\"04444\",\"l2\":\"Fruits\",\"sl\":\"prune-jaune-panier-04444\",\"sn\":\"\",\"idxP\":0},{\"nm\":\"Prune bleue\",\"nme\":\"Blue Plum\",\"attr\":\"\",\"sku\":\"22528\",\"l2\":\"Fruits\",\"sl\":\"prune-bleue-22528\",\"sn\":\"\",\"idxP\":0},{\"nm\":\"Oignon blanc\",\"nme\":\"White Onion\",\"attr\":\"\",\"sku\":\"04663\",\"l2\":\"L\u00E9gumes\",\"sl\":\"oignon-blanc-04663\",\"sn\":\"onions, oignons\",\"idxP\":55},{\"nm\":\"Oignon jaune\",\"nme\":\"Yellow Onion\",\"attr\":\"\",\"sku\":\"04666\",\"l2\":\"L\u00E9gumes\",\"sl\":\"oignon-jaune-04666\",\"sn\":\"onions, oignons\",\"idxP\":100},{\"nm\":\"Oignon blanc\",\"nme\":\"White Onion\",\"attr\":\"\",\"sku\":\"40801\",\"l2\":\"L\u00E9gumes\",\"sl\":\"oignon-blanc-40801\",\"sn\":\"onions, oignons\",\"idxP\":21},{\"nm\":\"Curcuma racine\",\"nme\":\"Tumeric Root\",\"attr\":\"Biologique\",\"sku\":\"07364\",\"l2\":\"L\u00E9gumes\",\"sl\":\"curcuma-racine-07364\",\"sn\":\"biologique, bio, organic, organique, turmeric, safran des indes\",\"idxP\":62},{\"nm\":\"Grenade\",\"nme\":\"Pomegranate\",\"attr\":\"\",\"sku\":\"10608\",\"l2\":\"Fruits\",\"sl\":\"grenade-10608\",\"sn\":\"\",\"idxP\":17},{\"mq\":\"Mayrand CHEF\",\"nm\":\"Plateau Tout Arachide\",\"nme\":\"All Peanut Tray\",\"attr\":\"\",\"sku\":\"10610\",\"l2\":\"Noix et fruits secs\",\"sl\":\"plateau-tout-arachide-mayrand-chef-10610\",\"sn\":\"plateau\",\"idxP\":28},{\"mq\":\"Mayrand CHEF\",\"nm\":\"Roquette\",\"nme\":\"Arugula\",\"attr\":\"\",\"sku\":\"10650\",\"l2\":\"L\u00E9gumes\",\"sl\":\"roquette-mayrand-chef-10650\",\"sn\":\"\",\"idxP\":68},{\"mq\":\"Mayrand CHEF\",\"nm\":\"Plateau grignotines sal\u00E9es 5 \u00E0 7\",\"nme\":\"Salted Party Mix Tray\",\"attr\":\"\",\"sku\":\"10612\",\"l2\":\"Noix et fruits secs\",\"sl\":\"plateau-grignotines-salees-5-a-7-mayrand-chef-10612\",\"sn\":\"\",\"idxP\":46},{\"mq\":\"Mayrand CHEF\",\"nm\":\"\u00C9pinard jeune\",\"nme\":\"Baby Spinach\",\"attr\":\"Produit local\",\"sku\":\"10654\",\"l2\":\"L\u00E9gumes\",\"sl\":\"epinard-jeune-mayrand-chef-10654\",\"sn\":\"\u00E9pinards\",\"idxP\":81},{\"mq\":\"Mayrand CHEF\",\"nm\":\"Mesclun arcadian\",\"nme\":\"Arcadian Lettuce\",\"attr\":\"Produit local\",\"sku\":\"10652\",\"l2\":\"L\u00E9gumes\",\"sl\":\"mesclun-arcadian-mayrand-chef-10652\",\"sn\":\"\",\"idxP\":79},{\"mq\":\"Mayrand CHEF\",\"nm\":\"Plateau Choco Noix\",\"nme\":\"Choco Nuts Tray\",\"attr\":\"\",\"sku\":\"10611\",\"l2\":\"Noix et fruits secs\",\"sl\":\"plateau-choco-noix-mayrand-chef-10611\",\"sn\":\"plateau\",\"idxP\":32},{\"nm\":\"Cl\u00E9mentine feuille\",\"nme\":\"Clementine with Leaf\",\"attr\":\"\",\"sku\":\"10668\",\"l2\":\"Fruits\",\"sl\":\"clementine-feuille-10668\",\"sn\":\"\",\"idxP\":-16},{\"mq\":\"Mayrand CHEF\",\"nm\":\"Mangue en cubes\",\"nme\":\"Diced Mango\",\"attr\":\"\",\"sku\":\"10669\",\"l2\":\"Fruits\",\"sl\":\"mangue-en-cubes-mayrand-chef-10669\",\"sn\":\"mangues\",\"idxP\":17},{\"nm\":\"Noix m\u00E9lang\u00E9es en \u00E9cale\",\"nme\":\"Mixed Nuts in Shell\",\"attr\":\"\",\"sku\":\"10648\",\"l2\":\"Noix et fruits secs\",\"sl\":\"noix-melangees-en-ecale-10648\",\"sn\":\"\",\"idxP\":0},{\"mq\":\"Mayrand CHEF\",\"nm\":\"Salade de fruits classique sans melon\",\"nme\":\"Original Fruit Salad Without Melon\",\"attr\":\"\",\"sku\":\"10671\",\"l2\":\"Fruits\",\"sl\":\"salade-de-fruits-classique-sans-melon-mayrand-chef-10671\",\"sn\":\"\",\"idxP\":22},{\"mq\":\"Mayrand CHEF\",\"nm\":\"Salade de fruits buffet\",\"nme\":\"Buffet Fruit Salad\",\"attr\":\"\",\"sku\":\"10670\",\"l2\":\"Fruits\",\"sl\":\"salade-de-fruits-buffet-mayrand-chef-10670\",\"sn\":\"\",\"idxP\":10},{\"mq\":\"Mayrand CHEF\",\"nm\":\"Section d'orange et pamplemousse\",\"nme\":\"Orange and Grapefruit Section\",\"attr\":\"\",\"sku\":\"10672\",\"l2\":\"Fruits\",\"sl\":\"section-dorange-et-pamplemousse-mayrand-chef-10672\",\"sn\":\"\",\"idxP\":20},{\"mq\":\"Mayrand CHEF\",\"nm\":\"M\u00E9lange de fruits tropicaux\",\"nme\":\"Tropical Fruit Mix\",\"attr\":\"\",\"sku\":\"27776\",\"l2\":\"Noix et fruits secs\",\"sl\":\"melange-de-fruits-tropicaux-mayrand-chef-27776\",\"sn\":\"exotic, exotique, tropical\",\"idxP\":72},{\"nm\":\"Tomate cerise\",\"nme\":\"Cherry Tomato\",\"attr\":\"\",\"sku\":\"27936\",\"l2\":\"L\u00E9gumes\",\"sl\":\"tomate-cerise-27936\",\"sn\":\"tomates\",\"idxP\":82},{\"nm\":\"Radis frais\",\"nme\":\"Fresh Radish\",\"attr\":\"\",\"sku\":\"27799\",\"l2\":\"L\u00E9gumes\",\"sl\":\"radis-frais-27799\",\"sn\":\"\",\"idxP\":70},{\"nm\":\"Noix de grenoble naturelle en \u00E9cale\",\"nme\":\"Raw Walnut in Shell\",\"attr\":\"\",\"sku\":\"13591\",\"l2\":\"Noix et fruits secs\",\"sl\":\"noix-de-grenoble-naturelle-en-ecale-13591\",\"sn\":\"\",\"idxP\":0},{\"mq\":\"Mayrand CHEF\",\"nm\":\"Bleuet s\u00E9ch\u00E9\",\"nme\":\"Dried Blueberry\",\"attr\":\"\",\"sku\":\"10687\",\"l2\":\"Noix et fruits secs\",\"sl\":\"bleuet-seche-mayrand-chef-10687\",\"sn\":\"\",\"idxP\":27},{\"mq\":\"Mayrand CHEF\",\"nm\":\"M\u00E9lange samoura\u00EF\",\"nme\":\"Samurai Rice Craker Mix\",\"attr\":\"\",\"sku\":\"10690\",\"l2\":\"Noix et fruits secs\",\"sl\":\"melange-samourai-mayrand-chef-10690\",\"sn\":\"\",\"idxP\":41},{\"mq\":\"Mayrand CHEF\",\"nm\":\"Pacane \u00E0 l'\u00E9rable\",\"nme\":\"Maple Pecan\",\"attr\":\"\",\"sku\":\"10694\",\"l2\":\"Noix et fruits secs\",\"sl\":\"pacane-a-lerable-mayrand-chef-10694\",\"sn\":\"\",\"idxP\":63},{\"mq\":\"Mayrand CHEF\",\"nm\":\"Amande \u00E0 l'\u00E9rable\",\"nme\":\"Maple Almond\",\"attr\":\"\",\"sku\":\"10696\",\"l2\":\"Noix et fruits secs\",\"sl\":\"amande-a-lerable-mayrand-chef-10696\",\"sn\":\"amandes\",\"idxP\":63},{\"mq\":\"Mayrand CHEF\",\"nm\":\"Kiwi s\u00E9ch\u00E9 tranch\u00E9\",\"nme\":\"Dried Sliced Kiwi\",\"attr\":\"\",\"sku\":\"10685\",\"l2\":\"Noix et fruits secs\",\"sl\":\"kiwi-seche-tranche-mayrand-chef-10685\",\"sn\":\"\",\"idxP\":39},{\"mq\":\"Mayrand CHEF\",\"nm\":\"Arachide au beurre\",\"nme\":\"Butter Sugared Peanut\",\"attr\":\"\",\"sku\":\"10698\",\"l2\":\"Noix et fruits secs\",\"sl\":\"arachide-au-beurre-mayrand-chef-10698\",\"sn\":\"\",\"idxP\":19},{\"mq\":\"Mayrand CHEF\",\"nm\":\"M\u00E9lange oriental\",\"nme\":\"Oriental Rice Cracker Mix\",\"attr\":\"\",\"sku\":\"10693\",\"l2\":\"Noix et fruits secs\",\"sl\":\"melange-oriental-mayrand-chef-10693\",\"sn\":\"\",\"idxP\":45},{\"nm\":\"Poivron suntan\",\"nme\":\"Suntan Bell Pepper\",\"attr\":\"\",\"sku\":\"05032\",\"l2\":\"L\u00E9gumes\",\"sl\":\"poivron-suntan-05032\",\"sn\":\"\",\"idxP\":32},{\"mq\":\"Frutas\",\"nm\":\"Croustilles de yuca ranch\",\"nme\":\"Ranch Yuca Crisps\",\"attr\":\"\",\"sku\":\"10700\",\"l2\":\"Autre\",\"sl\":\"croustilles-de-yuca-ranch-frutas-10700\",\"sn\":\"\",\"idxP\":69},{\"mq\":\"Frutas\",\"nm\":\"Croustilles de yuca cr\u00E8me s\u00FBre et oignon\",\"nme\":\"Sour Cream and Onion Yuca Crisps\",\"attr\":\"\",\"sku\":\"10703\",\"l2\":\"Noix et fruits secs\",\"sl\":\"croustilles-de-yuca-creme-sure-et-oignon-frutas-10703\",\"sn\":\"onions, oignons\",\"idxP\":75},{\"mq\":\"Golden Valley\",\"nm\":\"Abricot s\u00E9ch\u00E9\",\"nme\":\"Dried Apricot\",\"attr\":\"\",\"sku\":\"27252\",\"l2\":\"Noix et fruits secs\",\"sl\":\"abricot-seche-golden-valley-27252\",\"sn\":\"\",\"idxP\":76},{\"nm\":\"Concombre libanais\",\"nme\":\"Lebanese Cucumber\",\"attr\":\"\",\"sku\":\"09083\",\"l2\":\"L\u00E9gumes\",\"sl\":\"concombre-libanais-09083\",\"sn\":\"concombres\",\"idxP\":100},{\"nm\":\"Ma\u00EFs bicolore\",\"nme\":\"Bicolor Corn\",\"attr\":\"\",\"sku\":\"04966\",\"l2\":\"L\u00E9gumes\",\"sl\":\"mais-bicolore-04966\",\"sn\":\"\",\"idxP\":100},{\"nm\":\"Melon d'eau en quartier (sangria)\",\"nme\":\"Sliced Watermelon (sangria)\",\"attr\":\"\",\"sku\":\"15770\",\"l2\":\"Fruits\",\"sl\":\"melon-deau-en-quartier-sangria-15770\",\"sn\":\"\",\"idxP\":14},{\"nm\":\"Pomme Lobo\",\"nme\":\"Lobo Apple\",\"attr\":\"\",\"sku\":\"08108\",\"l2\":\"Fruits\",\"sl\":\"pomme-lobo-08108\",\"sn\":\"apples, pommes\",\"idxP\":5},{\"nm\":\"Poivron orange\",\"nme\":\"Orange Bell Pepper\",\"attr\":\"\",\"sku\":\"13956\",\"l2\":\"L\u00E9gumes\",\"sl\":\"poivron-orange-13956\",\"sn\":\"\",\"idxP\":0},{\"nm\":\"Poivron jaune\",\"nme\":\"Yellow Bell Pepper\",\"attr\":\"\",\"sku\":\"27349\",\"l2\":\"L\u00E9gumes\",\"sl\":\"poivron-jaune-27349\",\"sn\":\"\",\"idxP\":1},{\"nm\":\"Pomme rouge d\u00E9licieuse\",\"nme\":\"Red Delicious Apple\",\"attr\":\"\",\"sku\":\"10882\",\"l2\":\"Fruits\",\"sl\":\"pomme-rouge-delicieuse-10882\",\"sn\":\"apples, pommes\",\"idxP\":83},{\"nm\":\"Pomme granny smith\",\"nme\":\"Granny Smith Apple\",\"attr\":\"\",\"sku\":\"10881\",\"l2\":\"Fruits\",\"sl\":\"pomme-granny-smith-10881\",\"sn\":\"apples, pommes\",\"idxP\":89},{\"nm\":\"Pomme jaune d\u00E9licieuse\",\"nme\":\"Yellow Delicious Apple\",\"attr\":\"\",\"sku\":\"10886\",\"l2\":\"Fruits\",\"sl\":\"pomme-jaune-delicieuse-10886\",\"sn\":\"apples, pommes\",\"idxP\":80},{\"nm\":\"Pomme honey crisp\",\"nme\":\"Honey Crisp Apple\",\"attr\":\"\",\"sku\":\"10890\",\"l2\":\"Fruits\",\"sl\":\"pomme-honey-crisp-10890\",\"sn\":\"apples, pommes\",\"idxP\":88},{\"nm\":\"Pomme gala\",\"nme\":\"Gala Apple\",\"attr\":\"\",\"sku\":\"10883\",\"l2\":\"Fruits\",\"sl\":\"pomme-gala-10883\",\"sn\":\"apples, pommes\",\"idxP\":80},{\"nm\":\"Persil fris\u00E9\\\/italien\",\"nme\":\"Curly\\\/italian parsley\",\"attr\":\"\",\"sku\":\"03616\",\"l2\":\"Fines herbes et vinaigrette\",\"sl\":\"persil-friseitalien-03616\",\"sn\":\"\",\"idxP\":67},{\"nm\":\"Pomme cortland\",\"nme\":\"Cortland Apple\",\"attr\":\"\",\"sku\":\"10889\",\"l2\":\"Fruits\",\"sl\":\"pomme-cortland-10889\",\"sn\":\"apples, pommes\",\"idxP\":95},{\"nm\":\"Raisin vert\",\"nme\":\"Green grape\",\"attr\":\"\",\"sku\":\"03618\",\"l2\":\"Fruits\",\"sl\":\"raisin-vert-03618\",\"sn\":\"raisins\",\"idxP\":100},{\"nm\":\"Pomme spartan\",\"nme\":\"Spartan Apple\",\"attr\":\"\",\"sku\":\"05160\",\"l2\":\"Fruits\",\"sl\":\"pomme-spartan-05160\",\"sn\":\"apples, pommes\",\"idxP\":86},{\"nm\":\"Kaki\",\"nme\":\"Persimmon\",\"attr\":\"\",\"sku\":\"60013\",\"l2\":\"Fruits\",\"sl\":\"kaki-vanille-60013\",\"sn\":\"\",\"idxP\":42},{\"mq\":\"Golden Valley\",\"nm\":\"Raisin thompson\",\"nme\":\"Thompson Raisin\",\"attr\":\"\",\"sku\":\"33474\",\"l2\":\"Noix et fruits secs\",\"sl\":\"raisin-thompson-golden-valley-33474\",\"sn\":\"raisins\",\"idxP\":28},{\"mq\":\"Sublima\",\"nm\":\"Fraises tranch\u00E9es lyophilis\u00E9es\",\"nme\":\"Freeze-dried sliced strawberries\",\"attr\":\"\",\"sku\":\"03638\",\"l2\":\"Noix et fruits secs\",\"sl\":\"fraises-tranchees-lyophilisees-sublima-03638\",\"sn\":\"fraises\",\"idxP\":21},{\"nm\":\"Kiwi\",\"nme\":\"Kiwi\",\"attr\":\"\",\"sku\":\"03635\",\"l2\":\"Fruits\",\"sl\":\"kiwi-03635\",\"sn\":\"\",\"idxP\":58},{\"mq\":\"Sublima\",\"nm\":\"Mangues tranch\u00E9es lyophilis\u00E9es\",\"nme\":\"Freeze-dried sliced mangoes\",\"attr\":\"\",\"sku\":\"03639\",\"l2\":\"Noix et fruits secs\",\"sl\":\"mangues-tranchees-lyophilisees-sublima-03639\",\"sn\":\"mangues\",\"idxP\":19},{\"mq\":\"Golden Valley\",\"nm\":\"Raisin sultana\",\"nme\":\"Sultana Grape\",\"attr\":\"\",\"sku\":\"33476\",\"l2\":\"Noix et fruits secs\",\"sl\":\"raisin-sultana-golden-valley-33476\",\"sn\":\"raisins\",\"idxP\":18},{\"mq\":\"Golden Valley\",\"nm\":\"Raisin dor\u00E9\",\"nme\":\"Golden Raisin\",\"attr\":\"\",\"sku\":\"33473\",\"l2\":\"Noix et fruits secs\",\"sl\":\"raisin-dore-golden-valley-33473\",\"sn\":\"raisins\",\"idxP\":19},{\"mq\":\"Frutas\",\"nm\":\"Croustilles de yuca sal\u00E9es\",\"nme\":\"Salted Yuca Crisps\",\"attr\":\"\",\"sku\":\"03636\",\"l2\":\"Noix et fruits secs\",\"sl\":\"croustilles-de-yuca-salees-frutas-03636\",\"sn\":\"\",\"idxP\":0},{\"mq\":\"Morille Qu\u00E9bec\",\"nm\":\"Champignons bolets s\u00E9ch\u00E9s\",\"nme\":\"Dried boletus mushroom\",\"attr\":\"\",\"sku\":\"03674\",\"l2\":\"Fines herbes et vinaigrette\",\"sl\":\"champignons-bolets-seches-morille-quebec-03674\",\"sn\":\"\",\"idxP\":4},{\"mq\":\"Morille Qu\u00E9bec\",\"nm\":\"Champignons m\u00E9lange sauvage s\u00E9ch\u00E9s\",\"nme\":\"Dried wild mix mushroom\",\"attr\":\"\",\"sku\":\"03673\",\"l2\":\"Fines herbes et vinaigrette\",\"sl\":\"champignons-melange-sauvage-seches-morille-quebec-03673\",\"sn\":\"\",\"idxP\":7},{\"nm\":\"Lime filet\",\"nme\":\"Lime Bag\",\"attr\":\"\",\"sku\":\"03427\",\"l2\":\"Fruits\",\"sl\":\"lime-filet-03427\",\"sn\":\"\",\"idxP\":100},{\"mq\":\"Morille Qu\u00E9bec\",\"nm\":\"Champignons shiitakes s\u00E9ch\u00E9s\",\"nme\":\"Dried shiitake mushroom\",\"attr\":\"\",\"sku\":\"03678\",\"l2\":\"Fines herbes et vinaigrette\",\"sl\":\"champignons-shiitakes-seches-morille-quebec-03678\",\"sn\":\"\",\"idxP\":6},{\"mq\":\"Morille Qu\u00E9bec\",\"nm\":\"Champignons m\u00E9lange forestier s\u00E9ch\u00E9s\",\"nme\":\"Dried forest mix mushroom\",\"attr\":\"\",\"sku\":\"03676\",\"l2\":\"Fines herbes et vinaigrette\",\"sl\":\"champignons-melange-forestier-seches-morille-quebec-03676\",\"sn\":\"\",\"idxP\":8},{\"mq\":\"Morille Qu\u00E9bec\",\"nm\":\"Champignons pleurotes s\u00E9ch\u00E9s\",\"nme\":\"Dried oyster mushroom\",\"attr\":\"\",\"sku\":\"03675\",\"l2\":\"Fines herbes et vinaigrette\",\"sl\":\"champignons-pleurotes-seches-morille-quebec-03675\",\"sn\":\"\",\"idxP\":7},{\"mq\":\"Morille Qu\u00E9bec\",\"nm\":\"Champignons morilles s\u00E9ch\u00E9s\",\"nme\":\"Dried morel Mushroom\",\"attr\":\"\",\"sku\":\"03672\",\"l2\":\"Fines herbes et vinaigrette\",\"sl\":\"champignons-morilles-seches-morille-quebec-03672\",\"sn\":\"\",\"idxP\":4},{\"nm\":\"Lime filet\",\"nme\":\"Lime Bag\",\"attr\":\"\",\"sku\":\"40170\",\"l2\":\"Fruits\",\"sl\":\"lime-filet-40170\",\"sn\":\"\",\"idxP\":100},{\"mq\":\"Morille Qu\u00E9bec\",\"nm\":\"Champignons m\u00E9lange \u00E9conomique s\u00E9ch\u00E9s\",\"nme\":\"Dried economic mix mushroom\",\"attr\":\"\",\"sku\":\"03677\",\"l2\":\"Fines herbes et vinaigrette\",\"sl\":\"champignons-melange-economique-seches-morille-quebec-03677\",\"sn\":\"\",\"idxP\":7},{\"nm\":\"Avocat filet gros calibre\",\"nme\":\"Large Avocado Mesh Bag\",\"attr\":\"\",\"sku\":\"03679\",\"l2\":\"L\u00E9gumes\",\"sl\":\"avocat-filet-gros-calibre-03679\",\"sn\":\"avocats\",\"idxP\":68},{\"mq\":\"Mayrand CHEF\",\"nm\":\"M\u00E9lange 5 \u00E0 7\",\"nme\":\"5 a 7 Mix\",\"attr\":\"\",\"sku\":\"03682\",\"l2\":\"Noix et fruits secs\",\"sl\":\"melange-5-a-7-mayrand-chef-03682\",\"sn\":\"\",\"idxP\":62},{\"mq\":\"Mayrand CHEF\",\"nm\":\"Arachide jumbo peau rouge\",\"nme\":\"Red skin jumbo Peanut\",\"attr\":\"\",\"sku\":\"03683\",\"l2\":\"Noix et fruits secs\",\"sl\":\"arachide-jumbo-peau-rouge-mayrand-chef-03683\",\"sn\":\"\",\"idxP\":29},{\"nm\":\"Mangue ataulfo\",\"nme\":\"Ataulfo Mango\",\"attr\":\"\",\"sku\":\"04961\",\"l2\":\"Fruits\",\"sl\":\"mangue-ataulfo-04961\",\"sn\":\"mangues\",\"idxP\":100},{\"nm\":\"Duo kale et bette \u00E0 carde\",\"nme\":\"Duo kale and swisschard\",\"attr\":\"\",\"sku\":\"03650\",\"l2\":\"L\u00E9gumes\",\"sl\":\"duo-kale-et-bette-a-carde-03650\",\"sn\":\"\",\"idxP\":5},{\"nm\":\"Pomme gala\",\"nme\":\"Gala Apple Bag\",\"attr\":\"\",\"sku\":\"03691\",\"l2\":\"Fruits\",\"sl\":\"pomme-gala-03691\",\"sn\":\"apples, pommes\",\"idxP\":83},{\"nm\":\"Pomme mcintosh\",\"nme\":\"McIntosh Apple\",\"attr\":\"\",\"sku\":\"03692\",\"l2\":\"Fruits\",\"sl\":\"pomme-mcintosh-03692\",\"sn\":\"apples, pommes\",\"idxP\":88},{\"mq\":\"Mayrand CHEF\",\"nm\":\"M\u00E9lange du randonneur\",\"nme\":\"Trail Mix\",\"attr\":\"\",\"sku\":\"03695\",\"l2\":\"Noix et fruits secs\",\"sl\":\"melange-du-randonneur-mayrand-chef-03695\",\"sn\":\"\",\"idxP\":0},{\"nm\":\"Pomme cortland\",\"nme\":\"Cortland Apple\",\"attr\":\"\",\"sku\":\"03694\",\"l2\":\"Fruits\",\"sl\":\"pomme-cortland-03694\",\"sn\":\"apples, pommes\",\"idxP\":94},{\"nm\":\"Pomme jaune d\u00E9licieuse\",\"nme\":\"Golden Delicious Apple\",\"attr\":\"\",\"sku\":\"03693\",\"l2\":\"Fruits\",\"sl\":\"pomme-jaune-delicieuse-03693\",\"sn\":\"apples, pommes\",\"idxP\":79},{\"mq\":\"Mayrand CHEF\",\"nm\":\"Arachide en \u00E9cale r\u00F4tie sal\u00E9e\",\"nme\":\"Roasted Salted Inshell Peanut\",\"attr\":\"\",\"sku\":\"11621\",\"l2\":\"Noix et fruits secs\",\"sl\":\"arachide-en-ecale-rotie-salee-mayrand-chef-11621\",\"sn\":\"\",\"idxP\":0},{\"nm\":\"Melon canari\",\"nme\":\"Canary Melon\",\"attr\":\"\",\"sku\":\"11934\",\"l2\":\"Fruits\",\"sl\":\"melon-canari-11934\",\"sn\":\"\",\"idxP\":87},{\"nm\":\"Champignon pleurote\",\"nme\":\"Oyster Mushroom\",\"attr\":\"\",\"sku\":\"11976\",\"l2\":\"L\u00E9gumes\",\"sl\":\"champignon-pleurote-11976\",\"sn\":\"\",\"idxP\":43},{\"nm\":\"Citron sac\",\"nme\":\"Lemon Bag\",\"attr\":\"\",\"sku\":\"12075\",\"l2\":\"Fruits\",\"sl\":\"citron-sac-12075\",\"sn\":\"citrons\",\"idxP\":88},{\"nm\":\"Poivron rouge sac\",\"nme\":\"Red Bell Pepper Bag\",\"attr\":\"\",\"sku\":\"12174\",\"l2\":\"L\u00E9gumes\",\"sl\":\"poivron-rouge-sac-12174\",\"sn\":\"\",\"idxP\":82},{\"nm\":\"Tomate raisin mixte\",\"nme\":\"Mixed Grape Tomato\",\"attr\":\"\",\"sku\":\"27937\",\"l2\":\"L\u00E9gumes\",\"sl\":\"tomate-raisin-mixte-27937\",\"sn\":\"raisins, tomates\",\"idxP\":100},{\"nm\":\"Guacamole pico de gallo\",\"nme\":\"Pico De Gallo Guacamole\",\"attr\":\"\",\"sku\":\"12176\",\"l2\":\"Fines herbes et vinaigrette\",\"sl\":\"guacamole-pico-de-gallo-12176\",\"sn\":\"\",\"idxP\":20},{\"nm\":\"Guacamole\",\"nme\":\"Guacamole\",\"attr\":\"\",\"sku\":\"12175\",\"l2\":\"Fines herbes et vinaigrette\",\"sl\":\"guacamole-12175\",\"sn\":\"\",\"idxP\":24},{\"nm\":\"Banane\",\"nme\":\"Banana\",\"attr\":\"\",\"sku\":\"12157\",\"l2\":\"Fruits\",\"sl\":\"banane-12157\",\"sn\":\"ananas, bananes\",\"idxP\":100},{\"nm\":\"Carotte pel\u00E9e enti\u00E8re\",\"nme\":\"Whole Peeled Carrot\",\"attr\":\"\",\"sku\":\"12162\",\"l2\":\"L\u00E9gumes\",\"sl\":\"carotte-pelee-entiere-12162\",\"sn\":\"carottes\",\"idxP\":0},{\"nm\":\"Patate douce\",\"nme\":\"Sweet Potato\",\"attr\":\"\",\"sku\":\"12155\",\"l2\":\"L\u00E9gumes\",\"sl\":\"patate-douce-12155\",\"sn\":\"patates\",\"idxP\":65},{\"nm\":\"Laitue roquette\",\"nme\":\"Arugula Lettuce\",\"attr\":\"\",\"sku\":\"12160\",\"l2\":\"L\u00E9gumes\",\"sl\":\"laitue-roquette-12160\",\"sn\":\"\",\"idxP\":66},{\"nm\":\"Champignon portobello frais\",\"nme\":\"Fresh Portobello Mushroom\",\"attr\":\"\",\"sku\":\"12163\",\"l2\":\"L\u00E9gumes\",\"sl\":\"champignon-portobello-frais-12163\",\"sn\":\"\",\"idxP\":0},{\"nm\":\"Poivron vert sac\",\"nme\":\"Green Bell Pepper Bag\",\"attr\":\"\",\"sku\":\"12173\",\"l2\":\"L\u00E9gumes\",\"sl\":\"poivron-vert-sac-12173\",\"sn\":\"\",\"idxP\":100},{\"nm\":\"Kale coup\u00E9\",\"nme\":\"Cut Kale\",\"attr\":\"\",\"sku\":\"12152\",\"l2\":\"L\u00E9gumes\",\"sl\":\"kale-coupe-12152\",\"sn\":\"\",\"idxP\":20},{\"nm\":\"Champignon m\u00E9lange pour saut\u00E9\",\"nme\":\"Saute Blend Mushroom\",\"attr\":\"\",\"sku\":\"12165\",\"l2\":\"L\u00E9gumes\",\"sl\":\"champignon-melange-pour-saute-12165\",\"sn\":\"\",\"idxP\":20},{\"nm\":\"Poire asiatique\",\"nme\":\"Asian Pear\",\"attr\":\"\",\"sku\":\"12153\",\"l2\":\"Fruits\",\"sl\":\"poire-asiatique-12153\",\"sn\":\"poires\",\"idxP\":29},{\"nm\":\"Orange cara cara\",\"nme\":\"Cara Cara Orange\",\"attr\":\"\",\"sku\":\"12159\",\"l2\":\"Fruits\",\"sl\":\"orange-cara-cara-12159\",\"sn\":\"\",\"idxP\":43},{\"mq\":\"Mayrand CHEF\",\"nm\":\"M\u00E9lange romantique\",\"nme\":\"Romantic Mix\",\"attr\":\"\",\"sku\":\"12239\",\"l2\":\"Noix et fruits secs\",\"sl\":\"melange-romantique-mayrand-chef-12239\",\"sn\":\"\",\"idxP\":0},{\"nm\":\"Raisin rouge\",\"nme\":\"Red grapes\",\"attr\":\"\",\"sku\":\"21955\",\"l2\":\"Fruits\",\"sl\":\"raisin-rouge-21955\",\"sn\":\"raisins\",\"idxP\":100},{\"nm\":\"Carotte nantaise couleur\",\"nme\":\"Colored Nantes Carrot\",\"attr\":\"\",\"sku\":\"12158\",\"l2\":\"L\u00E9gumes\",\"sl\":\"carotte-nantaise-couleur-12158\",\"sn\":\"carottes\",\"idxP\":36},{\"mq\":\"Mayrand CHEF\",\"nm\":\"Bretzel mini en coeur\",\"nme\":\"Mini Heart-Shaped Pretzel\",\"attr\":\"\",\"sku\":\"12241\",\"l2\":\"Noix et fruits secs\",\"sl\":\"bretzel-mini-en-coeur-mayrand-chef-12241\",\"sn\":\"\",\"idxP\":0},{\"nm\":\"Romarin\",\"nme\":\"Rosemary\",\"attr\":\"\",\"sku\":\"12252\",\"l2\":\"Fines herbes et vinaigrette\",\"sl\":\"romarin-12252\",\"sn\":\"\",\"idxP\":84},{\"nm\":\"Betterave jaune sac\",\"nme\":\"Yellow Beet in Bag\",\"attr\":\"\",\"sku\":\"12259\",\"l2\":\"L\u00E9gumes\",\"sl\":\"betterave-jaune-sac-12259\",\"sn\":\"\",\"idxP\":29},{\"nm\":\"Aneth\",\"nme\":\"Dill\",\"attr\":\"\",\"sku\":\"12246\",\"l2\":\"Fines herbes et vinaigrette\",\"sl\":\"aneth-12246\",\"sn\":\"\",\"idxP\":82},{\"nm\":\"Thym\",\"nme\":\"Thyme\",\"attr\":\"\",\"sku\":\"12253\",\"l2\":\"Fines herbes et vinaigrette\",\"sl\":\"thym-12253\",\"sn\":\"\",\"idxP\":83},{\"nm\":\"Salade c\u00E9sar\",\"nme\":\"Ceasar salad\",\"attr\":\"\",\"sku\":\"12261\",\"l2\":\"L\u00E9gumes\",\"sl\":\"salade-cesar-12261\",\"sn\":\"\",\"idxP\":0},{\"mq\":\"Mayrand CHEF\",\"nm\":\"Farine de coco\",\"nme\":\"Coconut Mix\",\"attr\":\"\",\"sku\":\"12240\",\"l2\":\"Noix et fruits secs\",\"sl\":\"farine-de-coco-mayrand-chef-12240\",\"sn\":\"\",\"idxP\":9},{\"nm\":\"Salade printani\u00E8re\",\"nme\":\"Spring Salad\",\"attr\":\"\",\"sku\":\"12262\",\"l2\":\"L\u00E9gumes\",\"sl\":\"salade-printaniere-12262\",\"sn\":\"\",\"idxP\":0},{\"nm\":\"F\u00E8ve jaune\",\"nme\":\"Yellow Bean\",\"attr\":\"\",\"sku\":\"12287\",\"l2\":\"L\u00E9gumes\",\"sl\":\"feve-jaune-12287\",\"sn\":\"\",\"idxP\":0},{\"nm\":\"Ail filet\",\"nme\":\"Garlic\",\"attr\":\"\",\"sku\":\"12257\",\"l2\":\"L\u00E9gumes\",\"sl\":\"ail-filet-12257\",\"sn\":\"\",\"idxP\":37},{\"nm\":\"Melon d'eau mini\",\"nme\":\"Mini Watermelon\",\"attr\":\"\",\"sku\":\"12294\",\"l2\":\"Fruits\",\"sl\":\"melon-deau-mini-12294\",\"sn\":\"\",\"idxP\":34},{\"nm\":\"Ail pel\u00E9\",\"nme\":\"Peeled Garlic\",\"attr\":\"\",\"sku\":\"12258\",\"l2\":\"L\u00E9gumes\",\"sl\":\"ail-pele-12258\",\"sn\":\"\",\"idxP\":0},{\"nm\":\"Coriandre\",\"nme\":\"Coriander\",\"attr\":\"\",\"sku\":\"12247\",\"l2\":\"Fines herbes et vinaigrette\",\"sl\":\"coriandre-12247\",\"sn\":\"\",\"idxP\":100},{\"nm\":\"Persil italien\",\"nme\":\"Italian Parsley\",\"attr\":\"\",\"sku\":\"12251\",\"l2\":\"Fines herbes et vinaigrette\",\"sl\":\"persil-italien-12251\",\"sn\":\"\",\"idxP\":93},{\"nm\":\"Salade sud-ouest\",\"nme\":\"South-East Salad\",\"attr\":\"\",\"sku\":\"12266\",\"l2\":\"L\u00E9gumes\",\"sl\":\"salade-sud-ouest-12266\",\"sn\":\"\",\"idxP\":0},{\"nm\":\"F\u00E8ve jaune\",\"nme\":\"Yellow Bean\",\"attr\":\"\",\"sku\":\"12288\",\"l2\":\"L\u00E9gumes\",\"sl\":\"feve-jaune-12288\",\"sn\":\"\",\"idxP\":0},{\"nm\":\"Basilic\",\"nme\":\"Basil\",\"attr\":\"\",\"sku\":\"12245\",\"l2\":\"Fines herbes et vinaigrette\",\"sl\":\"basilic-12245\",\"sn\":\"\",\"idxP\":93},{\"nm\":\"Chou de Bruxelles\",\"nme\":\"Brussel Sprout\",\"attr\":\"\",\"sku\":\"12282\",\"l2\":\"L\u00E9gumes\",\"sl\":\"chou-de-bruxelles-12282\",\"sn\":\"\",\"idxP\":82},{\"nm\":\"P\u00EAche panier\",\"nme\":\"Peach Basket\",\"attr\":\"\",\"sku\":\"12283\",\"l2\":\"Fruits\",\"sl\":\"peche-panier-12283\",\"sn\":\"\",\"idxP\":100},{\"nm\":\"Tomatillo\",\"nme\":\"Tomatillo\",\"attr\":\"\",\"sku\":\"12289\",\"l2\":\"L\u00E9gumes\",\"sl\":\"tomatillo-12289\",\"sn\":\"\",\"idxP\":4},{\"nm\":\"Topinambour\",\"nme\":\"Jerusalem Artichoke\",\"attr\":\"\",\"sku\":\"12323\",\"l2\":\"L\u00E9gumes\",\"sl\":\"topinambour-12323\",\"sn\":\"\",\"idxP\":14},{\"nm\":\"Pois sucr\u00E9\",\"nme\":\"Sweet Pea\",\"attr\":\"\",\"sku\":\"12317\",\"l2\":\"L\u00E9gumes\",\"sl\":\"pois-sucre-12317\",\"sn\":\"\",\"idxP\":48},{\"nm\":\"Pois mange-tout\",\"nme\":\"Snow Pea\",\"attr\":\"\",\"sku\":\"12316\",\"l2\":\"L\u00E9gumes\",\"sl\":\"pois-mange-tout-12316\",\"sn\":\"\",\"idxP\":42},{\"nm\":\"Poivron suntan\",\"nme\":\"Suntan Bell Pepper\",\"attr\":\"\",\"sku\":\"12321\",\"l2\":\"L\u00E9gumes\",\"sl\":\"poivron-suntan-12321\",\"sn\":\"\",\"idxP\":5},{\"nm\":\"Haricot vert\",\"nme\":\"Green Pea\",\"attr\":\"\",\"sku\":\"12318\",\"l2\":\"L\u00E9gumes\",\"sl\":\"haricot-vert-12318\",\"sn\":\"\",\"idxP\":18},{\"nm\":\"Courgette verte\",\"nme\":\"Green Zucchini\",\"attr\":\"\",\"sku\":\"12324\",\"l2\":\"L\u00E9gumes\",\"sl\":\"courgette-verte-12324\",\"sn\":\"courges, courgettes\",\"idxP\":30},{\"nm\":\"Asperge\",\"nme\":\"Asparagus\",\"attr\":\"\",\"sku\":\"12291\",\"l2\":\"L\u00E9gumes\",\"sl\":\"asperge-12291\",\"sn\":\"\",\"idxP\":100},{\"nm\":\"Piment fort habanero\",\"nme\":\"Hot Habanero Pepper\",\"attr\":\"\",\"sku\":\"12295\",\"l2\":\"L\u00E9gumes\",\"sl\":\"piment-fort-habanero-12295\",\"sn\":\"piments\",\"idxP\":0},{\"nm\":\"Raisin rouge\",\"nme\":\"Red Grape\",\"attr\":\"\",\"sku\":\"07684\",\"l2\":\"Fruits\",\"sl\":\"raisin-rouge-07684\",\"sn\":\"raisins\",\"idxP\":70},{\"nm\":\"Poivron suntan\",\"nme\":\"Suntan Bell Pepper\",\"attr\":\"\",\"sku\":\"12322\",\"l2\":\"L\u00E9gumes\",\"sl\":\"poivron-suntan-12322\",\"sn\":\"\",\"idxP\":84},{\"nm\":\"Poireau\",\"nme\":\"Leek\",\"attr\":\"\",\"sku\":\"12328\",\"l2\":\"L\u00E9gumes\",\"sl\":\"poireau-12328\",\"sn\":\"poires\",\"idxP\":75},{\"nm\":\"Persil fris\u00E9 vrac\",\"nme\":\"Bulk Curly Parsley\",\"attr\":\"\",\"sku\":\"12364\",\"l2\":\"Fines herbes et vinaigrette\",\"sl\":\"persil-frise-vrac-12364\",\"sn\":\"\",\"idxP\":0},{\"nm\":\"Vinaigrette moutarde et miel\",\"nme\":\"Honey Mustard Dressing\",\"attr\":\"\",\"sku\":\"12334\",\"l2\":\"Fines herbes et vinaigrette\",\"sl\":\"vinaigrette-moutarde-et-miel-12334\",\"sn\":\"\",\"idxP\":-1},{\"nm\":\"Romarin vrac\",\"nme\":\"Bulk Rosemary\",\"attr\":\"\",\"sku\":\"12356\",\"l2\":\"Fines herbes et vinaigrette\",\"sl\":\"romarin-vrac-12356\",\"sn\":\"\",\"idxP\":0},{\"nm\":\"Sauge vrac\",\"nme\":\"Bulk Sage\",\"attr\":\"\",\"sku\":\"12357\",\"l2\":\"Fines herbes et vinaigrette\",\"sl\":\"sauge-vrac-12357\",\"sn\":\"\",\"idxP\":0},{\"nm\":\"Estragon vrac\",\"nme\":\"Bulk Tarragon\",\"attr\":\"\",\"sku\":\"12351\",\"l2\":\"Fines herbes et vinaigrette\",\"sl\":\"estragon-vrac-12351\",\"sn\":\"\",\"idxP\":0},{\"nm\":\"Origan vrac\",\"nme\":\"Bulk Oregano\",\"attr\":\"\",\"sku\":\"12354\",\"l2\":\"Fines herbes et vinaigrette\",\"sl\":\"origan-vrac-12354\",\"sn\":\"\",\"idxP\":0},{\"mq\":\"Gourma\",\"nm\":\"Basilic grec\",\"nme\":\"Greek Basil\",\"attr\":\"\",\"sku\":\"12370\",\"l2\":\"Fines herbes et vinaigrette\",\"sl\":\"basilic-grec-gourma-12370\",\"sn\":\"\",\"idxP\":0},{\"mq\":\"Gourma\",\"nm\":\"Coriandre\",\"nme\":\"Coriander\",\"attr\":\"\",\"sku\":\"12375\",\"l2\":\"Fines herbes et vinaigrette\",\"sl\":\"coriandre-gourma-12375\",\"sn\":\"\",\"idxP\":0},{\"mq\":\"Gourma\",\"nm\":\"Basilic canelle\",\"nme\":\"Cinnamon Basil\",\"attr\":\"\",\"sku\":\"12368\",\"l2\":\"Fines herbes et vinaigrette\",\"sl\":\"basilic-canelle-gourma-12368\",\"sn\":\"\",\"idxP\":0},{\"mq\":\"Gourma\",\"nm\":\"Estragon\",\"nme\":\"Tarragon\",\"attr\":\"\",\"sku\":\"12379\",\"l2\":\"Fines herbes et vinaigrette\",\"sl\":\"estragon-gourma-12379\",\"sn\":\"\",\"idxP\":0},{\"mq\":\"Gourma\",\"nm\":\"Mesclun\",\"nme\":\"Mesclun\",\"attr\":\"\",\"sku\":\"12388\",\"l2\":\"Fines herbes et vinaigrette\",\"sl\":\"mesclun-gourma-12388\",\"sn\":\"\",\"idxP\":0},{\"mq\":\"Gourma\",\"nm\":\"Persil italien\",\"nme\":\"Italian Parsley\",\"attr\":\"\",\"sku\":\"12392\",\"l2\":\"Fines herbes et vinaigrette\",\"sl\":\"persil-italien-gourma-12392\",\"sn\":\"\",\"idxP\":0},{\"nm\":\"Basilic vrac\",\"nme\":\"Bulk Basil\",\"attr\":\"\",\"sku\":\"12348\",\"l2\":\"Fines herbes et vinaigrette\",\"sl\":\"basilic-vrac-12348\",\"sn\":\"\",\"idxP\":0},{\"mq\":\"Gourma\",\"nm\":\"Baume m\u00E9lisse\",\"nme\":\"Lemon Balm\",\"attr\":\"\",\"sku\":\"12373\",\"l2\":\"Fines herbes et vinaigrette\",\"sl\":\"baume-melisse-gourma-12373\",\"sn\":\"\",\"idxP\":0},{\"nm\":\"Menthe vrac\",\"nme\":\"Bulk Mint\",\"attr\":\"\",\"sku\":\"12353\",\"l2\":\"Fines herbes et vinaigrette\",\"sl\":\"menthe-vrac-12353\",\"sn\":\"\",\"idxP\":0},{\"nm\":\"Aneth vrac\",\"nme\":\"Bulk Dill\",\"attr\":\"\",\"sku\":\"12363\",\"l2\":\"Fines herbes et vinaigrette\",\"sl\":\"aneth-vrac-12363\",\"sn\":\"\",\"idxP\":0},{\"mq\":\"Gourma\",\"nm\":\"Cresson\",\"nme\":\"Cress\",\"attr\":\"\",\"sku\":\"12378\",\"l2\":\"Fines herbes et vinaigrette\",\"sl\":\"cresson-gourma-12378\",\"sn\":\"\",\"idxP\":0},{\"nm\":\"Ciboulette vrac\",\"nme\":\"Bulk Chives\",\"attr\":\"\",\"sku\":\"12349\",\"l2\":\"Fines herbes et vinaigrette\",\"sl\":\"ciboulette-vrac-12349\",\"sn\":\"\",\"idxP\":0},{\"nm\":\"Thym vrac\",\"nme\":\"Bulk Thyme\",\"attr\":\"\",\"sku\":\"12361\",\"l2\":\"Fines herbes et vinaigrette\",\"sl\":\"thym-vrac-12361\",\"sn\":\"\",\"idxP\":0},{\"mq\":\"Gourma\",\"nm\":\"Aneth\",\"nme\":\"Dill\",\"attr\":\"\",\"sku\":\"12366\",\"l2\":\"Fines herbes et vinaigrette\",\"sl\":\"aneth-gourma-12366\",\"sn\":\"\",\"idxP\":0},{\"mq\":\"Gourma\",\"nm\":\"Marjolaine\",\"nme\":\"Marjoram\",\"attr\":\"\",\"sku\":\"12381\",\"l2\":\"Fines herbes et vinaigrette\",\"sl\":\"marjolaine-gourma-12381\",\"sn\":\"\",\"idxP\":0},{\"mq\":\"Gourma\",\"nm\":\"Menthe\",\"nme\":\"Mint\",\"attr\":\"\",\"sku\":\"12386\",\"l2\":\"Fines herbes et vinaigrette\",\"sl\":\"menthe-gourma-12386\",\"sn\":\"\",\"idxP\":0},{\"mq\":\"Gourma\",\"nm\":\"Romarin\",\"nme\":\"Rosemary\",\"attr\":\"\",\"sku\":\"12394\",\"l2\":\"Fines herbes et vinaigrette\",\"sl\":\"romarin-gourma-12394\",\"sn\":\"\",\"idxP\":0},{\"mq\":\"Gourma\",\"nm\":\"Sariette\",\"nme\":\"Savory\",\"attr\":\"\",\"sku\":\"12398\",\"l2\":\"Fines herbes et vinaigrette\",\"sl\":\"sariette-gourma-12398\",\"sn\":\"\",\"idxP\":0},{\"mq\":\"Gourma\",\"nm\":\"Basilic tha\u00EF\",\"nme\":\"Thai Basil\",\"attr\":\"\",\"sku\":\"12372\",\"l2\":\"Fines herbes et vinaigrette\",\"sl\":\"basilic-thai-gourma-12372\",\"sn\":\"\",\"idxP\":0},{\"mq\":\"Gourma\",\"nm\":\"Persil fris\u00E9\",\"nme\":\"Curly Parsley\",\"attr\":\"\",\"sku\":\"12390\",\"l2\":\"Fines herbes et vinaigrette\",\"sl\":\"persil-frise-gourma-12390\",\"sn\":\"\",\"idxP\":0},{\"mq\":\"Gourma\",\"nm\":\"Sauge\",\"nme\":\"Sage\",\"attr\":\"\",\"sku\":\"12399\",\"l2\":\"Fines herbes et vinaigrette\",\"sl\":\"sauge-gourma-12399\",\"sn\":\"\",\"idxP\":0},{\"mq\":\"Gourma\",\"nm\":\"Basilic citron\",\"nme\":\"Lemon Basil\",\"attr\":\"\",\"sku\":\"12369\",\"l2\":\"Fines herbes et vinaigrette\",\"sl\":\"basilic-citron-gourma-12369\",\"sn\":\"citrons\",\"idxP\":0},{\"mq\":\"Gourma\",\"nm\":\"Menthe anglaise\",\"nme\":\"Peppermint\",\"attr\":\"\",\"sku\":\"12387\",\"l2\":\"Fines herbes et vinaigrette\",\"sl\":\"menthe-anglaise-gourma-12387\",\"sn\":\"\",\"idxP\":0},{\"nm\":\"Coriandre vrac\",\"nme\":\"Bulk Coriander\",\"attr\":\"\",\"sku\":\"12362\",\"l2\":\"Fines herbes et vinaigrette\",\"sl\":\"coriandre-vrac-12362\",\"sn\":\"\",\"idxP\":0},{\"mq\":\"Gourma\",\"nm\":\"Basilic pourpre\",\"nme\":\"Purple Basil\",\"attr\":\"\",\"sku\":\"12371\",\"l2\":\"Fines herbes et vinaigrette\",\"sl\":\"basilic-pourpre-gourma-12371\",\"sn\":\"\",\"idxP\":0},{\"mq\":\"Gourma\",\"nm\":\"Ciboulette\",\"nme\":\"Chives\",\"attr\":\"\",\"sku\":\"12374\",\"l2\":\"Fines herbes et vinaigrette\",\"sl\":\"ciboulette-gourma-12374\",\"sn\":\"\",\"idxP\":0},{\"mq\":\"Gourma\",\"nm\":\"Origan\",\"nme\":\"Oregano\",\"attr\":\"\",\"sku\":\"12389\",\"l2\":\"Fines herbes et vinaigrette\",\"sl\":\"origan-gourma-12389\",\"sn\":\"\",\"idxP\":0},{\"nm\":\"Poire bartlett panier\",\"nme\":\"Bartlett Pear\",\"attr\":\"\",\"sku\":\"12286\",\"l2\":\"Fruits\",\"sl\":\"poire-bartlett-panier-12286\",\"sn\":\"poires\",\"idxP\":88},{\"nm\":\"Mangue rouge\",\"nme\":\"Red Mango\",\"attr\":\"\",\"sku\":\"12383\",\"l2\":\"Fruits\",\"sl\":\"mangue-rouge-12383\",\"sn\":\"mangues\",\"idxP\":-6},{\"mq\":\"Gourma\",\"nm\":\"Roquette\",\"nme\":\"Arugula\",\"attr\":\"\",\"sku\":\"12395\",\"l2\":\"Fines herbes et vinaigrette\",\"sl\":\"roquette-gourma-12395\",\"sn\":\"\",\"idxP\":0},{\"mq\":\"Gourma\",\"nm\":\"Thym\",\"nme\":\"Thyme\",\"attr\":\"\",\"sku\":\"12400\",\"l2\":\"Fines herbes et vinaigrette\",\"sl\":\"thym-gourma-12400\",\"sn\":\"\",\"idxP\":0},{\"mq\":\"Gourma\",\"nm\":\"Basilic\",\"nme\":\"Basil\",\"attr\":\"\",\"sku\":\"12367\",\"l2\":\"Fines herbes et vinaigrette\",\"sl\":\"basilic-gourma-12367\",\"sn\":\"\",\"idxP\":0},{\"mq\":\"Gourma\",\"nm\":\"Kale\",\"nme\":\"Kale\",\"attr\":\"\",\"sku\":\"12380\",\"l2\":\"Fines herbes et vinaigrette\",\"sl\":\"kale-gourma-12380\",\"sn\":\"\",\"idxP\":0},{\"mq\":\"Ren\u00E9e's\",\"nm\":\"Vinaigrette c\u00E9sar supr\u00EAme\",\"nme\":\"Supreme Caesar Dressing\",\"attr\":\"\",\"sku\":\"12410\",\"l2\":\"Fines herbes et vinaigrette\",\"sl\":\"vinaigrette-cesar-supreme-renees-12410\",\"sn\":\"\",\"idxP\":0},{\"nm\":\"Pomme spartan\",\"nme\":\"Spartan Apple\",\"attr\":\"\",\"sku\":\"12453\",\"l2\":\"Fruits\",\"sl\":\"pomme-spartan-12453\",\"sn\":\"apples, pommes\",\"idxP\":0},{\"nm\":\"Pomme empire\",\"nme\":\"Empire Apple\",\"attr\":\"\",\"sku\":\"12449\",\"l2\":\"Fruits\",\"sl\":\"pomme-empire-12449\",\"sn\":\"apples, pommes\",\"idxP\":0},{\"mq\":\"Mayrand CHEF\",\"nm\":\"Granola \u00E0 la vanille\",\"nme\":\"Vanilla Granola\",\"attr\":\"\",\"sku\":\"12472\",\"l2\":\"Noix et fruits secs\",\"sl\":\"granola-a-la-vanille-mayrand-chef-12472\",\"sn\":\"\",\"idxP\":0},{\"mq\":\"Mayrand CHEF\",\"nm\":\"Vermicelle chocolat\",\"nme\":\"Chocolate spinkles\",\"attr\":\"\",\"sku\":\"03595\",\"l2\":\"Noix et fruits secs\",\"sl\":\"vermicelle-chocolat-03595\",\"sn\":\"\",\"idxP\":33},{\"mq\":\"Mayrand CHEF\",\"nm\":\"Vermicelle arc-en-ciel\",\"nme\":\"Rainbow spinkles\",\"attr\":\"\",\"sku\":\"03596\",\"l2\":\"Noix et fruits secs\",\"sl\":\"vermicelle-arc-en-ciel-03596\",\"sn\":\"\",\"idxP\":33},{\"mq\":\"Mayrand CHEF\",\"nm\":\"Boule multicolore non pareil\",\"nme\":\"Multi-colored ball\",\"attr\":\"\",\"sku\":\"03604\",\"l2\":\"Noix et fruits secs\",\"sl\":\"boule-multicolore-non-pareil-03604\",\"sn\":\"\",\"idxP\":33},{\"nm\":\"\u00C9pinard jeune\",\"nme\":\"Baby Spinach\",\"attr\":\"\",\"sku\":\"03634\",\"l2\":\"L\u00E9gumes\",\"sl\":\"epinard-jeune-03634\",\"sn\":\"\",\"idxP\":33},{\"nm\":\"Poireaux\",\"nme\":\"Leek\",\"attr\":\"\",\"sku\":\"04630\",\"l2\":\"L\u00E9gumes\",\"sl\":\"poireaux-5-un-04630\",\"sn\":\"poires\",\"idxP\":1},{\"nm\":\"Melon d'eau jaune\",\"nme\":\"Yellow Watermelon\",\"attr\":\"\",\"sku\":\"11797\",\"l2\":\"Fruits\",\"sl\":\"melon-deau-jaune-11797\",\"sn\":\"\",\"idxP\":0},{\"nm\":\"Aubergine\",\"nme\":\"Eggplant\",\"attr\":\"\",\"sku\":\"12319\",\"l2\":\"L\u00E9gumes\",\"sl\":\"aubergine-2-un-12319\",\"sn\":\"aubergines\",\"idxP\":33},{\"mq\":\"Mayrand CHEF\",\"nm\":\"Arachide en \u00E9cale r\u00F4tie sal\u00E9e\",\"nme\":\"Roasted Salted Inshell Peanut\",\"attr\":\"\",\"sku\":\"12473\",\"l2\":\"Noix et fruits secs\",\"sl\":\"arachide-en-ecale-rotie-salee-12473\",\"sn\":\"\",\"idxP\":19},{\"nm\":\"Ananas\",\"nme\":\"Pineapple\",\"attr\":\"\",\"sku\":\"12490\",\"l2\":\"Fruits\",\"sl\":\"ananas-12490\",\"sn\":\"apples, ananas\",\"idxP\":33},{\"nm\":\"Poire bosc panier\",\"nme\":\"Bosc Pear\",\"attr\":\"\",\"sku\":\"12497\",\"l2\":\"Fruits\",\"sl\":\"poire-bosc-panier-12497\",\"sn\":\"poires\",\"idxP\":33},{\"nm\":\"Laitue roquette\",\"nme\":\"Arugula Lettuce\",\"attr\":\"\",\"sku\":\"40443\",\"l2\":\"L\u00E9gumes\",\"sl\":\"laitue-roquette-40443\",\"sn\":\"\",\"idxP\":18},{\"nm\":\"Rhubarbe 100g\",\"nme\":\"Rhubarb 100g\",\"attr\":\"\",\"sku\":\"03416\",\"l2\":\"Fruits\",\"sl\":\"rhubarbe-03416\",\"sn\":\"\",\"idxP\":0},{\"nm\":\"Ail frais sur tige\",\"nme\":\"Fresh Garlic\",\"attr\":\"\",\"sku\":\"11647\",\"l2\":\"L\u00E9gumes\",\"sl\":\"ail-frais-sur-tige-11647\",\"sn\":\"\",\"idxP\":0},{\"nm\":\"Ma\u00EFs emball\u00E9\",\"nme\":\"Packaged Corn\",\"attr\":\"\",\"sku\":\"12514\",\"l2\":\"L\u00E9gumes\",\"sl\":\"mais-emballe-12514\",\"sn\":\"\",\"idxP\":0},{\"nm\":\"Concombre libanais\",\"nme\":\"Lebanese Cucumber\",\"attr\":\"\",\"sku\":\"12526\",\"l2\":\"L\u00E9gumes\",\"sl\":\"concombre-libanais-12526\",\"sn\":\"concombres\",\"idxP\":0},{\"nm\":\"Laitue romaine\",\"nme\":\"Romaine Lettuce\",\"attr\":\"\",\"sku\":\"12529\",\"l2\":\"L\u00E9gumes\",\"sl\":\"laitue-romaine-12529\",\"sn\":\"\",\"idxP\":0},{\"nm\":\"Patate grelot rouge\",\"nme\":\"Red Bell Potato\",\"attr\":\"\",\"sku\":\"12530\",\"l2\":\"L\u00E9gumes\",\"sl\":\"patate-grelot-rouge-12530\",\"sn\":\"patates\",\"idxP\":15},{\"nm\":\"Patate grelot jaune\",\"nme\":\"Yellow Bell Potato\",\"attr\":\"\",\"sku\":\"12531\",\"l2\":\"L\u00E9gumes\",\"sl\":\"patate-grelot-jaune-12531\",\"sn\":\"patates\",\"idxP\":7},{\"nm\":\"Patate grelot trio\",\"nme\":\"Trio Bell Potato\",\"attr\":\"\",\"sku\":\"12533\",\"l2\":\"L\u00E9gumes\",\"sl\":\"patate-grelot-trio-12533\",\"sn\":\"patates\",\"idxP\":10},{\"nm\":\"Orange filet\",\"nme\":\"Orange bag\",\"attr\":\"\",\"sku\":\"12535\",\"l2\":\"Fruits\",\"sl\":\"orange-filet-12535\",\"sn\":\"\",\"idxP\":9},{\"nm\":\"Radis couleur\",\"nme\":\"Radish\",\"attr\":\"\",\"sku\":\"12536\",\"l2\":\"L\u00E9gumes\",\"sl\":\"radis-couleur-12536\",\"sn\":\"\",\"idxP\":1},{\"nm\":\"Radis rouge\",\"nme\":\"Red Radish\",\"attr\":\"\",\"sku\":\"12538\",\"l2\":\"L\u00E9gumes\",\"sl\":\"radis-rouge-12538\",\"sn\":\"\",\"idxP\":5},{\"nm\":\"Tomate serre beef\",\"nme\":\"Greenhouse Beef Tomato\",\"attr\":\"\",\"sku\":\"12539\",\"l2\":\"L\u00E9gumes\",\"sl\":\"tomate-serre-beef-12539\",\"sn\":\"tomates\",\"idxP\":24},{\"nm\":\"T\u00EAte de violon\",\"nme\":\"Fiddle Head\",\"attr\":\"\",\"sku\":\"12583\",\"l2\":\"L\u00E9gumes\",\"sl\":\"tete-de-violon-12583\",\"sn\":\"\",\"idxP\":0},{\"nm\":\"Gingembre frais\",\"nme\":\"Fresh Ginger\",\"attr\":\"\",\"sku\":\"12585\",\"l2\":\"L\u00E9gumes\",\"sl\":\"gingembre-frais-12585\",\"sn\":\"\",\"idxP\":5},{\"mq\":\"Mayrand CHEF\",\"nm\":\"Popcorn au caramel\",\"nme\":\"Caramel Popcorn\",\"attr\":\"\",\"sku\":\"12606\",\"l2\":\"Noix et fruits secs\",\"sl\":\"popcorn-au-caramel-12606\",\"sn\":\"\",\"idxP\":10},{\"mq\":\"Mayrand CHEF\",\"nm\":\"Popcorn \u00E0 l'\u00E9rable\",\"nme\":\"Maple Popcorn\",\"attr\":\"\",\"sku\":\"12607\",\"l2\":\"Noix et fruits secs\",\"sl\":\"popcorn-a-lerable-12607\",\"sn\":\"\",\"idxP\":14},{\"mq\":\"Mayrand CHEF\",\"nm\":\"Oignon frit\",\"nme\":\"Fried Onion\",\"attr\":\"\",\"sku\":\"12615\",\"l2\":\"Noix et fruits secs\",\"sl\":\"oignon-frit-12615\",\"sn\":\"onions, oignons\",\"idxP\":12},{\"mq\":\"Mayrand CHEF\",\"nm\":\"Oignon frit\",\"nme\":\"Fried onion\",\"attr\":\"\",\"sku\":\"12616\",\"l2\":\"Noix et fruits secs\",\"sl\":\"oignon-frit-12616\",\"sn\":\"onions, oignons\",\"idxP\":0},{\"nm\":\"Ma\u00EFs bicolore\",\"nme\":\"Bicolor Corn\",\"attr\":\"\",\"sku\":\"12619\",\"l2\":\"L\u00E9gumes\",\"sl\":\"mais-bicolore-12619\",\"sn\":\"\",\"idxP\":33},{\"nm\":\"Cerise rouge\",\"nme\":\"Red Cherry\",\"attr\":\"\",\"sku\":\"12625\",\"l2\":\"Fruits\",\"sl\":\"cerise-rouge-12625\",\"sn\":\"\",\"idxP\":33},{\"nm\":\"Cerise rainier\",\"nme\":\"Rainier cherrie\",\"attr\":\"\",\"sku\":\"12657\",\"l2\":\"Fruits\",\"sl\":\"cerise-rainier-12657\",\"sn\":\"\",\"idxP\":4},{\"mq\":\"DYN\",\"nm\":\"Plateau D\u00E9lice d'arachide\",\"nme\":\"Peanut Delight Tray\",\"attr\":\"\",\"sku\":\"12679\",\"l2\":\"Noix et fruits secs\",\"sl\":\"plateau-delice-darachide-12679\",\"sn\":\"plateau\",\"idxP\":0},{\"mq\":\"DYN\",\"nm\":\"Plateau Bar \u00E0 bonbon\",\"nme\":\"Candy Bar Tray\",\"attr\":\"\",\"sku\":\"12680\",\"l2\":\"Noix et fruits secs\",\"sl\":\"plateau-bar-a-bonbon-12680\",\"sn\":\"plateau\",\"idxP\":0},{\"mq\":\"DYN\",\"nm\":\"Plateau Les Enrob\u00E9s\",\"nme\":\"Sugar Coated Tray\",\"attr\":\"\",\"sku\":\"12682\",\"l2\":\"Noix et fruits secs\",\"sl\":\"plateau-les-enrobes-12682\",\"sn\":\"plateau\",\"idxP\":0},{\"nm\":\"Haricot jaune\",\"nme\":\"Yellow Pea\",\"attr\":\"\",\"sku\":\"12697\",\"l2\":\"L\u00E9gumes\",\"sl\":\"haricot-jaune-12697\",\"sn\":\"\",\"idxP\":0},{\"nm\":\"Framboise QC\",\"nme\":\"Raspberry QC\",\"attr\":\"\",\"sku\":\"05102\",\"l2\":\"Fruits\",\"sl\":\"framboise-qc-05102\",\"sn\":\"framboises\",\"idxP\":33},{\"nm\":\"Poire rouge sac\",\"nme\":\"Red Pear bag\",\"attr\":\"\",\"sku\":\"12712\",\"l2\":\"Fruits\",\"sl\":\"poire-rouge-sac-12712\",\"sn\":\"poires\",\"idxP\":0},{\"nm\":\"Poivron mini sac\",\"nme\":\"Mini Bell Pepper bag\",\"attr\":\"\",\"sku\":\"99248\",\"l2\":\"L\u00E9gumes\",\"sl\":\"poivron-mini-sac-99248\",\"sn\":\"\",\"idxP\":16},{\"nm\":\"Courgette jaune\",\"nme\":\"Yellow Zucchini\",\"attr\":\"\",\"sku\":\"12714\",\"l2\":\"L\u00E9gumes\",\"sl\":\"courgette-jaune-12714\",\"sn\":\"courges, courgettes\",\"idxP\":0},{\"nm\":\"Concombre des champs\",\"nme\":\"Cucumber\",\"attr\":\"\",\"sku\":\"12716\",\"l2\":\"L\u00E9gumes\",\"sl\":\"concombre-des-champs-12716\",\"sn\":\"concombres\",\"idxP\":0},{\"nm\":\"Cornichon Qu\u00E9bec\",\"nme\":\"Quebec Pickle\",\"attr\":\"\",\"sku\":\"12720\",\"l2\":\"L\u00E9gumes\",\"sl\":\"cornichon-quebec-12720\",\"sn\":\"\",\"idxP\":0},{\"mq\":\"Mayrand CHEF\",\"nm\":\"Graine de cafe chocolat noir\",\"nme\":\"Chocolate black coffee bean\",\"attr\":\"\",\"sku\":\"12723\",\"l2\":\"Noix et fruits secs\",\"sl\":\"graine-de-cafe-chocolat-noir-12723\",\"sn\":\"\",\"idxP\":0},{\"mq\":\"Mayrand CHEF\",\"nm\":\"Popcorn au beurre\",\"nme\":\"Butter popcorn\",\"attr\":\"\",\"sku\":\"12724\",\"l2\":\"Noix et fruits secs\",\"sl\":\"popcorn-au-beurre-12724\",\"sn\":\"\",\"idxP\":0},{\"nm\":\"Abricot\",\"nme\":\"Apricot\",\"attr\":\"\",\"sku\":\"12730\",\"l2\":\"Fruits\",\"sl\":\"abricot-12730\",\"sn\":\"\",\"idxP\":0},{\"nm\":\"Cerise de terre chopine Qu\u00E9bec\",\"nme\":\"Goldenberry Pint\",\"attr\":\"\",\"sku\":\"12731\",\"l2\":\"Fruits\",\"sl\":\"cerise-de-terre-chopine-quebec-12731\",\"sn\":\"\",\"idxP\":0},{\"nm\":\"Champignon brun entier\",\"nme\":\"Whole Brown Mushroom\",\"attr\":\"\",\"sku\":\"12752\",\"l2\":\"L\u00E9gumes\",\"sl\":\"champignon-brun-entier-12752\",\"sn\":\"\",\"idxP\":0},{\"nm\":\"Tomate raisin\",\"nme\":\"Grape Tomato\",\"attr\":\"\",\"sku\":\"09255\",\"l2\":\"L\u00E9gumes\",\"sl\":\"tomate-raisin-09255\",\"sn\":\"raisins, tomates\",\"idxP\":0},{\"nm\":\"Prune bleue\",\"nme\":\"Blue Plum\",\"attr\":\"\",\"sku\":\"12762\",\"l2\":\"Fruits\",\"sl\":\"prune-bleue-12762\",\"sn\":\"\",\"idxP\":0},{\"nm\":\"Pomme Paula Red\",\"nme\":\"Paula Red Apple\",\"attr\":\"\",\"sku\":\"08107\",\"l2\":\"Fruits\",\"sl\":\"pomme-paula-red-08107\",\"sn\":\"apples, pommes\",\"idxP\":0},{\"mq\":\"Savoura\",\"nm\":\"Tomate cerizo sur vigne\",\"nme\":\"Cerizo vine Tomato\",\"attr\":\"\",\"sku\":\"05056\",\"l2\":\"L\u00E9gumes\",\"sl\":\"tomate-cerizo-sur-vigne-05056\",\"sn\":\"tomates\",\"idxP\":33},{\"nm\":\"Pomme Sunrise\",\"nme\":\"Sunrise Apple\",\"attr\":\"\",\"sku\":\"12795\",\"l2\":\"Fruits\",\"sl\":\"pomme-sunrise-12795\",\"sn\":\"apples, pommes\",\"idxP\":0},{\"nm\":\"Pomme Sunrise\",\"nme\":\"Sunrise Apple\",\"attr\":\"\",\"sku\":\"12796\",\"l2\":\"Fruits\",\"sl\":\"pomme-sunrise-12796\",\"sn\":\"apples, pommes\",\"idxP\":0},{\"nm\":\"Ail du Qu\u00E9bec\",\"nme\":\"Garlic from Quebec\",\"attr\":\"\",\"sku\":\"12799\",\"l2\":\"L\u00E9gumes\",\"sl\":\"ail-du-quebec-12799\",\"sn\":\"\",\"idxP\":0},{\"nm\":\"Ail du Qu\u00E9bec\",\"nme\":\"Garlic from Quebec\",\"attr\":\"\",\"sku\":\"12801\",\"l2\":\"L\u00E9gumes\",\"sl\":\"ail-du-quebec-12801\",\"sn\":\"\",\"idxP\":0},{\"nm\":\"Pomme Gingergold\",\"nme\":\"Gingergold Apple\",\"attr\":\"\",\"sku\":\"12831\",\"l2\":\"Fruits\",\"sl\":\"pomme-gingergold-12831\",\"sn\":\"apples, pommes\",\"idxP\":0},{\"nm\":\"Pomme Gingergold\",\"nme\":\"Gingergold Apple\",\"attr\":\"\",\"sku\":\"12832\",\"l2\":\"Fruits\",\"sl\":\"pomme-gingergold-12832\",\"sn\":\"apples, pommes\",\"idxP\":0},{\"nm\":\"Pomme Gingergold\",\"nme\":\"Gingergold Apple\",\"attr\":\"\",\"sku\":\"12835\",\"l2\":\"Fruits\",\"sl\":\"pomme-gingergold-12835\",\"sn\":\"apples, pommes\",\"idxP\":0},{\"nm\":\"Pomme Paula Red\",\"nme\":\"Paulared Apple\",\"attr\":\"\",\"sku\":\"12836\",\"l2\":\"Fruits\",\"sl\":\"pomme-paula-red-12836\",\"sn\":\"apples, pommes\",\"idxP\":0},{\"nm\":\"Nectarine panier Ontario\",\"nme\":\"Nectarine Basket\",\"attr\":\"\",\"sku\":\"12839\",\"l2\":\"Fruits\",\"sl\":\"nectarine-panier-ontario-12839\",\"sn\":\"\",\"idxP\":0},{\"nm\":\"Poire bartlett panier Ontario\",\"nme\":\"Poir Basket\",\"attr\":\"\",\"sku\":\"12859\",\"l2\":\"Fruits\",\"sl\":\"poire-bartlett-panier-ontario-12859\",\"sn\":\"poires\",\"idxP\":0},{\"nm\":\"Chou-fleur mauve\",\"nme\":\"Cauliflower\",\"attr\":\"\",\"sku\":\"12922\",\"l2\":\"L\u00E9gumes\",\"sl\":\"chou-fleur-mauve-12922\",\"sn\":\"\",\"idxP\":0},{\"nm\":\"Chou-fleur orange\",\"nme\":\"Orange cauliflower\",\"attr\":\"\",\"sku\":\"12924\",\"l2\":\"L\u00E9gumes\",\"sl\":\"chou-fleur-orange-12924\",\"sn\":\"\",\"idxP\":0},{\"nm\":\"Courge spaghetti un\",\"nme\":\"Spaghetti squash un\",\"attr\":\"\",\"sku\":\"12925\",\"l2\":\"L\u00E9gumes\",\"sl\":\"courge-spaghetti-un-12925\",\"sn\":\"courges\",\"idxP\":0},{\"nm\":\"Courge poivr\u00E9e un\",\"nme\":\"Pepper squash un\",\"attr\":\"\",\"sku\":\"12926\",\"l2\":\"L\u00E9gumes\",\"sl\":\"courge-poivree-un-12926\",\"sn\":\"courges\",\"idxP\":0},{\"nm\":\"Courge butternut un\",\"nme\":\"Butternut squash un\",\"attr\":\"\",\"sku\":\"12927\",\"l2\":\"L\u00E9gumes\",\"sl\":\"courge-butternut-un-12927\",\"sn\":\"courges\",\"idxP\":0},{\"nm\":\"Courge buttercup un\",\"nme\":\"Buttercup squash un\",\"attr\":\"\",\"sku\":\"12928\",\"l2\":\"L\u00E9gumes\",\"sl\":\"courge-buttercup-un-12928\",\"sn\":\"courges\",\"idxP\":0},{\"nm\":\"Pomme Spartan\",\"nme\":\"Spartan Apple\",\"attr\":\"\",\"sku\":\"12935\",\"l2\":\"Fruits\",\"sl\":\"pomme-spartan-12935\",\"sn\":\"apples, pommes\",\"idxP\":0},{\"nm\":\"Pomme Empire\",\"nme\":\"Empire Apple\",\"attr\":\"\",\"sku\":\"12936\",\"l2\":\"Fruits\",\"sl\":\"pomme-empire-12936\",\"sn\":\"apples, pommes\",\"idxP\":0},{\"nm\":\"Pomme rouge d\u00E9licieuse\",\"nme\":\"Red Delicious Apple\",\"attr\":\"\",\"sku\":\"12938\",\"l2\":\"Fruits\",\"sl\":\"pomme-rouge-delicieuse-12938\",\"sn\":\"apples, pommes\",\"idxP\":0},{\"nm\":\"Pomme rouge d\u00E9licieuse\",\"nme\":\"Red Delicious Apple\",\"attr\":\"\",\"sku\":\"12939\",\"l2\":\"Fruits\",\"sl\":\"pomme-rouge-delicieuse-12939\",\"sn\":\"apples, pommes\",\"idxP\":0},{\"nm\":\"Chou vert un\",\"nme\":\"Green Cabbage\",\"attr\":\"\",\"sku\":\"12972\",\"l2\":\"L\u00E9gumes\",\"sl\":\"chou-vert-un-12972\",\"sn\":\"\",\"idxP\":0},{\"nm\":\"Chou rouge un\",\"nme\":\"Red Cabbage\",\"attr\":\"\",\"sku\":\"12973\",\"l2\":\"L\u00E9gumes\",\"sl\":\"chou-rouge-un-12973\",\"sn\":\"\",\"idxP\":0},{\"nm\":\"Pomme Lobo\",\"nme\":\"Lobo Apple\",\"attr\":\"\",\"sku\":\"13002\",\"l2\":\"Fruits\",\"sl\":\"pomme-lobo-13002\",\"sn\":\"apples, pommes\",\"idxP\":0},{\"nm\":\"Pomme McIntosh\",\"nme\":\"McIntosh Apple\",\"attr\":\"\",\"sku\":\"13003\",\"l2\":\"Fruits\",\"sl\":\"pomme-mcintosh-13003\",\"sn\":\"apples, pommes\",\"idxP\":0},{\"nm\":\"Pomme Gala\",\"nme\":\"Gala Apple\",\"attr\":\"\",\"sku\":\"13004\",\"l2\":\"Fruits\",\"sl\":\"pomme-gala-13004\",\"sn\":\"apples, pommes\",\"idxP\":0},{\"nm\":\"Pomme Honey Crisp\",\"nme\":\"Honey Crisp Apple\",\"attr\":\"\",\"sku\":\"13005\",\"l2\":\"Fruits\",\"sl\":\"pomme-honey-crisp-13005\",\"sn\":\"apples, pommes\",\"idxP\":0},{\"nm\":\"Pomme jaune d\u00E9licieuse\",\"nme\":\"Yellow Delicious Apple\",\"attr\":\"\",\"sku\":\"13007\",\"l2\":\"Fruits\",\"sl\":\"pomme-jaune-delicieuse-13007\",\"sn\":\"apples, pommes\",\"idxP\":0},{\"nm\":\"Chou-fleur fleuron\",\"nme\":\"Cauliflower Floret\",\"attr\":\"\",\"sku\":\"13018\",\"l2\":\"L\u00E9gumes\",\"sl\":\"chou-fleur-fleuron-13018\",\"sn\":\"\",\"idxP\":0},{\"nm\":\"Fruits plateau\",\"nme\":\"Fruit Platter\",\"attr\":\"\",\"sku\":\"13021\",\"l2\":\"Fruits et l\u00E9gumes coup\u00E9s\",\"sl\":\"fruits-plateau-13021\",\"sn\":\"\",\"idxP\":0},{\"nm\":\"Fruits bol\",\"nme\":\"Fruit Bowl\",\"attr\":\"\",\"sku\":\"13022\",\"l2\":\"Fruits et l\u00E9gumes coup\u00E9s\",\"sl\":\"fruits-bol-13022\",\"sn\":\"\",\"idxP\":0},{\"nm\":\"Ananas d\u00E9cortiqu\u00E9\",\"nme\":\"Cored Pineapple\",\"attr\":\"\",\"sku\":\"13023\",\"l2\":\"Fruits et l\u00E9gumes coup\u00E9s\",\"sl\":\"ananas-decortique-13023\",\"sn\":\"apples, ananas\",\"idxP\":0},{\"nm\":\"Chou de Bruxelles\",\"nme\":\"Brussel Sprout\",\"attr\":\"\",\"sku\":\"13024\",\"l2\":\"L\u00E9gumes\",\"sl\":\"chou-de-bruxelles-13024\",\"sn\":\"\",\"idxP\":0},{\"nm\":\"Salade brocoli cr\u00E9meuse\",\"nme\":\"Creamy Broccoli Salad\",\"attr\":\"\",\"sku\":\"13026\",\"l2\":\"Fruits et l\u00E9gumes coup\u00E9s\",\"sl\":\"salade-brocoli-cremeuse-13026\",\"sn\":\"\",\"idxP\":0},{\"nm\":\"Salade brocoli cr\u00E9meuse\",\"nme\":\"Creamy Broccoli Salad\",\"attr\":\"\",\"sku\":\"13027\",\"l2\":\"Fruits et l\u00E9gumes coup\u00E9s\",\"sl\":\"salade-brocoli-cremeuse-13027\",\"sn\":\"\",\"idxP\":0},{\"nm\":\"Salade brocoli traditionnelle\",\"nme\":\"Traditional Broccoli Salad\",\"attr\":\"\",\"sku\":\"13029\",\"l2\":\"Fruits et l\u00E9gumes coup\u00E9s\",\"sl\":\"salade-brocoli-traditionnelle-13029\",\"sn\":\"\",\"idxP\":0},{\"nm\":\"Salade brocoli traditionnelle\",\"nme\":\"Traditional Broccoli Salad\",\"attr\":\"\",\"sku\":\"13031\",\"l2\":\"Fruits et l\u00E9gumes coup\u00E9s\",\"sl\":\"salade-brocoli-traditionnelle-13031\",\"sn\":\"\",\"idxP\":0},{\"nm\":\"Echalotte\",\"nme\":\"Shallot\",\"attr\":\"\",\"sku\":\"13076\",\"l2\":\"L\u00E9gumes\",\"sl\":\"echalotte-13076\",\"sn\":\"\",\"idxP\":0},{\"nm\":\"Tomate raisin mixte\",\"nme\":\"Grape tomato\",\"attr\":\"\",\"sku\":\"13111\",\"l2\":\"L\u00E9gumes\",\"sl\":\"tomate-raisin-mixte-13111\",\"sn\":\"raisins, tomates\",\"idxP\":0},{\"nm\":\"Citrouille \u00E0 tarte\",\"nme\":\"Pumpkin pie\",\"attr\":\"\",\"sku\":\"04735\",\"l2\":\"L\u00E9gumes\",\"sl\":\"citrouille-a-tarte-04735\",\"sn\":\"\",\"idxP\":0},{\"mq\":\"Aquaverti\",\"nm\":\"M\u00E9lange toscan\",\"nme\":\"Toscan mix\",\"attr\":\"\",\"sku\":\"13123\",\"l2\":\"L\u00E9gumes\",\"sl\":\"melange-toscan-13123\",\"sn\":\"\",\"idxP\":0},{\"mq\":\"Aquaverti\",\"nm\":\"Laitue verte croquante\",\"nme\":\"Green lettuce\",\"attr\":\"\",\"sku\":\"13124\",\"l2\":\"L\u00E9gumes\",\"sl\":\"laitue-verte-croquante-13124\",\"sn\":\"\",\"idxP\":0},{\"mq\":\"Aquaverti\",\"nm\":\"M\u00E9lange artisanal vert et rouge\",\"nme\":\"Handcrafted mix\",\"attr\":\"\",\"sku\":\"13125\",\"l2\":\"L\u00E9gumes\",\"sl\":\"melange-artisanal-vert-et-rouge-13125\",\"sn\":\"\",\"idxP\":0},{\"mq\":\"Aquaverti\",\"nm\":\"Melange toscan\",\"nme\":\"Toscan mix\",\"attr\":\"\",\"sku\":\"13138\",\"l2\":\"L\u00E9gumes\",\"sl\":\"melange-toscan-13138\",\"sn\":\"\",\"idxP\":0},{\"mq\":\"Aquaverti\",\"nm\":\"Laitue croquante verte\",\"nme\":\"Crispy green lettuce\",\"attr\":\"\",\"sku\":\"13145\",\"l2\":\"L\u00E9gumes\",\"sl\":\"laitue-croquante-verte-13145\",\"sn\":\"\",\"idxP\":0},{\"nm\":\"Citrouille\",\"nme\":\"Pumpkin\",\"attr\":\"\",\"sku\":\"09215\",\"l2\":\"L\u00E9gumes\",\"sl\":\"citrouille-09215\",\"sn\":\"\",\"idxP\":24},{\"nm\":\"Ail du Qu\u00E9bec\",\"nme\":\"Garlic from Quebec\",\"attr\":\"\",\"sku\":\"70015\",\"l2\":\"L\u00E9gumes\",\"sl\":\"ail-du-quebec-70015\",\"sn\":\"\",\"idxP\":0},{\"mq\":\"ABC Confiserie\",\"nm\":\"Croustilles de plantain \u00E9pic\u00E9es\",\"nme\":\"Spicy Plantain Chips\",\"attr\":\"\",\"sku\":\"13400\",\"l2\":\"Autre\",\"sl\":\"croustilles-de-plantain-epicees-13400\",\"sn\":\"croustille\",\"idxP\":0},{\"mq\":\"ABC Confiserie\",\"nm\":\"Croustilles de plantain sucr\u00E9es\",\"nme\":\"Sweet Plantain Chips\",\"attr\":\"\",\"sku\":\"13402\",\"l2\":\"Autre\",\"sl\":\"croustilles-de-plantain-sucrees-13402\",\"sn\":\"croustille\",\"idxP\":0},{\"mq\":\"ABC Confiserie\",\"nm\":\"Croustilles de plantain sal\u00E9es\",\"nme\":\"Salty Plantain Chips\",\"attr\":\"\",\"sku\":\"13403\",\"l2\":\"Autre\",\"sl\":\"croustilles-de-plantain-salees-13403\",\"sn\":\"croustille\",\"idxP\":0},{\"nm\":\"Poireaux tranch\u00E9s\",\"nme\":\"Sliced Leeks\",\"attr\":\"\",\"sku\":\"13404\",\"l2\":\"L\u00E9gumes\",\"sl\":\"poireaux-tranches-13404\",\"sn\":\"poires\",\"idxP\":0},{\"nm\":\"Figue noire\",\"nme\":\"Black Fig\",\"attr\":\"\",\"sku\":\"13405\",\"l2\":\"Fruits\",\"sl\":\"figue-noire-13405\",\"sn\":\"\",\"idxP\":0},{\"nm\":\"Patate cube salade sous vide\",\"nme\":\"Vacuum Sealed Salad Potato Cubes\",\"attr\":\"\",\"sku\":\"13587\",\"l2\":\"Fruits et l\u00E9gumes coup\u00E9s\",\"sl\":\"patate-cube-salade-sous-vide-13587\",\"sn\":\"patates\",\"idxP\":0},{\"nm\":\"Patate grelot sous vide\",\"nme\":\"Vacuum Sealed Baby Potato\",\"attr\":\"\",\"sku\":\"13593\",\"l2\":\"Fruits et l\u00E9gumes coup\u00E9s\",\"sl\":\"patate-grelot-sous-vide-13593\",\"sn\":\"patates\",\"idxP\":0},{\"nm\":\"Patate rondelle sous vide\",\"nme\":\"Vacuum Sealed Sliced Potato\",\"attr\":\"\",\"sku\":\"13596\",\"l2\":\"Fruits et l\u00E9gumes coup\u00E9s\",\"sl\":\"patate-rondelle-sous-vide-13596\",\"sn\":\"patates\",\"idxP\":0},{\"nm\":\"Patate cube 1\\\" sous vide\",\"nme\":\"Vacuum Sealed 1\\\" Potato Cubes\",\"attr\":\"\",\"sku\":\"13607\",\"l2\":\"Fruits et l\u00E9gumes coup\u00E9s\",\"sl\":\"patate-cube-1-sous-vide-13607\",\"sn\":\"patates\",\"idxP\":0},{\"nm\":\"Patate quartier nature sous vide\",\"nme\":\"Vacuum Sealed Plain Potato Wedge\",\"attr\":\"\",\"sku\":\"13608\",\"l2\":\"Fruits et l\u00E9gumes coup\u00E9s\",\"sl\":\"patate-quartier-nature-sous-vide-13608\",\"sn\":\"patates\",\"idxP\":0},{\"nm\":\"Patate frite 1\\\/2\",\"nme\":\"1\\\/2 Potato French Fries\",\"attr\":\"\",\"sku\":\"13609\",\"l2\":\"Fruits et l\u00E9gumes coup\u00E9s\",\"sl\":\"patate-frite-12-13609\",\"sn\":\"patates\",\"idxP\":0},{\"nm\":\"Patate frite 3\\\/8\",\"nme\":\"3\\\/8 Potato French Fries\",\"attr\":\"\",\"sku\":\"13610\",\"l2\":\"Fruits et l\u00E9gumes coup\u00E9s\",\"sl\":\"patate-frite-38-13610\",\"sn\":\"patates\",\"idxP\":0},{\"nm\":\"Patate frite rouge\",\"nme\":\"Red Potato French Fries\",\"attr\":\"\",\"sku\":\"13611\",\"l2\":\"Fruits et l\u00E9gumes coup\u00E9s\",\"sl\":\"patate-frite-rouge-13611\",\"sn\":\"patates\",\"idxP\":0},{\"nm\":\"Patate cube\",\"nme\":\"Cubed Potato\",\"attr\":\"\",\"sku\":\"13612\",\"l2\":\"Fruits et l\u00E9gumes coup\u00E9s\",\"sl\":\"patate-cube-13612\",\"sn\":\"patates\",\"idxP\":0},{\"nm\":\"Patate lamelle\",\"nme\":\"Sliced Potato\",\"attr\":\"\",\"sku\":\"13613\",\"l2\":\"Fruits et l\u00E9gumes coup\u00E9s\",\"sl\":\"patate-lamelle-13613\",\"sn\":\"patates\",\"idxP\":0},{\"nm\":\"Patate d\u00E9licate enti\u00E8re pel\u00E9e\",\"nme\":\"Large Whole Peeled Potato\",\"attr\":\"\",\"sku\":\"13615\",\"l2\":\"Fruits et l\u00E9gumes coup\u00E9s\",\"sl\":\"patate-delicate-entiere-pelee-13615\",\"sn\":\"patates\",\"idxP\":0},{\"nm\":\"Patate grosse ronde pel\u00E9e\",\"nme\":\"Large Round Peeled Potato\",\"attr\":\"\",\"sku\":\"13616\",\"l2\":\"Fruits et l\u00E9gumes coup\u00E9s\",\"sl\":\"patate-grosse-ronde-pelee-13616\",\"sn\":\"patates\",\"idxP\":0},{\"nm\":\"Patate petite ronde pel\u00E9e\",\"nme\":\"Small Round Peeled Potato\",\"attr\":\"\",\"sku\":\"13623\",\"l2\":\"Fruits et l\u00E9gumes coup\u00E9s\",\"sl\":\"patate-petite-ronde-pelee-13623\",\"sn\":\"patates\",\"idxP\":0},{\"nm\":\"Patate cube salade\",\"nme\":\"Salad Potato Cubes\",\"attr\":\"\",\"sku\":\"13627\",\"l2\":\"Fruits et l\u00E9gumes coup\u00E9s\",\"sl\":\"patate-cube-salade-13627\",\"sn\":\"patates\",\"idxP\":0},{\"nm\":\"Patate cube rouge\",\"nme\":\"Red Potato Cubes\",\"attr\":\"\",\"sku\":\"13631\",\"l2\":\"Fruits et l\u00E9gumes coup\u00E9s\",\"sl\":\"patate-cube-rouge-13631\",\"sn\":\"patates\",\"idxP\":0},{\"nm\":\"Patate parisienne\",\"nme\":\"Parisian Potato\",\"attr\":\"\",\"sku\":\"13635\",\"l2\":\"Fruits et l\u00E9gumes coup\u00E9s\",\"sl\":\"patate-parisienne-13635\",\"sn\":\"patates\",\"idxP\":0},{\"nm\":\"Carotte nantaise orange\",\"nme\":\"Orange Nantes Carrot\",\"attr\":\"\",\"sku\":\"09118\",\"l2\":\"L\u00E9gumes\",\"sl\":\"carotte-nantaise-orange-09118\",\"sn\":\"carottes\",\"idxP\":0},{\"nm\":\"Champignon pleurote mixte\",\"nme\":\"Oyster Mushroom Blend\",\"attr\":\"\",\"sku\":\"14156\",\"l2\":\"L\u00E9gumes\",\"sl\":\"champignon-pleurote-mixte-14156\",\"sn\":\"\",\"idxP\":0},{\"nm\":\"Champignon pleurote gris\",\"nme\":\"Grey Oyster Mushroom\",\"attr\":\"\",\"sku\":\"14157\",\"l2\":\"L\u00E9gumes\",\"sl\":\"champignon-pleurote-gris-14157\",\"sn\":\"\",\"idxP\":0},{\"nm\":\"Champignon king oyster\",\"nme\":\"King Oyster Mushroom\",\"attr\":\"\",\"sku\":\"14158\",\"l2\":\"L\u00E9gumes\",\"sl\":\"champignon-king-oyster-14158\",\"sn\":\"\",\"idxP\":0},{\"nm\":\"Fraise de serre\",\"nme\":\"Greenhouse Strawberry\",\"attr\":\"\",\"sku\":\"14159\",\"l2\":\"Fruits\",\"sl\":\"fraise-de-serre-14159\",\"sn\":\"fraises\",\"idxP\":0},{\"nm\":\"Tomate trio\",\"nme\":\"Tomato Trio\",\"attr\":\"\",\"sku\":\"14296\",\"l2\":\"L\u00E9gumes\",\"sl\":\"tomate-trio-14296\",\"sn\":\"tomates\",\"idxP\":0},{\"mq\":\"Sea Deli\",\"nm\":\"Imitation de chair de crabe en effiloch\u00E9\",\"nme\":\"Imitation Crab Meat Shredded Style\",\"attr\":\"\",\"sku\":\"21214\",\"l2\":\"Poisson traiteur\",\"sl\":\"imitation-de-chair-de-crabe-en-effiloche-sea-deli-21214\",\"sn\":\"phyllo\",\"idxP\":38},{\"nm\":\"Morue filet 8\\\/14 d\u00E9congel\u00E9\",\"nme\":\"Cod Fillet 8\\\/14 Thawed\",\"attr\":\"\",\"sku\":\"52926\",\"l2\":\"Morue\",\"sl\":\"morue-filet-814-decongele-52926\",\"sn\":\"\",\"idxP\":62},{\"nm\":\"Homard vivant 1.25 - 1.5 lb\",\"nme\":\"Fresh Lobster 1.25 to 1.5 lb\",\"attr\":\"\",\"sku\":\"53007\",\"l2\":\"Fruit de mer\",\"sl\":\"homard-vivant-1.25-1.5-lb-53007\",\"sn\":\"\",\"idxP\":36},{\"nm\":\"Morue sal\u00E9e d\u00E9soss\u00E9e s\u00E9ch\u00E9e\",\"nme\":\"Dried Boneless Salted Cod\",\"attr\":\"\",\"sku\":\"52953\",\"l2\":\"Morue\",\"sl\":\"morue-salee-desossee-sechee-52953\",\"sn\":\"\",\"idxP\":64},{\"nm\":\"Tilapia filet FR\",\"nme\":\"Tilapia Fillet FR\",\"attr\":\"\",\"sku\":\"52963\",\"l2\":\"Poissons \u00E0 l'arrivage\",\"sl\":\"tilapia-filet-fr-52963\",\"sn\":\"\",\"idxP\":20},{\"nm\":\"Calmar FR\",\"nme\":\"Squid FR\",\"attr\":\"\",\"sku\":\"52990\",\"l2\":\"Calamar\",\"sl\":\"calmar-fr-52990\",\"sn\":\"\",\"idxP\":44},{\"nm\":\"Filet de morue d'Islande FR\",\"nme\":\"Cod Fillet\",\"attr\":\"\",\"sku\":\"52919\",\"l2\":\"Morue\",\"sl\":\"filet-de-morue-dislande-fr-52919\",\"sn\":\"\",\"idxP\":4},{\"nm\":\"Raie aile sans peau FR\",\"nme\":\"Skate Wing Skinless FR\",\"attr\":\"\",\"sku\":\"52957\",\"l2\":\"Poissons \u00E0 l'arrivage\",\"sl\":\"raie-aile-sans-peau-fr-52957\",\"sn\":\"\",\"idxP\":58},{\"nm\":\"Saumon darne FR\",\"nme\":\"Salmon Steak FR\",\"attr\":\"\",\"sku\":\"52949\",\"l2\":\"Saumon\",\"sl\":\"saumon-darne-fr-52949\",\"sn\":\"\",\"idxP\":70},{\"nm\":\"Truite arc-en-ciel enti\u00E8re FR\",\"nme\":\"Rainbow Trout Whole FR\",\"attr\":\"\",\"sku\":\"52965\",\"l2\":\"Truite\",\"sl\":\"truite-arc-en-ciel-entiere-fr-52965\",\"sn\":\"\",\"idxP\":19},{\"nm\":\"Truite saumon\u00E9e filet FR\",\"nme\":\"Salmon Trout Fillet FR\",\"attr\":\"\",\"sku\":\"52966\",\"l2\":\"Truite\",\"sl\":\"truite-saumonee-filet-fr-52966\",\"sn\":\"\",\"idxP\":75},{\"nm\":\"Tilapia rouge entier FR\",\"nme\":\"Red Tilapia Whole FR\",\"attr\":\"\",\"sku\":\"54555\",\"l2\":\"Poissons \u00E0 l'arrivage\",\"sl\":\"tilapia-rouge-entier-fr-54555\",\"sn\":\"\",\"idxP\":11},{\"nm\":\"Sole filet DCG\",\"nme\":\"Sole Fillet DCG\",\"attr\":\"\",\"sku\":\"52959\",\"l2\":\"Poissons \u00E0 l'arrivage\",\"sl\":\"sole-filet-dcg-52959\",\"sn\":\"\",\"idxP\":10},{\"nm\":\"Palourde pasta FR\",\"nme\":\"Clam Pasta FR\",\"attr\":\"\",\"sku\":\"52971\",\"l2\":\"Fruit de mer\",\"sl\":\"palourde-pasta-fr-52971\",\"sn\":\"\",\"idxP\":53},{\"nm\":\"Merlan entier FR\",\"nme\":\"Whiting Whole FR\",\"attr\":\"\",\"sku\":\"52970\",\"l2\":\"Poissons \u00E0 l'arrivage\",\"sl\":\"merlan-entier-fr-52970\",\"sn\":\"\",\"idxP\":19},{\"nm\":\"Requin darne FR\",\"nme\":\"Shark Steak FR\",\"attr\":\"\",\"sku\":\"53020\",\"l2\":\"Poissons \u00E0 l'arrivage\",\"sl\":\"requin-darne-fr-53020\",\"sn\":\"\",\"idxP\":2},{\"nm\":\"Homard cuit sur place FR 1.25 \u00E0 1.5 lbs\",\"nme\":\"Lobster Cooked In Store FR 1.25  to 1.5 lbs\",\"attr\":\"\",\"sku\":\"52981\",\"l2\":\"Fruit de mer\",\"sl\":\"homard-cuit-sur-place-fr-1.25-a-1.5-lbs-52981\",\"sn\":\"\",\"idxP\":1},{\"nm\":\"Hu\u00EEtre beausoleil\",\"nme\":\"Oyster Beausoleil\",\"attr\":\"\",\"sku\":\"53144\",\"l2\":\"Huitre\",\"sl\":\"huitre-beausoleil-53144\",\"sn\":\"\",\"idxP\":51},{\"nm\":\"Hu\u00EEtre Raspberry Point\",\"nme\":\"Oyster Raspberry Point\",\"attr\":\"\",\"sku\":\"53003\",\"l2\":\"Huitre\",\"sl\":\"huitre-raspberry-point-53003\",\"sn\":\"\",\"idxP\":10},{\"nm\":\"Hu\u00EEtre malp\u00E8que\",\"nme\":\"Malpeque Oyster\",\"attr\":\"\",\"sku\":\"53145\",\"l2\":\"Huitre\",\"sl\":\"huitre-malpeque-53145\",\"sn\":\"\",\"idxP\":67},{\"nm\":\"Aiglefin filet FR\",\"nme\":\"Haddock Fillet FR\",\"attr\":\"\",\"sku\":\"52931\",\"l2\":\"Poissons \u00E0 l'arrivage\",\"sl\":\"aiglefin-filet-fr-52931\",\"sn\":\"\",\"idxP\":5},{\"mq\":\"Simple Drop\",\"nm\":\"Hu\u00EEtre french kiss FR\",\"nme\":\"French Kiss Oyster FR\",\"attr\":\"\",\"sku\":\"50001\",\"l2\":\"Huitre\",\"sl\":\"huitre-french-kiss-fr-simple-drop-50001\",\"sn\":\"\",\"idxP\":36},{\"nm\":\"Dorade royale enti\u00E8re FR\",\"nme\":\"Royal Sea Bream, Whole FR\",\"attr\":\"\",\"sku\":\"52921\",\"l2\":\"Poissons \u00E0 l'arrivage\",\"sl\":\"dorade-royale-entiere-fr-52921\",\"sn\":\"\",\"idxP\":8},{\"nm\":\"Turbot filet FR\",\"nme\":\"Turbot Fillet fr\",\"attr\":\"\",\"sku\":\"52969\",\"l2\":\"Poissons \u00E0 l'arrivage\",\"sl\":\"turbot-filet-fr-52969\",\"sn\":\"\",\"idxP\":6},{\"nm\":\"Hu\u00EEtre tr\u00E9sor du large\",\"nme\":\"Oyster Tresor du Large\",\"attr\":\"\",\"sku\":\"53981\",\"l2\":\"Huitre\",\"sl\":\"huitre-tresor-du-large-53981\",\"sn\":\"\",\"idxP\":54},{\"nm\":\"Hu\u00EEtre tr\u00E9sor du large\",\"nme\":\"Oyster Tresor du Large\",\"attr\":\"\",\"sku\":\"53990\",\"l2\":\"Huitre\",\"sl\":\"huitre-tresor-du-large-53990\",\"sn\":\"\",\"idxP\":77},{\"nm\":\"S\u00E9baste de l'ouest FR\",\"nme\":\"West Redfish FR\",\"attr\":\"\",\"sku\":\"54006\",\"l2\":\"Poissons \u00E0 l'arrivage\",\"sl\":\"sebaste-de-louest-fr-54006\",\"sn\":\"\",\"idxP\":0},{\"mq\":\"Sea Deli\",\"nm\":\"Imitation de chair de crabe en flocons\",\"nme\":\"Imitation Crab Meat Flake Style\",\"attr\":\"\",\"sku\":\"29122\",\"l2\":\"Poisson traiteur\",\"sl\":\"imitation-de-chair-de-crabe-en-flocons-sea-deli-29122\",\"sn\":\"\",\"idxP\":51},{\"mq\":\"Mujjol\",\"nm\":\"Caviar noir hareng et mulet Espagne\",\"nme\":\"Caviar, Spain Mullet\",\"attr\":\"\",\"sku\":\"29090\",\"l2\":\"Poisson traiteur\",\"sl\":\"caviar-noir-hareng-et-mulet-espagne-mujjol-29090\",\"sn\":\"\",\"idxP\":44},{\"mq\":\"Sea Deli\",\"nm\":\"Imitation de chair de crabe en flocons\",\"nme\":\"Imitation Crab Meat Flake Style\",\"attr\":\"\",\"sku\":\"29132\",\"l2\":\"Poisson traiteur\",\"sl\":\"imitation-de-chair-de-crabe-en-flocons-sea-deli-29132\",\"sn\":\"\",\"idxP\":79},{\"nm\":\"Algues salade assaisonn\u00E9e\",\"nme\":\"Seasoned Seaweed Salad\",\"attr\":\"\",\"sku\":\"53048\",\"l2\":\"Poisson traiteur\",\"sl\":\"algues-salade-assaisonnee-53048\",\"sn\":\"\",\"idxP\":37},{\"mq\":\"Mujjol\",\"nm\":\"Caviar noir hareng et mulet Espagne\",\"nme\":\"Caviar, Black, Spain Herring and Mullet\",\"attr\":\"\",\"sku\":\"29533\",\"l2\":\"Poisson traiteur\",\"sl\":\"caviar-noir-hareng-et-mulet-espagne-mujjol-29533\",\"sn\":\"\",\"idxP\":30},{\"nm\":\"Salade de moules et poivrons\",\"nme\":\"Mussels and Pepper Salad\",\"attr\":\"\",\"sku\":\"53060\",\"l2\":\"Poisson traiteur\",\"sl\":\"salade-de-moules-et-poivrons-53060\",\"sn\":\"moules\",\"idxP\":5},{\"nm\":\"Thon darne DCG\",\"nme\":\"Tuna Steak Thawed\",\"attr\":\"\",\"sku\":\"50904\",\"l2\":\"Poissons \u00E0 l'arrivage\",\"sl\":\"thon-darne-dcg-50904\",\"sn\":\"\",\"idxP\":0},{\"nm\":\"Filet de saumon Atlantique frais\",\"nme\":\"Fresh Salmon Fillet\",\"attr\":\"\",\"sku\":\"53132\",\"l2\":\"Saumon\",\"sl\":\"filet-de-saumon-atlantique-frais-53132\",\"sn\":\"\",\"idxP\":72},{\"nm\":\"Dor\u00E9 filet canadien format \u00E9conomique\",\"nme\":\"Walleye canadian fillet value size\",\"attr\":\"\",\"sku\":\"53063\",\"l2\":\"Poissons \u00E0 l'arrivage\",\"sl\":\"dore-filet-canadien-format-economique-53063\",\"sn\":\"\",\"idxP\":32},{\"nm\":\"Pieuvre T2 FR\",\"nme\":\"Octopus T2 FR\",\"attr\":\"\",\"sku\":\"53080\",\"l2\":\"Calamar\",\"sl\":\"pieuvre-t2-fr-53080\",\"sn\":\"\",\"idxP\":49},{\"nm\":\"Pieuvre pattes\",\"nme\":\"Octopus Legs\",\"attr\":\"\",\"sku\":\"53081\",\"l2\":\"Calamar\",\"sl\":\"pieuvre-pattes-53081\",\"sn\":\"\",\"idxP\":40},{\"nm\":\"Esturgeon fum\u00E9 filet\",\"nme\":\"Sturgeon Smoked Fillet\",\"attr\":\"\",\"sku\":\"53077\",\"l2\":\"Poissons \u00E0 l'arrivage\",\"sl\":\"esturgeon-fume-filet-53077\",\"sn\":\"\",\"idxP\":23},{\"nm\":\"Pieuvre poulpe T7 surgel\u00E9\",\"nme\":\"Frozen Octopus from Marocco\",\"attr\":\"\",\"sku\":\"51000\",\"l2\":\"Calamar\",\"sl\":\"pieuvre-poulpe-t7-surgele-51000\",\"sn\":\"\",\"idxP\":-294},{\"nm\":\"Crabe des neiges section CG\",\"nme\":\"Snow Crab Cooked CG\",\"attr\":\"\",\"sku\":\"53044\",\"l2\":\"Fruit de mer\",\"sl\":\"crabe-des-neiges-section-cg-53044\",\"sn\":\"\",\"idxP\":18},{\"mq\":\"Atkins et fr\u00E8res\",\"nm\":\"Rillettes de saumon fum\u00E9 \u00E0 la coriandre\",\"nme\":\"Rillettes, Smoked Salmon and Coriander\",\"attr\":\"\",\"sku\":\"53099\",\"l2\":\"Saumon\",\"sl\":\"rillettes-de-saumon-fume-a-la-coriandre-atkins-et-freres-53099\",\"sn\":\"\",\"idxP\":42},{\"mq\":\"Atkins et fr\u00E8res\",\"nm\":\"Saumon fum\u00E9 bouch\u00E9e \u00E0 l'\u00E9rable\",\"nme\":\"Salmon, Smoked, Maple Bites\",\"attr\":\"Produit local\",\"sku\":\"53093\",\"l2\":\"Saumon\",\"sl\":\"saumon-fume-bouchee-a-lerable-atkins-et-freres-53093\",\"sn\":\"\",\"idxP\":41},{\"mq\":\"Atkins et fr\u00E8res\",\"nm\":\"Rillettes de crabe fum\u00E9\",\"nme\":\"Rillettes, Smoked Crab\",\"attr\":\"\",\"sku\":\"53100\",\"l2\":\"Fruit de mer\",\"sl\":\"rillettes-de-crabe-fume-atkins-et-freres-53100\",\"sn\":\"\",\"idxP\":55},{\"mq\":\"Atkins et fr\u00E8res\",\"nm\":\"Saumon de l'Atlantique fum\u00E9 \u00E0 froid\",\"nme\":\"Salmon, Atlantic, Cold Smoked\",\"attr\":\"Produit local\",\"sku\":\"53103\",\"l2\":\"Saumon\",\"sl\":\"saumon-de-latlantique-fume-a-froid-atkins-et-freres-53103\",\"sn\":\"\",\"idxP\":39},{\"mq\":\"Atkins et fr\u00E8res\",\"nm\":\"Rillettes de truite et crevettes fum\u00E9es\",\"nme\":\"Rillettes, Trout and Smoked Shrimps\",\"attr\":\"\",\"sku\":\"53101\",\"l2\":\"Truite\",\"sl\":\"rillettes-de-truite-et-crevettes-fumees-atkins-et-freres-53101\",\"sn\":\"crevettes\",\"idxP\":51},{\"mq\":\"Atkins et fr\u00E8res\",\"nm\":\"Saumon de l'Atlantique fum\u00E9 \u00E0 froid\",\"nme\":\"Salmon, Atlantic, Cold Smoked\",\"attr\":\"Produit local\",\"sku\":\"53104\",\"l2\":\"Saumon\",\"sl\":\"saumon-de-latlantique-fume-a-froid-atkins-et-freres-53104\",\"sn\":\"\",\"idxP\":59},{\"mq\":\"Atkins et fr\u00E8res\",\"nm\":\"Rillettes de homard fum\u00E9\",\"nme\":\"Rillettes, Smoked Lobster\",\"attr\":\"\",\"sku\":\"53098\",\"l2\":\"Fruit de mer\",\"sl\":\"rillettes-de-homard-fume-atkins-et-freres-53098\",\"sn\":\"\",\"idxP\":52},{\"mq\":\"Pur Mer\",\"nm\":\"Bourgot marin\u00E9\",\"nme\":\"Marinated bourgot\",\"attr\":\"\",\"sku\":\"53113\",\"l2\":\"Fruit de mer\",\"sl\":\"bourgot-marine-pur-mer-53113\",\"sn\":\"\",\"idxP\":30},{\"mq\":\"Pur Mer\",\"nm\":\"Turbot marin\u00E9\",\"nme\":\"Turbot, Marinated\",\"attr\":\"\",\"sku\":\"53114\",\"l2\":\"Poissons \u00E0 l'arrivage\",\"sl\":\"turbot-marine-pur-mer-53114\",\"sn\":\"\",\"idxP\":7},{\"nm\":\"Crabe des neiges cuit FR\",\"nme\":\"Snow Crab Cooked FR\",\"attr\":\"\",\"sku\":\"54226\",\"l2\":\"Fruit de mer\",\"sl\":\"crabe-des-neiges-cuit-fr-54226\",\"sn\":\"\",\"idxP\":5},{\"nm\":\"Queue de homard qc 4-5 on\",\"nme\":\"Lobster tail qc 4-5 on\",\"attr\":\"Produit local\",\"sku\":\"53142\",\"l2\":\"Fruit de mer\",\"sl\":\"queue-de-homard-qc-4-5-on-53142\",\"sn\":\"\",\"idxP\":34},{\"nm\":\"Hu\u00EEtre Lucky-Lime\",\"nme\":\"Oyster Lucky-Lime\",\"attr\":\"\",\"sku\":\"53159\",\"l2\":\"Huitre\",\"sl\":\"huitre-lucky-lime-53159\",\"sn\":\"\",\"idxP\":100},{\"nm\":\"Hu\u00EEtre Raspberry Point\",\"nme\":\"Oyster Raspberry Point\",\"attr\":\"\",\"sku\":\"52996\",\"l2\":\"Huitre\",\"sl\":\"huitre-raspberry-point-52996\",\"sn\":\"\",\"idxP\":100},{\"nm\":\"Hu\u00EEtre beausoleil\",\"nme\":\"Beausoleil Oyster\",\"attr\":\"\",\"sku\":\"53115\",\"l2\":\"Huitre\",\"sl\":\"huitre-beausoleil-53115\",\"sn\":\"\",\"idxP\":68},{\"nm\":\"Fl\u00E9tan filet FR\",\"nme\":\"Halibut Fillet FR\",\"attr\":\"\",\"sku\":\"51906\",\"l2\":\"Poissons \u00E0 l'arrivage\",\"sl\":\"fletan-filet-fr-51906\",\"sn\":\"\",\"idxP\":46},{\"mq\":\"Big Bob's\",\"nm\":\"Morue pan\u00E9e \u00E0 la biere un\",\"nme\":\"Beer battered cod un\",\"attr\":\"\",\"sku\":\"55110\",\"l2\":\"Morue\",\"sl\":\"morue-panee-a-la-biere-un-big-bobs-55110\",\"sn\":\"\",\"idxP\":62},{\"nm\":\"Morue Sal\u00E9 QC un\",\"nme\":\"Salted cod qc un\",\"attr\":\"Produit local\",\"sku\":\"55113\",\"l2\":\"Morue\",\"sl\":\"morue-sale-qc-un-55113\",\"sn\":\"\",\"idxP\":11},{\"nm\":\"Loup de mer entier FR\",\"nme\":\"Sea Bass, Whole FR\",\"attr\":\"\",\"sku\":\"53154\",\"l2\":\"Poissons \u00E0 l'arrivage\",\"sl\":\"loup-de-mer-entier-fr-53154\",\"sn\":\"\",\"idxP\":1},{\"nm\":\"Lotte filet FR\",\"nme\":\"Monkfish Fillet FR\",\"attr\":\"\",\"sku\":\"53002\",\"l2\":\"Poissons \u00E0 l'arrivage\",\"sl\":\"lotte-filet-fr-53002\",\"sn\":\"\",\"idxP\":45},{\"nm\":\"Thon brochette CG\",\"nme\":\"Tuna, Brochettes CG\",\"attr\":\"\",\"sku\":\"53137\",\"l2\":\"Poissons \u00E0 l'arrivage\",\"sl\":\"thon-brochette-cg-53137\",\"sn\":\"\",\"idxP\":0},{\"nm\":\"Hu\u00EEtre grande entr\u00E9e\",\"nme\":\"Oyster Grande Entree\",\"attr\":\"Produit local\",\"sku\":\"53150\",\"l2\":\"Huitre\",\"sl\":\"huitre-grande-entree-53150\",\"sn\":\"\",\"idxP\":-44},{\"nm\":\"\u00C9perlan entier FR\",\"nme\":\"Smelt Whole FR\",\"attr\":\"\",\"sku\":\"52958\",\"l2\":\"Poissons \u00E0 l'arrivage\",\"sl\":\"eperlan-entier-fr-52958\",\"sn\":\"\",\"idxP\":32}], [{\"nm\":\"Merluche (Merlu) filet FR\",\"nme\":\"Hake Fillet FR\",\"attr\":\"\",\"sku\":\"52976\",\"l2\":\"Poissons \u00E0 l'arrivage\",\"sl\":\"merluche-merlu-filet-fr-52976\",\"sn\":\"\",\"idxP\":8},{\"nm\":\"Merlan entier nettoy\u00E9 frais\",\"nme\":\"Fresh Whole Whiting Clean\",\"attr\":\"\",\"sku\":\"53017\",\"l2\":\"Poissons \u00E0 l'arrivage\",\"sl\":\"merlan-entier-nettoye-frais-53017\",\"sn\":\"\",\"idxP\":24},{\"nm\":\"Bar blanc entier FR\",\"nme\":\"White Bass, Whole FR\",\"attr\":\"\",\"sku\":\"53999\",\"l2\":\"Poissons \u00E0 l'arrivage\",\"sl\":\"bar-blanc-entier-fr-53999\",\"sn\":\"\",\"idxP\":0},{\"nm\":\"Moule de Terre-Neuve 10x908g\",\"nme\":\"Mussel Newfoundland 10x908g\",\"attr\":\"\",\"sku\":\"54230\",\"l2\":\"Fruit de mer\",\"sl\":\"moule-de-terre-neuve-10x908g-54230\",\"sn\":\"moules\",\"idxP\":34},{\"nm\":\"Hu\u00EEtre caribou choix 3po\",\"nme\":\"Oyster Caribou choice 3po\",\"attr\":\"\",\"sku\":\"54014\",\"l2\":\"Huitre\",\"sl\":\"huitre-caribou-choix-3po-54014\",\"sn\":\"\",\"idxP\":52},{\"nm\":\"Hu\u00EEtre malp\u00E8que\",\"nme\":\"Oyster Malpeque\",\"attr\":\"\",\"sku\":\"53986\",\"l2\":\"Huitre\",\"sl\":\"huitre-malpeque-53986\",\"sn\":\"\",\"idxP\":3},{\"mq\":\"Le Crabier\",\"nm\":\"Buccins (bourgots) en saumure\",\"nme\":\"Whelks in brine\",\"attr\":\"\",\"sku\":\"55192\",\"l2\":\"Fruit de mer\",\"sl\":\"buccins-bourgots-en-saumure-le-crabier-55192\",\"sn\":\"\",\"idxP\":0},{\"mq\":\"Fumoir Gosselin\",\"nm\":\"Saumon fum\u00E9 \u00E9pic\u00E9 p\u00E9pites CG\",\"nme\":\"Salmon Smoked Spicy Nuggets FZ\",\"attr\":\"\",\"sku\":\"55121\",\"l2\":\"Saumon\",\"sl\":\"saumon-fume-epice-pepites-cg-fumoir-gosselin-55121\",\"sn\":\"\",\"idxP\":8},{\"mq\":\"Fumoir Gosselin\",\"nm\":\"Saumon fum\u00E9 nature p\u00E9pites SG\",\"nme\":\"Salmon Smoked Nature Nuggets SG\",\"attr\":\"Aliment du Qu\u00E9bec, Produit local\",\"sku\":\"55122\",\"l2\":\"Saumon\",\"sl\":\"saumon-fume-nature-pepites-sg-fumoir-gosselin-55122\",\"sn\":\"\",\"idxP\":0},{\"mq\":\"Fumoir Gosselin\",\"nm\":\"Saumon fum\u00E9 \u00E0 l'\u00E9rable p\u00E9pites CG\",\"nme\":\"Salmon Smoked Maple Nuggets FZ\",\"attr\":\"Aliment du Qu\u00E9bec, Produit local\",\"sku\":\"55120\",\"l2\":\"Saumon\",\"sl\":\"saumon-fume-a-lerable-pepites-cg-fumoir-gosselin-55120\",\"sn\":\"\",\"idxP\":15},{\"nm\":\"Pieuvre du Maroc d\u00E9congel\u00E9e\",\"nme\":\"Thawed octopus from Morocco\",\"attr\":\"\",\"sku\":\"52881\",\"l2\":\"Calamar\",\"sl\":\"pieuvre-du-maroc-decongelee-52881\",\"sn\":\"\",\"idxP\":29},{\"nm\":\"Omble chevalier filet FR\",\"nme\":\"Arctic char fillet FR\",\"attr\":\"\",\"sku\":\"55264\",\"l2\":\"Poissons \u00E0 l'arrivage\",\"sl\":\"omble-chevalier-filet-fr-55264\",\"sn\":\"\",\"idxP\":6},{\"nm\":\"Crevette nordique enti\u00E8re FR\",\"nme\":\"Shrimp, nordic, whole FR\",\"attr\":\"\",\"sku\":\"51916\",\"l2\":\"Crevette\",\"sl\":\"crevette-nordique-entiere-fr-51916\",\"sn\":\"crevettes\",\"idxP\":3},{\"mq\":\"Fumoir Gosselin\",\"nm\":\"Saumon fum\u00E9 nature pav\u00E9 CG\",\"nme\":\"Salmon Smoked Natural Steak  FZ\",\"attr\":\"\",\"sku\":\"55470\",\"l2\":\"Saumon\",\"sl\":\"saumon-fume-nature-pave-cg-fumoir-gosselin-55470\",\"sn\":\"\",\"idxP\":15},{\"mq\":\"Fumoir Gosselin\",\"nm\":\"Saumon fum\u00E9 \u00E0 l'\u00E9rable pav\u00E9 CG\",\"nme\":\"Salmon Smoked Maple Steak  FZ\",\"attr\":\"\",\"sku\":\"55466\",\"l2\":\"Saumon\",\"sl\":\"saumon-fume-a-lerable-pave-cg-fumoir-gosselin-55466\",\"sn\":\"\",\"idxP\":11},{\"mq\":\"Fumoir Gosselin\",\"nm\":\"Saumon fum\u00E9 au miel pav\u00E9 CG\",\"nme\":\"Salmon Smoked Honey Steak  FZ\",\"attr\":\"\",\"sku\":\"55465\",\"l2\":\"Saumon\",\"sl\":\"saumon-fume-au-miel-pave-cg-fumoir-gosselin-55465\",\"sn\":\"\",\"idxP\":16},{\"nm\":\"Homard cuit FR 1lb \u00E0 1.25 lbs\",\"nme\":\"Lobster Cooked FR 1lb to 1.25 lbs\",\"attr\":\"\",\"sku\":\"55469\",\"l2\":\"Fruit de mer\",\"sl\":\"homard-cuit-fr-1lb-a-1.25-lbs-55469\",\"sn\":\"\",\"idxP\":5},{\"nm\":\"Homard queue 2\\\/3 on DCG\",\"nme\":\"Lobster Tail 2\\\/3 oz Thawed\",\"attr\":\"\",\"sku\":\"55467\",\"l2\":\"Fruit de mer\",\"sl\":\"homard-queue-23-on-dcg-55467\",\"sn\":\"\",\"idxP\":42},{\"nm\":\"Moules de l'\u00EEle du Prince \u00C9douard\",\"nme\":\"Prince Edward Island Mussels\",\"attr\":\"\",\"sku\":\"10649\",\"l2\":\"Fruit de mer\",\"sl\":\"moules-de-lile-du-prince-edouard-10649\",\"sn\":\"moules\",\"idxP\":7},{\"nm\":\"Saumon trimure CG\",\"nme\":\"Salmon trimming FZ\",\"attr\":\"\",\"sku\":\"56632\",\"l2\":\"Saumon\",\"sl\":\"saumon-trimure-cg-56632\",\"sn\":\"\",\"idxP\":9},{\"nm\":\"Pangasius filet\",\"nme\":\"Pangasius Fillet\",\"attr\":\"\",\"sku\":\"58038\",\"l2\":\"Autre\",\"sl\":\"pangasius-filet-58038\",\"sn\":\"\",\"idxP\":27},{\"nm\":\"Sole filet\",\"nme\":\"Sole Fillet\",\"attr\":\"\",\"sku\":\"52985\",\"l2\":\"Poissons \u00E0 l'arrivage\",\"sl\":\"sole-filet-52985\",\"sn\":\"\",\"idxP\":10},{\"nm\":\"Saumon Coho filet sgl\",\"nme\":\"Coho Salmon Fillet Fz\",\"attr\":\"\",\"sku\":\"54947\",\"l2\":\"Saumon\",\"sl\":\"saumon-coho-filet-sgl-54947\",\"sn\":\"\",\"idxP\":58},{\"nm\":\"Bar commun europ\u00E9en entier CG\",\"nme\":\"European Bass, Whole FZ\",\"attr\":\"\",\"sku\":\"11833\",\"l2\":\"Poissons \u00E0 l'arrivage\",\"sl\":\"bar-commun-europeen-entier-cg-11833\",\"sn\":\"\",\"idxP\":4},{\"nm\":\"Saumon Coho filet frais\",\"nme\":\"Fresh Coho Salmon Fillet\",\"attr\":\"\",\"sku\":\"54964\",\"l2\":\"Saumon\",\"sl\":\"saumon-coho-filet-frais-54964\",\"sn\":\"\",\"idxP\":33},{\"nm\":\"Hu\u00EEtre caribou choix\",\"nme\":\"Oyster Caribou\",\"attr\":\"\",\"sku\":\"54010\",\"l2\":\"Huitre\",\"sl\":\"huitre-caribou-choix-54010\",\"sn\":\"\",\"idxP\":100},{\"nm\":\"Truite arc-en-ciel filet FR\",\"nme\":\"Rainbow Trout Fillet FR\",\"attr\":\"\",\"sku\":\"52998\",\"l2\":\"Truite\",\"sl\":\"truite-arc-en-ciel-filet-fr-52998\",\"sn\":\"\",\"idxP\":63},{\"nm\":\"Algues salade assaisonn\u00E9e\",\"nme\":\"Seasoned Seaweed Salad\",\"attr\":\"\",\"sku\":\"54995\",\"l2\":\"Poisson traiteur\",\"sl\":\"algues-salade-assaisonnee-54995\",\"sn\":\"\",\"idxP\":0},{\"nm\":\"Hu\u00EEtre Chebooktook 12un\",\"nme\":\"Chebooktook Oyster 12 UN\",\"attr\":\"\",\"sku\":\"10902\",\"l2\":\"Huitre\",\"sl\":\"huitre-chebooktook-12un-10902\",\"sn\":\"\",\"idxP\":5},{\"mq\":\"South Shore\",\"nm\":\"Homard cuit tube surgel\u00E9\",\"nme\":\"Frozen Cooked Lobster Tube\",\"attr\":\"\",\"sku\":\"12484\",\"l2\":\"Fruit de mer\",\"sl\":\"homard-cuit-tube-surgele-12484\",\"sn\":\"\",\"idxP\":25},{\"nm\":\"Thon longe AAA 3-5 lbs\",\"nme\":\"3-5 lbs AAA Tuna Loin\",\"attr\":\"\",\"sku\":\"12732\",\"l2\":\"Autre\",\"sl\":\"thon-longe-aaa-3-5-lbs-12732\",\"sn\":\"\",\"idxP\":0},{\"nm\":\"Thon AAA portion 6 oz\",\"nme\":\"6oz AAA Tuna Portion\",\"attr\":\"\",\"sku\":\"12734\",\"l2\":\"Autre\",\"sl\":\"thon-aaa-portion-6-oz-12734\",\"sn\":\"\",\"idxP\":0},{\"nm\":\"Hu\u00EEtre Honeymoon 18 UN\",\"nme\":\"Honeymoon Oyster 18 UN\",\"attr\":\"\",\"sku\":\"10897\",\"l2\":\"Huitre\",\"sl\":\"huitre-honeymoon-18-un-10897\",\"sn\":\"\",\"idxP\":0},{\"mq\":\"O&C Brand\",\"nm\":\"Algues salade congel\u00E9e\",\"nme\":\"Frozen Seaweed Salad\",\"attr\":\"\",\"sku\":\"13290\",\"l2\":\"Poisson traiteur\",\"sl\":\"algues-salade-congelee-13290\",\"sn\":\"\",\"idxP\":0},{\"nm\":\"Hu\u00EEtre Lucky-Lime 12un\",\"nme\":\"Lucky-Lime Oysters\",\"attr\":\"\",\"sku\":\"53165\",\"l2\":\"Huitre\",\"sl\":\"huitre-lucky-lime-12un-53165\",\"sn\":\"\",\"idxP\":0},{\"mq\":\"Lafleur\",\"nm\":\"Saucisse porc et boeuf\",\"nme\":\"Pork and Beef Sausage\",\"attr\":\"Aliment du Qu\u00E9bec, Produit local\",\"sku\":\"14144\",\"l2\":\"Saucisse\",\"sl\":\"saucisse-porc-et-boeuf-lafleur-14144\",\"sn\":\"\",\"idxP\":50},{\"mq\":\"Roma\",\"nm\":\"Saucisse italienne forte\",\"nme\":\"Hot Italian Sausage\",\"attr\":\"Aliment du Qu\u00E9bec, Produit local\",\"sku\":\"32732\",\"l2\":\"Saucisse\",\"sl\":\"saucisse-italienne-forte-roma-32732\",\"sn\":\"\",\"idxP\":37},{\"nm\":\"Boeuf bifteck d'int. de ronde F\\\/E\",\"nme\":\"Beef Inside Round Bifteck\",\"attr\":\"\",\"sku\":\"50105\",\"l2\":\"Boeuf\",\"sl\":\"boeuf-bifteck-dint.-de-ronde-fe-50105\",\"sn\":\"steak, oeufs\",\"idxP\":68},{\"nm\":\"Boeuf bifteck d'int. de ronde attendri\",\"nme\":\"Beef Tenderized Inside Round Steak\",\"attr\":\"\",\"sku\":\"50103\",\"l2\":\"Boeuf\",\"sl\":\"boeuf-bifteck-dint.-de-ronde-attendri-50103\",\"sn\":\"steak, oeufs\",\"idxP\":43},{\"nm\":\"Boeuf cubes \u00E0 rago\u00FBt\",\"nme\":\"Beef Stew Cubed\",\"attr\":\"\",\"sku\":\"50110\",\"l2\":\"Boeuf\",\"sl\":\"boeuf-cubes-a-ragout-50110\",\"sn\":\"\",\"idxP\":71},{\"nm\":\"Boeuf cubes bourguignon\",\"nme\":\"Beef Bourguignon Cubed\",\"attr\":\"\",\"sku\":\"50111\",\"l2\":\"Boeuf\",\"sl\":\"boeuf-cubes-bourguignon-50111\",\"sn\":\"\",\"idxP\":69},{\"nm\":\"Porc r\u00F4ti coupe centre d\u00E9soss\u00E9\",\"nme\":\"Pork Loin Roast Center Cut Boneless\",\"attr\":\"\",\"sku\":\"50213\",\"l2\":\"Porc\",\"sl\":\"porc-roti-coupe-centre-desosse-50213\",\"sn\":\"\",\"idxP\":83},{\"nm\":\"Porc c\u00F4telette os central\",\"nme\":\"Pork Chop Central Bone\",\"attr\":\"\",\"sku\":\"50217\",\"l2\":\"Porc\",\"sl\":\"porc-cotelette-os-central-50217\",\"sn\":\"\",\"idxP\":82},{\"nm\":\"Boeuf bifteck de faux filet AA\",\"nme\":\"Rib Eye Steak AA\",\"attr\":\"\",\"sku\":\"50131\",\"l2\":\"Boeuf\",\"sl\":\"boeuf-bifteck-de-faux-filet-aa-50131\",\"sn\":\"steak, oeufs\",\"idxP\":58},{\"nm\":\"Porc carr\u00E9 de longe\",\"nme\":\"Pork Loin Rack\",\"attr\":\"\",\"sku\":\"50214\",\"l2\":\"Porc\",\"sl\":\"porc-carre-de-longe-50214\",\"sn\":\"\",\"idxP\":71},{\"nm\":\"Boeuf r\u00F4ti d'int. de ronde\",\"nme\":\"Beef Inside Round Roast\",\"attr\":\"\",\"sku\":\"50107\",\"l2\":\"Boeuf\",\"sl\":\"boeuf-roti-dint.-de-ronde-50107\",\"sn\":\"oeufs\",\"idxP\":47},{\"nm\":\"Porc r\u00F4ti d'\u00E9paule picnic\",\"nme\":\"Pork Shoulder Blade Picnic Roast\",\"attr\":\"\",\"sku\":\"50236\",\"l2\":\"Porc\",\"sl\":\"porc-roti-depaule-picnic-50236\",\"sn\":\"\",\"idxP\":81},{\"nm\":\"Porc jarret\",\"nme\":\"Pork Hocks\",\"attr\":\"\",\"sku\":\"50271\",\"l2\":\"Porc\",\"sl\":\"porc-jarret-50271\",\"sn\":\"\",\"idxP\":49},{\"nm\":\"Porc bifteck surlonge\",\"nme\":\"Pork Sirloin Steak\",\"attr\":\"\",\"sku\":\"50275\",\"l2\":\"Porc\",\"sl\":\"porc-bifteck-surlonge-50275\",\"sn\":\"steak\",\"idxP\":67},{\"nm\":\"Boeuf bift. d'int. de ronde sandwich\",\"nme\":\"Beef Inside Round Sandwich Steak\",\"attr\":\"\",\"sku\":\"50104\",\"l2\":\"Boeuf\",\"sl\":\"boeuf-bift.-dint.-de-ronde-sandwich-50104\",\"sn\":\"steak, oeufs\",\"idxP\":74},{\"nm\":\"Porc fesse\",\"nme\":\"Pork Leg\",\"attr\":\"\",\"sku\":\"50248\",\"l2\":\"Porc\",\"sl\":\"porc-fesse-50248\",\"sn\":\"\",\"idxP\":100},{\"nm\":\"Porc gras de dos sal\u00E9\",\"nme\":\"Pork Back Fat Salted\",\"attr\":\"\",\"sku\":\"50262\",\"l2\":\"Porc\",\"sl\":\"porc-gras-de-dos-sale-50262\",\"sn\":\"\",\"idxP\":9},{\"nm\":\"Porc \u00E9paule Montr\u00E9al\",\"nme\":\"Pork Shoulder Montreal\",\"attr\":\"\",\"sku\":\"50235\",\"l2\":\"Porc\",\"sl\":\"porc-epaule-montreal-50235\",\"sn\":\"\",\"idxP\":69},{\"nm\":\"Porc foie\",\"nme\":\"Pork Liver\",\"attr\":\"\",\"sku\":\"50289\",\"l2\":\"Porc\",\"sl\":\"porc-foie-50289\",\"sn\":\"\",\"idxP\":44},{\"nm\":\"Porc c\u00F4telette longe d\u00E9soss\u00E9e FR\",\"nme\":\"Pork Boneless Loin Chop FR\",\"attr\":\"Aliment du Qu\u00E9bec, Produit local\",\"sku\":\"50220\",\"l2\":\"Porc\",\"sl\":\"porc-cotelette-longe-desossee-fr-50220\",\"sn\":\"\",\"idxP\":76},{\"nm\":\"Escalope de veau de lait\",\"nme\":\"White Milk Fed Veal Cutlet\",\"attr\":\"\",\"sku\":\"50326\",\"l2\":\"Veau\",\"sl\":\"escalope-de-veau-de-lait-50326\",\"sn\":\"\",\"idxP\":8},{\"mq\":\"Canabec\",\"nm\":\"Saucisse wapiti porc baie des champs 4x75g\",\"nme\":\"Sausage elk pork berries 4x75g\",\"attr\":\"Produit local\",\"sku\":\"50750\",\"l2\":\"Gibier\",\"sl\":\"saucisse-wapiti-porc-baie-des-champs-4x75g-canabec-50750\",\"sn\":\"\",\"idxP\":8},{\"nm\":\"Porc cubes\",\"nme\":\"Pork Cubes\",\"attr\":\"\",\"sku\":\"50226\",\"l2\":\"Porc\",\"sl\":\"porc-cubes-50226\",\"sn\":\"\",\"idxP\":12},{\"nm\":\"Poulet haut cuisse d\u00E9soss\u00E9 par\u00E9 F\\\/E\",\"nme\":\"Chicken Thighs Full Trim E\\\/P\",\"attr\":\"\",\"sku\":\"50438\",\"l2\":\"Volaille\",\"sl\":\"poulet-haut-cuisse-desosse-pare-fe-50438\",\"sn\":\"\",\"idxP\":67},{\"nm\":\"Poulet cuisse avec dos F\\\/E\",\"nme\":\"Chicken Legs w\\\/back E\\\/P\",\"attr\":\"Produit local\",\"sku\":\"50431\",\"l2\":\"Volaille\",\"sl\":\"poulet-cuisse-avec-dos-fe-50431\",\"sn\":\"\",\"idxP\":100},{\"nm\":\"Boeuf bift. tomahawk os 12po AAA\",\"nme\":\"Beef Tomahawk 12in Bone AAA Steak\",\"attr\":\"\",\"sku\":\"52020\",\"l2\":\"Boeuf\",\"sl\":\"boeuf-bift.-tomahawk-os-12po-aaa-52020\",\"sn\":\"steak\",\"idxP\":75},{\"nm\":\"Boeuf oeil de ronde AA enti\u00E8re d\u00E9nud\u00E9e\",\"nme\":\"Beef Whole Bare Eye of Round AA\",\"attr\":\"\",\"sku\":\"52913\",\"l2\":\"Boeuf\",\"sl\":\"boeuf-oeil-de-ronde-aa-entiere-denudee-52913\",\"sn\":\"oeufs\",\"idxP\":94},{\"nm\":\"Poulet aile F\\\/E\",\"nme\":\"Chicken Wings E\\\/P\",\"attr\":\"\",\"sku\":\"50418\",\"l2\":\"Volaille\",\"sl\":\"poulet-aile-fe-50418\",\"sn\":\"\",\"idxP\":5},{\"nm\":\"Poulet coeur\",\"nme\":\"Chicken Heart\",\"attr\":\"\",\"sku\":\"50498\",\"l2\":\"Volaille\",\"sl\":\"poulet-coeur-50498\",\"sn\":\"\",\"idxP\":56},{\"mq\":\"Pierrette\",\"nm\":\"Poulet de grain Pierrette\",\"nme\":\"Grain-Fed Pierrette Chicken\",\"attr\":\"\",\"sku\":\"50200\",\"l2\":\"Volaille\",\"sl\":\"poulet-de-grain-pierrette-pierrette-50200\",\"sn\":\"\",\"idxP\":88},{\"nm\":\"Porc lani\u00E8res de surlonge\",\"nme\":\"Pork strips sirloin\",\"attr\":\"\",\"sku\":\"50770\",\"l2\":\"Porc\",\"sl\":\"porc-lanieres-de-surlonge-50770\",\"sn\":\"\",\"idxP\":28},{\"nm\":\"Agneau jarret 14-18 CG\",\"nme\":\"Lamb Shank 14-18 FZ\",\"attr\":\"\",\"sku\":\"50376\",\"l2\":\"Agneau\",\"sl\":\"agneau-jarret-14-18-cg-50376\",\"sn\":\"\",\"idxP\":18},{\"nm\":\"Veau de grain osso buco 1.25\\\" CG\",\"nme\":\"Frozen Grain-fed Veal Osso Buco\",\"attr\":\"\",\"sku\":\"50337\",\"l2\":\"Veau\",\"sl\":\"veau-de-grain-osso-buco-1.25-cg-50337\",\"sn\":\"\",\"idxP\":88},{\"mq\":\"1855\",\"nm\":\"Boeuf bifteck de faux filet 1855\",\"nme\":\"1855 Rib Eye Steak\",\"attr\":\"\",\"sku\":\"50133\",\"l2\":\"Boeuf\",\"sl\":\"boeuf-bifteck-de-faux-filet-1855-1855-50133\",\"sn\":\"steak\",\"idxP\":57},{\"nm\":\"Boeuf viande \u00E0 sous-marin CG\",\"nme\":\"Beef Submarine Steak FZ\",\"attr\":\"\",\"sku\":\"50109\",\"l2\":\"Boeuf\",\"sl\":\"boeuf-viande-a-sous-marin-cg-50109\",\"sn\":\"\",\"idxP\":34},{\"mq\":\"Canabec\",\"nm\":\"Fond de gibier\",\"nme\":\"Game Stock\",\"attr\":\"Aliment du Qu\u00E9bec, Produit local\",\"sku\":\"50716\",\"l2\":\"Gibier\",\"sl\":\"fond-de-gibier-canabec-50716\",\"sn\":\"\",\"idxP\":13},{\"mq\":\"Canabec\",\"nm\":\"Fond de canard\",\"nme\":\"Duck Stock\",\"attr\":\"Aliment du Qu\u00E9bec, Produit local\",\"sku\":\"50717\",\"l2\":\"Gibier\",\"sl\":\"fond-de-canard-canabec-50717\",\"sn\":\"\",\"idxP\":7},{\"mq\":\"Canabec\",\"nm\":\"Graisse fine de canard\",\"nme\":\"Fat Fine Duck\",\"attr\":\"Produit local\",\"sku\":\"50806\",\"l2\":\"Gibier\",\"sl\":\"graisse-fine-de-canard-canabec-50806\",\"sn\":\"\",\"idxP\":13},{\"mq\":\"Canabec\",\"nm\":\"Fond de veau\",\"nme\":\"Veal Stock\",\"attr\":\"Produit local\",\"sku\":\"50718\",\"l2\":\"Gibier\",\"sl\":\"fond-de-veau-canabec-50718\",\"sn\":\"\",\"idxP\":38},{\"mq\":\"Canabec\",\"nm\":\"Fond de veau\",\"nme\":\"Fond de Veau\",\"attr\":\"Aliment du Qu\u00E9bec, Produit local\",\"sku\":\"50792\",\"l2\":\"Gibier\",\"sl\":\"fond-de-veau-canabec-50792\",\"sn\":\"\",\"idxP\":29},{\"nm\":\"Boeuf bift. int. ronde au poivre F\\\/E\",\"nme\":\"Beef Peppers Inside Round steak\",\"attr\":\"\",\"sku\":\"52755\",\"l2\":\"Boeuf\",\"sl\":\"boeuf-bift.-int.-ronde-au-poivre-fe-52755\",\"sn\":\"steak, oeufs\",\"idxP\":69},{\"nm\":\"Boeuf filet 5 up utilit\u00E9\",\"nme\":\"Beef tenderloin 5 up utility\",\"attr\":\"\",\"sku\":\"50161\",\"l2\":\"Boeuf\",\"sl\":\"boeuf-filet-5-up-utilite-50161\",\"sn\":\"oeufs\",\"idxP\":5},{\"nm\":\"Poulet pilon F\\\/E\",\"nme\":\"Chicken Drumstick\",\"attr\":\"\",\"sku\":\"50416\",\"l2\":\"Volaille\",\"sl\":\"poulet-pilon-fe-50416\",\"sn\":\"\",\"idxP\":100},{\"mq\":\"Lac Brome\",\"nm\":\"Canard lac Brome\",\"nme\":\"Brome lake duck\",\"attr\":\"Aliment du Qu\u00E9bec, Produit local\",\"sku\":\"50761\",\"l2\":\"Gibier\",\"sl\":\"canard-lac-brome-lac-brome-50761\",\"sn\":\"\",\"idxP\":37},{\"mq\":\"1855\",\"nm\":\"Boeuf bifteck de c\u00F4te 1855\",\"nme\":\"1855 Beef Rib Steak\",\"attr\":\"\",\"sku\":\"52842\",\"l2\":\"Boeuf\",\"sl\":\"boeuf-bifteck-de-cote-1855-1855-52842\",\"sn\":\"steak\",\"idxP\":70},{\"mq\":\"1855\",\"nm\":\"Boeuf bifteck de bavette 1855\",\"nme\":\"Flapmeat Beef Steak 1855\",\"attr\":\"\",\"sku\":\"53302\",\"l2\":\"Boeuf\",\"sl\":\"bifteck-de-bavette-de-boeuf-1855-1855-53302\",\"sn\":\"steak\",\"idxP\":59},{\"nm\":\"Lapin sans t\u00EAte\",\"nme\":\"Rabbit Meat without head\",\"attr\":\"\",\"sku\":\"50756\",\"l2\":\"Gibier\",\"sl\":\"lapin-sans-tete-50756\",\"sn\":\"\",\"idxP\":71},{\"mq\":\"1855\",\"nm\":\"Boeuf m\u00E9daillon haut surlonge 1855\",\"nme\":\"Beef Top Sirloin Medallion Steak 1855\",\"attr\":\"\",\"sku\":\"50199\",\"l2\":\"Boeuf\",\"sl\":\"boeuf-medaillon-haut-surlonge-1855-1855-50199\",\"sn\":\"oeufs\",\"idxP\":16},{\"mq\":\"1855\",\"nm\":\"Boeuf bavette d\u00E9nud\u00E9e 1855\",\"nme\":\"Beef Flap Stripped 1855\",\"attr\":\"\",\"sku\":\"53301\",\"l2\":\"Boeuf\",\"sl\":\"boeuf-bavette-denudee-1855-1855-53301\",\"sn\":\"oeufs\",\"idxP\":74},{\"nm\":\"Poulet poitrine d\u00E9soss\u00E9e par\u00E9e F\\\/E\",\"nme\":\"Chicken Breast Boneless Full Trim\",\"attr\":\"\",\"sku\":\"50420\",\"l2\":\"Volaille\",\"sl\":\"poulet-poitrine-desossee-paree-fe-50420\",\"sn\":\"\",\"idxP\":100},{\"nm\":\"Porc osso buco CG\",\"nme\":\"Pork Osso Buco FZ\",\"attr\":\"\",\"sku\":\"53398\",\"l2\":\"Porc\",\"sl\":\"porc-osso-buco-cg-gourmet-ft-53398\",\"sn\":\"\",\"idxP\":80},{\"nm\":\"Boeuf filet mignon chateaubriand d\u00E9nud\u00E9\",\"nme\":\"Beef Chateaubriand Tenderloin\",\"attr\":\"\",\"sku\":\"52474\",\"l2\":\"Boeuf\",\"sl\":\"boeuf-filet-mignon-chateaubriand-denude-52474\",\"sn\":\"oeufs\",\"idxP\":73},{\"nm\":\"Boeuf bifteck d'aloyau AA\",\"nme\":\"T-Bone Steak AA\",\"attr\":\"\",\"sku\":\"50142\",\"l2\":\"Boeuf\",\"sl\":\"bifteck-daloyau-t-bone-aa-50142\",\"sn\":\"steak\",\"idxP\":57},{\"mq\":\"1855\",\"nm\":\"Boeuf bifteck contre-filet 1855\",\"nme\":\"1855 Beef Strip Loin Steak\",\"attr\":\"\",\"sku\":\"53306\",\"l2\":\"Boeuf\",\"sl\":\"bifteck-contre-filet-1855-1855-53306\",\"sn\":\"steak\",\"idxP\":52},{\"nm\":\"Porc flanc d\u00E9soss\u00E9 avec couenne\",\"nme\":\"Pork boneless Belly with Rind\",\"attr\":\"\",\"sku\":\"52430\",\"l2\":\"Porc\",\"sl\":\"porc-flanc-desosse-avec-couenne-52430\",\"sn\":\"\",\"idxP\":79},{\"mq\":\"1855\",\"nm\":\"Boeuf bifteck filet mignon 1855\",\"nme\":\"1855 Tenderloin Steak\",\"attr\":\"\",\"sku\":\"52363\",\"l2\":\"Boeuf\",\"sl\":\"boeuf-bifteck-filet-mignon-1855-1855-52363\",\"sn\":\"steak\",\"idxP\":46},{\"mq\":\"1855\",\"nm\":\"Boeuf bavette 1855\",\"nme\":\"Beef flap meat 1855\",\"attr\":\"\",\"sku\":\"50301\",\"l2\":\"Boeuf\",\"sl\":\"boeuf-bavette-1855-1855-50301\",\"sn\":\"oeufs\",\"idxP\":100},{\"mq\":\"1855\",\"nm\":\"Boeuf c\u00F4te RTS 1855\",\"nme\":\"Beef rib RTS 1855\",\"attr\":\"\",\"sku\":\"52276\",\"l2\":\"Boeuf\",\"sl\":\"boeuf-cote-rts-1855-1855-52276\",\"sn\":\"\",\"idxP\":95},{\"mq\":\"1855\",\"nm\":\"Boeuf bifteck macreuse 1855\",\"nme\":\"1855 Flank Steak\",\"attr\":\"\",\"sku\":\"51543\",\"l2\":\"Boeuf\",\"sl\":\"boeuf-bifteck-macreuse-1855-1855-51543\",\"sn\":\"steak, oeufs\",\"idxP\":44},{\"mq\":\"1855\",\"nm\":\"Boeuf roti de c\u00F4te 1855\",\"nme\":\"1855 Roast Beef\",\"attr\":\"\",\"sku\":\"52423\",\"l2\":\"Boeuf\",\"sl\":\"boeuf-roti-de-cote-1855-1855-52423\",\"sn\":\"\",\"idxP\":7},{\"mq\":\"Canabec\",\"nm\":\"Viande de cheval \u00E0 fondue chinoise congel\u00E9\",\"nme\":\"Frozen Chinese Fondue Horse Meat\",\"attr\":\"Aliment du Qu\u00E9bec, Produit local\",\"sku\":\"50715\",\"l2\":\"Gibier\",\"sl\":\"viande-de-cheval-a-fondue-chinoise-congele-canabec-50715\",\"sn\":\"\",\"idxP\":12},{\"mq\":\"Canabec\",\"nm\":\"Pintade \u00E0 fondue chinoise congel\u00E9e\",\"nme\":\"Frozen Chinese Fondue Guinea Fowl\",\"attr\":\"Aliment du Qu\u00E9bec, Produit local\",\"sku\":\"50724\",\"l2\":\"Gibier\",\"sl\":\"pintade-a-fondue-chinoise-congelee-canabec-50724\",\"sn\":\"\",\"idxP\":36},{\"mq\":\"Canabec\",\"nm\":\"Wapiti \u00E0 fondue chinoise congel\u00E9\",\"nme\":\"Frozen Chinese Fondue Elk\",\"attr\":\"Aliment du Qu\u00E9bec, Produit local\",\"sku\":\"50721\",\"l2\":\"Gibier\",\"sl\":\"wapiti-a-fondue-chinoise-congele-canabec-50721\",\"sn\":\"\",\"idxP\":23},{\"mq\":\"Canabec\",\"nm\":\"Viande de lapin \u00E0 fondue chinoise congel\u00E9e\",\"nme\":\"Frozen Chinese Fondue Rabbit Meat\",\"attr\":\"Aliment du Qu\u00E9bec, Produit local\",\"sku\":\"50726\",\"l2\":\"Gibier\",\"sl\":\"viande-de-lapin-a-fondue-chinoise-congelee-canabec-50726\",\"sn\":\"\",\"idxP\":14},{\"mq\":\"Canabec\",\"nm\":\"Canard \u00E0 fondue chinoise congel\u00E9\",\"nme\":\"Frozen Chinese Fondue Duck\",\"attr\":\"Aliment du Qu\u00E9bec, Produit local\",\"sku\":\"50727\",\"l2\":\"Gibier\",\"sl\":\"canard-a-fondue-chinoise-congele-canabec-50727\",\"sn\":\"\",\"idxP\":14},{\"mq\":\"Canabec\",\"nm\":\"Demi-glace de veau\",\"nme\":\"Veal Demi-glace\",\"attr\":\"Aliment du Qu\u00E9bec, Produit local\",\"sku\":\"50719\",\"l2\":\"Gibier\",\"sl\":\"demi-glace-de-veau-canabec-50719\",\"sn\":\"\",\"idxP\":21},{\"mq\":\"Canabec\",\"nm\":\"Agneau \u00E0 fondue chinoise congel\u00E9\",\"nme\":\"Frozen Chinese Fondue Lamb\",\"attr\":\"Aliment du Qu\u00E9bec, Produit local\",\"sku\":\"50728\",\"l2\":\"Gibier\",\"sl\":\"agneau-a-fondue-chinoise-congele-canabec-50728\",\"sn\":\"\",\"idxP\":17},{\"mq\":\"Canabec\",\"nm\":\"Burger de cerf 100% congel\u00E9\",\"nme\":\"Frozen 100% Deer Burger\",\"attr\":\"Aliment du Qu\u00E9bec, Produit local\",\"sku\":\"50734\",\"l2\":\"Gibier\",\"sl\":\"burger-de-cerf-100-congele-canabec-50734\",\"sn\":\"\",\"idxP\":9},{\"mq\":\"Canabec\",\"nm\":\"Kangourou \u00E0 fondue chinoise congel\u00E9\",\"nme\":\"Frozen Kangoroo Chinese Fondue\",\"attr\":\"Aliment du Qu\u00E9bec, Produit local\",\"sku\":\"50730\",\"l2\":\"Gibier\",\"sl\":\"kangourou-a-fondue-chinoise-congele-canabec-50730\",\"sn\":\"\",\"idxP\":12},{\"mq\":\"Canabec\",\"nm\":\"Burger de canard 100% congel\u00E9\",\"nme\":\"Frozen 100% Duck Burger\",\"attr\":\"Aliment du Qu\u00E9bec, Produit local\",\"sku\":\"50738\",\"l2\":\"Gibier\",\"sl\":\"burger-de-canard-100-congele-canabec-50738\",\"sn\":\"\",\"idxP\":16},{\"mq\":\"Canabec\",\"nm\":\"Saucisse porc et lapin pomme 4x75g\",\"nme\":\"Sausage pork and rabbit apple 4x75g\",\"attr\":\"Produit local\",\"sku\":\"50752\",\"l2\":\"Gibier\",\"sl\":\"saucisse-porc-et-lapin-pomme-4x75g-canabec-50752\",\"sn\":\"apples, pommes\",\"idxP\":7},{\"mq\":\"Canabec\",\"nm\":\"Sanglier \u00E0 fondue chinoise congel\u00E9\",\"nme\":\"Frozen Chinese Fondue Wild Boar\",\"attr\":\"Aliment du Qu\u00E9bec, Produit local\",\"sku\":\"50723\",\"l2\":\"Gibier\",\"sl\":\"sanglier-a-fondue-chinoise-congele-canabec-50723\",\"sn\":\"\",\"idxP\":4},{\"mq\":\"Canabec\",\"nm\":\"Burger de kangourou 100% congel\u00E9\",\"nme\":\"Frozen 100% Kagouroo Burger\",\"attr\":\"Aliment du Qu\u00E9bec, Produit local\",\"sku\":\"50739\",\"l2\":\"Gibier\",\"sl\":\"burger-de-kangourou-100-congele-canabec-50739\",\"sn\":\"\",\"idxP\":4},{\"mq\":\"Canabec\",\"nm\":\"Gras canard congel\u00E9 1L\",\"nme\":\"Frozen Duck Fat\",\"attr\":\"\",\"sku\":\"50768\",\"l2\":\"Gibier\",\"sl\":\"gras-canard-congele-1l-canabec-50768\",\"sn\":\"\",\"idxP\":12},{\"mq\":\"Canabec\",\"nm\":\"Cerf \u00E0 fondue chinoise congel\u00E9\",\"nme\":\"Frozen Chinese Fondue Deer\",\"attr\":\"Aliment du Qu\u00E9bec, Produit local\",\"sku\":\"50720\",\"l2\":\"Gibier\",\"sl\":\"cerf-a-fondue-chinoise-congele-canabec-50720\",\"sn\":\"\",\"idxP\":34},{\"mq\":\"Canabec\",\"nm\":\"Burger de bison 100% congel\u00E9\",\"nme\":\"Frozen 100% Bison Burger\",\"attr\":\"Aliment du Qu\u00E9bec, Produit local\",\"sku\":\"50736\",\"l2\":\"Gibier\",\"sl\":\"burger-de-bison-100-congele-canabec-50736\",\"sn\":\"\",\"idxP\":4},{\"mq\":\"Canabec\",\"nm\":\"Canard effiloch\u00E9 confit\",\"nme\":\"Candied Efficiency duck\",\"attr\":\"Aliment du Qu\u00E9bec, Produit local\",\"sku\":\"50781\",\"l2\":\"Gibier\",\"sl\":\"canard-effiloche-confit-canabec-50781\",\"sn\":\"phyllo\",\"idxP\":4},{\"mq\":\"Canabec\",\"nm\":\"Burger de Wapiti 100 % congel\u00E9\",\"nme\":\"Frozen 100% Wapiti Burger\",\"attr\":\"Aliment du Qu\u00E9bec, Produit local\",\"sku\":\"50735\",\"l2\":\"Gibier\",\"sl\":\"burger-de-wapiti-100-congele-canabec-50735\",\"sn\":\"\",\"idxP\":9},{\"mq\":\"Canabec\",\"nm\":\"Cuisse de Pintade confite\",\"nme\":\"Candied Guinea Fowl Leg\",\"attr\":\"Produit local\",\"sku\":\"50783\",\"l2\":\"Gibier\",\"sl\":\"cuisse-de-pintade-confite-canabec-50783\",\"sn\":\"\",\"idxP\":8},{\"mq\":\"Canabec\",\"nm\":\"Sauce forestiere\",\"nme\":\"Ranger Sauce\",\"attr\":\"Aliment du Qu\u00E9bec, Produit local\",\"sku\":\"50797\",\"l2\":\"Gibier\",\"sl\":\"sauce-forestiere-canabec-50797\",\"sn\":\"\",\"idxP\":11},{\"mq\":\"Canabec\",\"nm\":\"Demi-glace\",\"nme\":\"Demi-glace\",\"attr\":\"Aliment du Qu\u00E9bec, Produit local\",\"sku\":\"50793\",\"l2\":\"Gibier\",\"sl\":\"demi-glace-canabec-50793\",\"sn\":\"\",\"idxP\":16},{\"mq\":\"Canabec\",\"nm\":\"Bison \u00E0 fondue chinoise congel\u00E9\",\"nme\":\"Frozen Chinese Fondue Bison\",\"attr\":\"Aliment du Qu\u00E9bec, Produit local\",\"sku\":\"50722\",\"l2\":\"Gibier\",\"sl\":\"bison-a-fondue-chinoise-congele-canabec-50722\",\"sn\":\"\",\"idxP\":24},{\"mq\":\"Canabec\",\"nm\":\"Sauce bordelaise\",\"nme\":\"Bordelaise Sauce\",\"attr\":\"Aliment du Qu\u00E9bec, Produit local\",\"sku\":\"50795\",\"l2\":\"Gibier\",\"sl\":\"sauce-bordelaise-canabec-50795\",\"sn\":\"\",\"idxP\":14},{\"mq\":\"Canabec\",\"nm\":\"Cuisse de canard confite\",\"nme\":\"Candied Duck Leg\",\"attr\":\"Produit local\",\"sku\":\"50785\",\"l2\":\"Gibier\",\"sl\":\"cuisse-de-canard-confite-canabec-50785\",\"sn\":\"\",\"idxP\":81},{\"mq\":\"Canabec\",\"nm\":\"Gras de canard fondu congel\u00E9 4L\",\"nme\":\"Frozen Rendered Duck Fat\",\"attr\":\"\",\"sku\":\"51548\",\"l2\":\"Gibier\",\"sl\":\"gras-de-canard-fondu-congele-4l-canabec-51548\",\"sn\":\"\",\"idxP\":2},{\"mq\":\"Canabec\",\"nm\":\"Saucisse canard porc bleuet th\u00E9 vert 4x75g\",\"nme\":\"Sausage duck pork blueberries green tea 4x75g\",\"attr\":\"Produit local\",\"sku\":\"50751\",\"l2\":\"Gibier\",\"sl\":\"saucisse-canard-porc-bleuet-the-vert-4x75g-canabec-50751\",\"sn\":\"\",\"idxP\":7},{\"mq\":\"Canabec\",\"nm\":\"Sauce porto\",\"nme\":\"Porto Sauce\",\"attr\":\"Aliment du Qu\u00E9bec, Produit local\",\"sku\":\"50794\",\"l2\":\"Gibier\",\"sl\":\"sauce-porto-canabec-50794\",\"sn\":\"\",\"idxP\":21},{\"mq\":\"Canabec\",\"nm\":\"Sauce poivrade\",\"nme\":\"Pepper Sauce\",\"attr\":\"Produit local\",\"sku\":\"50796\",\"l2\":\"Gibier\",\"sl\":\"sauce-poivrade-canabec-50796\",\"sn\":\"\",\"idxP\":9},{\"nm\":\"Agneau c\u00F4telette de N-Z sous-vide CG\",\"nme\":\"Lamb COV Chop NZ FZ\",\"attr\":\"\",\"sku\":\"52429\",\"l2\":\"Agneau\",\"sl\":\"agneau-cotelette-de-n-z-sous-vide-cg-52429\",\"sn\":\"\",\"idxP\":62},{\"mq\":\"Rougi\u00E9\",\"nm\":\"Magret de canard\",\"nme\":\"Duck Breast\",\"attr\":\"Aliment du Qu\u00E9bec, Produit local\",\"sku\":\"50760\",\"l2\":\"Gibier\",\"sl\":\"magret-de-canard-rougie-50760\",\"sn\":\"\",\"idxP\":56},{\"nm\":\"Porc grillades assaisonn\u00E9es\",\"nme\":\"Pork Seasoned Grilled\",\"attr\":\"\",\"sku\":\"53209\",\"l2\":\"Porc\",\"sl\":\"porc-grillades-assaisonnees-53209\",\"sn\":\"\",\"idxP\":48},{\"nm\":\"Boeuf bif. de contre-filet AA\",\"nme\":\"Beef Strip Loin Steak AA\",\"attr\":\"\",\"sku\":\"52163\",\"l2\":\"Boeuf\",\"sl\":\"boeuf-bif.-de-contre-filet-aa-52163\",\"sn\":\"steak, oeufs\",\"idxP\":60},{\"nm\":\"Porc hach\u00E9 maigre\",\"nme\":\"Pork Lean Ground\",\"attr\":\"\",\"sku\":\"52236\",\"l2\":\"Porc\",\"sl\":\"porc-hache-maigre-52236\",\"sn\":\"\",\"idxP\":80},{\"nm\":\"Boeuf bifteck de c\u00F4te A+\",\"nme\":\"Beef Rib Steak A+\",\"attr\":\"\",\"sku\":\"53293\",\"l2\":\"Boeuf\",\"sl\":\"boeuf-bifteck-de-cote-a-53293\",\"sn\":\"steak, oeufs\",\"idxP\":80},{\"nm\":\"Boeuf r\u00F4ti bas de palette d\u00E9soss\u00E9\",\"nme\":\"Boneless Blade Inside Roast\",\"attr\":\"\",\"sku\":\"50190\",\"l2\":\"Boeuf\",\"sl\":\"boeuf-roti-bas-de-palette-desosse-50190\",\"sn\":\"oeufs\",\"idxP\":100},{\"nm\":\"Boeuf lani\u00E8res\",\"nme\":\"Beef strips\",\"attr\":\"\",\"sku\":\"51115\",\"l2\":\"Boeuf\",\"sl\":\"boeuf-lanieres-51115\",\"sn\":\"\",\"idxP\":38},{\"mq\":\"Bestco\",\"nm\":\"Boeuf hach\u00E9 mi-maigre CG\",\"nme\":\"Medium Ground Beef FZ\",\"attr\":\"\",\"sku\":\"52191\",\"l2\":\"Boeuf\",\"sl\":\"boeuf-hache-mi-maigre-cg-bestco-52191\",\"sn\":\"\",\"idxP\":100},{\"nm\":\"Boeuf tournedos int. de ronde AA\",\"nme\":\"Beef Inside Round Tournedos AA\",\"attr\":\"\",\"sku\":\"51106\",\"l2\":\"Boeuf\",\"sl\":\"boeuf-tournedos-int.-de-ronde-aa-51106\",\"sn\":\"oeufs\",\"idxP\":67},{\"mq\":\"Lac Brome\",\"nm\":\"Pilons d\u2019ailes de canard miel et ail congel\u00E9s\",\"nme\":\"Frozen Honey and Garlic Duck Wing Drumettes 650 g\",\"attr\":\"Aliment du Qu\u00E9bec, Produit local\",\"sku\":\"50814\",\"l2\":\"Gibier\",\"sl\":\"pilons-dailes-de-canard-miel-et-ail-congeles-lac-brome-50814\",\"sn\":\"\",\"idxP\":12},{\"mq\":\"Lac Brome\",\"nm\":\"Gras de canard\",\"nme\":\"Fat Duck\",\"attr\":\"Produit local\",\"sku\":\"50815\",\"l2\":\"Gibier\",\"sl\":\"gras-de-canard-lac-brome-50815\",\"sn\":\"\",\"idxP\":6},{\"mq\":\"Lac Brome\",\"nm\":\"Cuisse de canard\",\"nme\":\"Duck leg and thigh\",\"attr\":\"Aliment du Qu\u00E9bec, Produit local\",\"sku\":\"50810\",\"l2\":\"Gibier\",\"sl\":\"cuisse-de-canard-lac-brome-50810\",\"sn\":\"\",\"idxP\":45},{\"mq\":\"Lac Brome\",\"nm\":\"Saucisses de canard tomates s\u00E9ch\u00E9es et ail\",\"nme\":\"Sun-Dried Tomatoes and Garlic Duck Sausages\",\"attr\":\"Sans gluten, Aliment du Qu\u00E9bec, Produit local\",\"sku\":\"50816\",\"l2\":\"Saucisse\",\"sl\":\"saucisses-de-canard-tomates-sechees-et-ail-lac-brome-50816\",\"sn\":\"tomates\",\"idxP\":8},{\"mq\":\"Lac Brome\",\"nm\":\"Poitrine de canard d\u00E9soss\u00E9e\",\"nme\":\"Boneless Duck Breast\",\"attr\":\"Aliment du Qu\u00E9bec, Produit local\",\"sku\":\"50811\",\"l2\":\"Gibier\",\"sl\":\"poitrine-de-canard-desossee-lac-brome-50811\",\"sn\":\"\",\"idxP\":34},{\"mq\":\"Lac Brome\",\"nm\":\"Saucisses de canard orange canneberge\",\"nme\":\"Cranberry Orange Duck Sausages\",\"attr\":\"Sans gluten, Aliment du Qu\u00E9bec, Produit local\",\"sku\":\"50817\",\"l2\":\"Saucisse\",\"sl\":\"saucisses-de-canard-orange-canneberge-lac-brome-50817\",\"sn\":\"\",\"idxP\":-1},{\"mq\":\"Lac Brome\",\"nm\":\"P\u00E2t\u00E9 de canard champ\u00EAtre congel\u00E9\",\"nme\":\"Country Style Duck Pot Pie\",\"attr\":\"Aliment du Qu\u00E9bec, Produit local\",\"sku\":\"50813\",\"l2\":\"Gibier\",\"sl\":\"pate-de-canard-champetre-congele-lac-brome-50813\",\"sn\":\"\",\"idxP\":21},{\"mq\":\"Lac Brome\",\"nm\":\"Saucisses douces\",\"nme\":\"Mild Sausage\",\"attr\":\"Sans gluten, Produit local\",\"sku\":\"50819\",\"l2\":\"Saucisse\",\"sl\":\"saucisses-douces-lac-brome-50819\",\"sn\":\"\",\"idxP\":-2},{\"mq\":\"Lac Brome\",\"nm\":\"Poitrine de canard en cubes congel\u00E9e\",\"nme\":\"Frozen Duck Breast Cubes\",\"attr\":\"Aliment du Qu\u00E9bec, Produit local\",\"sku\":\"50821\",\"l2\":\"Gibier\",\"sl\":\"poitrine-de-canard-en-cubes-congelee-lac-brome-50821\",\"sn\":\"\",\"idxP\":1},{\"mq\":\"Lac Brome\",\"nm\":\"Saucisses de canard poivre et ail fa\u00E7on Toulouse\",\"nme\":\"Pepper and Garlic Duck Sausages Toulouse Style\",\"attr\":\"Sans gluten, Produit local\",\"sku\":\"50818\",\"l2\":\"Saucisse\",\"sl\":\"saucisses-de-canard-poivre-et-ail-facon-toulouse-lac-brome-50818\",\"sn\":\"\",\"idxP\":11},{\"mq\":\"Lac Brome\",\"nm\":\"Viande de canard hach\u00E9e maigre congel\u00E9\",\"nme\":\"Frozen Lean Ground Duck Meat\",\"attr\":\"Aliment du Qu\u00E9bec, Produit local\",\"sku\":\"50820\",\"l2\":\"Gibier\",\"sl\":\"viande-de-canard-hachee-maigre-congele-lac-brome-50820\",\"sn\":\"\",\"idxP\":15},{\"mq\":\"Famille Fontaine\",\"nm\":\"Veau t\u00EAte de filet\",\"nme\":\"Veal Butt Tenderloin\",\"attr\":\"Sans gluten, Produit local\",\"sku\":\"52373\",\"l2\":\"Veau\",\"sl\":\"veau-tete-de-filet-famille-fontaine-52373\",\"sn\":\"\",\"idxP\":36},{\"mq\":\"Famille Fontaine\",\"nm\":\"Veau c\u00F4telette de longe\",\"nme\":\"Veal T-Bone Loin Chops\",\"attr\":\"Sans gluten, Produit local\",\"sku\":\"52386\",\"l2\":\"Veau\",\"sl\":\"veau-cotelette-de-longe-famille-fontaine-52386\",\"sn\":\"\",\"idxP\":11},{\"mq\":\"Famille Fontaine\",\"nm\":\"Veau palette tranch\u00E9 a\\\/os\",\"nme\":\"Veal Blade Roast Bone-in\",\"attr\":\"Sans gluten, Produit local\",\"sku\":\"52388\",\"l2\":\"Veau\",\"sl\":\"veau-palette-tranche-aos-famille-fontaine-52388\",\"sn\":\"\",\"idxP\":15},{\"mq\":\"Famille Fontaine\",\"nm\":\"Veau osso buco\",\"nme\":\"Veal Shanks Osso Buco\",\"attr\":\"Produit local\",\"sku\":\"52390\",\"l2\":\"Veau\",\"sl\":\"veau-osso-buco-famille-fontaine-52390\",\"sn\":\"\",\"idxP\":28},{\"mq\":\"Famille Fontaine\",\"nm\":\"Veau escalope cuisseau\",\"nme\":\"Veal Leg Cutlets vacuum sealed\",\"attr\":\"Produit local\",\"sku\":\"52391\",\"l2\":\"Veau\",\"sl\":\"veau-escalope-cuisseau-famille-fontaine-52391\",\"sn\":\"\",\"idxP\":24},{\"mq\":\"Famille Fontaine\",\"nm\":\"Veau escalope pan\u00E9e\",\"nme\":\"Veal Breaded Cutlets Mechanically Tenderized\",\"attr\":\"Sans gluten, Produit local\",\"sku\":\"52392\",\"l2\":\"Veau\",\"sl\":\"veau-escalope-panee-famille-fontaine-52392\",\"sn\":\"\",\"idxP\":1},{\"mq\":\"Famille Fontaine\",\"nm\":\"Veau cubes rago\u00FBt\",\"nme\":\"Stewing Veal\",\"attr\":\"Produit local\",\"sku\":\"52393\",\"l2\":\"Veau\",\"sl\":\"veau-cubes-ragout-famille-fontaine-52393\",\"sn\":\"\",\"idxP\":26},{\"mq\":\"Famille Fontaine\",\"nm\":\"Veau c\u00F4te h\u00F4tel vieillie\",\"nme\":\"Aged Veal Chop\",\"attr\":\"Sans gluten, Aliment du Qu\u00E9bec, Produit local\",\"sku\":\"52394\",\"l2\":\"Veau\",\"sl\":\"veau-cote-hotel-vieillie-famille-fontaine-52394\",\"sn\":\"\",\"idxP\":38},{\"mq\":\"Lac Brome\",\"nm\":\"2 Cuisses de canard confites\",\"nme\":\"2 Confit Duck Legs\",\"attr\":\"Produit local\",\"sku\":\"50812\",\"l2\":\"Gibier\",\"sl\":\"2-cuisses-de-canard-confites-lac-brome-50812\",\"sn\":\"\",\"idxP\":41},{\"mq\":\"Mayrand CHEF\",\"nm\":\"Demi jambon toupie\",\"nme\":\"Half Toupie Ham\",\"attr\":\"\",\"sku\":\"50311\",\"l2\":\"Porc\",\"sl\":\"demi-jambon-toupie-mayrand-chef-50311\",\"sn\":\"\",\"idxP\":35},{\"mq\":\"Mayrand CHEF\",\"nm\":\"Quartier de jambon toupie\",\"nme\":\"Quarter Toupie Ham\",\"attr\":\"\",\"sku\":\"50312\",\"l2\":\"Porc\",\"sl\":\"quartier-de-jambon-toupie-mayrand-chef-50312\",\"sn\":\"\",\"idxP\":34},{\"mq\":\"Butterball\",\"nm\":\"Farce congel\u00E9e BBall\",\"nme\":\"Frozen Home-Style Turkey Stuffing\",\"attr\":\"\",\"sku\":\"50830\",\"l2\":\"Volaille\",\"sl\":\"farce-congelee-bball-butterball-50830\",\"sn\":\"\",\"idxP\":38},{\"mq\":\"Bestco\",\"nm\":\"Agneau hach\u00E9 mi-maigre CG\",\"nme\":\"Medium Ground Lamb FZ\",\"attr\":\"\",\"sku\":\"52487\",\"l2\":\"Agneau\",\"sl\":\"agneau-hache-mi-maigre-cg-bestco-52487\",\"sn\":\"\",\"idxP\":74},{\"mq\":\"Canabec\",\"nm\":\"Saucisse porc et lapin curcuma 300g\",\"nme\":\"Sausage pork and rabbit turmeric 300g\",\"attr\":\"Produit local\",\"sku\":\"50757\",\"l2\":\"Gibier\",\"sl\":\"saucisse-porc-et-lapin-curcuma-300g-canabec-50757\",\"sn\":\"turmeric, safran des indes\",\"idxP\":6},{\"mq\":\"Canabec\",\"nm\":\"Cuisse de lapin confite\",\"nme\":\"Candied Rabbit Leg\",\"attr\":\"Produit local\",\"sku\":\"50782\",\"l2\":\"Gibier\",\"sl\":\"cuisse-de-lapin-confite-canabec-50782\",\"sn\":\"\",\"idxP\":14},{\"nm\":\"Poulet de Cornouailles\",\"nme\":\"Cornish Hen Chicken\",\"attr\":\"\",\"sku\":\"50776\",\"l2\":\"Gibier\",\"sl\":\"poulet-de-cornouailles-50776\",\"sn\":\"\",\"idxP\":72},{\"mq\":\"Rougi\u00E9\",\"nm\":\"Foie gras entier congel\u00E9\",\"nme\":\"Frozen Mulard Duck Foie Gras\",\"attr\":\"Produit local\",\"sku\":\"52781\",\"l2\":\"Volaille\",\"sl\":\"foie-gras-entier-congele-rougie-52781\",\"sn\":\"\",\"idxP\":29},{\"nm\":\"Cailles congel\u00E9es\",\"nme\":\"Frozen Quails\",\"attr\":\"\",\"sku\":\"57787\",\"l2\":\"Gibier\",\"sl\":\"cailles-congelees-57787\",\"sn\":\"\",\"idxP\":54},{\"nm\":\"Pintade fra\u00EEche\",\"nme\":\"Fresh Guinea\",\"attr\":\"\",\"sku\":\"50789\",\"l2\":\"Gibier\",\"sl\":\"pintade-fraiche-50789\",\"sn\":\"\",\"idxP\":42},{\"nm\":\"Faisan congel\u00E9\",\"nme\":\"Frozen Pheasant\",\"attr\":\"\",\"sku\":\"52703\",\"l2\":\"Gibier\",\"sl\":\"faisan-congele-52703\",\"sn\":\"\",\"idxP\":0},{\"mq\":\"Bestco\",\"nm\":\"Dinde hach\u00E9e extra-maigre CG\",\"nme\":\"Frozen Extra Lean Ground Turkey\",\"attr\":\"\",\"sku\":\"52183\",\"l2\":\"Volaille\",\"sl\":\"dinde-hachee-extra-maigre-cg-bestco-52183\",\"sn\":\"\",\"idxP\":96},{\"nm\":\"Poulet lani\u00E8re poitrine\",\"nme\":\"Chicken Breast Strip\",\"attr\":\"\",\"sku\":\"51542\",\"l2\":\"Volaille\",\"sl\":\"poulet-laniere-poitrine-51542\",\"sn\":\"\",\"idxP\":73},{\"mq\":\"Bestco\",\"nm\":\"Veau hach\u00E9 maigre CG\",\"nme\":\"Lean Ground Veal FZ\",\"attr\":\"\",\"sku\":\"53180\",\"l2\":\"Veau\",\"sl\":\"veau-hache-maigre-cg-bestco-53180\",\"sn\":\"\",\"idxP\":84},{\"mq\":\"Bestco\",\"nm\":\"Poulet hach\u00E9 maigre CG\",\"nme\":\"Lean Ground Chicken CG\",\"attr\":\"\",\"sku\":\"52189\",\"l2\":\"Volaille\",\"sl\":\"poulet-hache-maigre-cg-bestco-52189\",\"sn\":\"\",\"idxP\":91},{\"mq\":\"Bestco\",\"nm\":\"Boeuf porc et veau hach\u00E9 maigre CG\",\"nme\":\"Lean Ground Beef Pork and Veal FZ\",\"attr\":\"\",\"sku\":\"52182\",\"l2\":\"Boeuf\",\"sl\":\"boeuf-porc-et-veau-hache-maigre-cg-bestco-52182\",\"sn\":\"oeufs\",\"idxP\":100},{\"mq\":\"Bestco\",\"nm\":\"Boeuf hach\u00E9 extra-maigre CG\",\"nme\":\"Extra-Lean Ground Beef FZ\",\"attr\":\"\",\"sku\":\"52192\",\"l2\":\"Boeuf\",\"sl\":\"boeuf-hache-extra-maigre-cg-bestco-52192\",\"sn\":\"\",\"idxP\":100},{\"mq\":\"Bestco\",\"nm\":\"Boeuf hach\u00E9 maigre CG\",\"nme\":\"Lean Ground Beef FZ\",\"attr\":\"\",\"sku\":\"53258\",\"l2\":\"Boeuf\",\"sl\":\"boeuf-hache-maigre-cg-bestco-53258\",\"sn\":\"\",\"idxP\":100},{\"nm\":\"Boeuf hach\u00E9 extra-maigre\",\"nme\":\"Beef ground extra-lean\",\"attr\":\"\",\"sku\":\"52240\",\"l2\":\"Boeuf\",\"sl\":\"boeuf-hache-extra-maigre-52240\",\"sn\":\"\",\"idxP\":87},{\"nm\":\"Veau de grain c\u00F4telettes longe\",\"nme\":\"Grain feed veal chop loin\",\"attr\":\"\",\"sku\":\"50298\",\"l2\":\"Veau\",\"sl\":\"veau-de-grain-cotelettes-longe-50298\",\"sn\":\"\",\"idxP\":5},{\"mq\":\"Viande Richelieu\",\"nm\":\"Cheval bifteck de filet mignon CG\",\"nme\":\"Frozen Horse Tenderloin Bifteck\",\"attr\":\"\",\"sku\":\"52349\",\"l2\":\"Gibier\",\"sl\":\"cheval-bifteck-de-filet-mignon-cg-viande-richelieu-52349\",\"sn\":\"steak\",\"idxP\":7},{\"mq\":\"Viande Richelieu\",\"nm\":\"Cheval bifteck de faux-filet CG\",\"nme\":\"Frozen Horse Rib-Eye Bifteck\",\"attr\":\"\",\"sku\":\"52351\",\"l2\":\"Gibier\",\"sl\":\"cheval-bifteck-de-faux-filet-cg-viande-richelieu-52351\",\"sn\":\"steak\",\"idxP\":6},{\"mq\":\"Viande Richelieu\",\"nm\":\"Cheval hach\u00E9 congel\u00E9\",\"nme\":\"Frozen Ground Horse Meat\",\"attr\":\"\",\"sku\":\"52353\",\"l2\":\"Gibier\",\"sl\":\"cheval-hache-congele-viande-richelieu-52353\",\"sn\":\"\",\"idxP\":14},{\"mq\":\"Viande Richelieu\",\"nm\":\"Cheval bifteck de surlonge CG\",\"nme\":\"Frozen Horse Sirloin Bifteck\",\"attr\":\"\",\"sku\":\"52350\",\"l2\":\"Gibier\",\"sl\":\"cheval-bifteck-de-surlonge-cg-viande-richelieu-52350\",\"sn\":\"steak\",\"idxP\":6},{\"mq\":\"VDC\",\"nm\":\"Poulet cuisse avec dos S-V VDC\",\"nme\":\"Chicken Legs vacuum pack\",\"attr\":\"Sans gluten, Produit local\",\"sku\":\"50587\",\"l2\":\"Volaille\",\"sl\":\"poulet-cuisse-avec-dos-s-v-vdc-vdc-50587\",\"sn\":\"\",\"idxP\":8},{\"nm\":\"Poulet brochette F\\\/E\",\"nme\":\"Chicken Breast Brochettes E\\\/P\",\"attr\":\"\",\"sku\":\"52119\",\"l2\":\"Volaille\",\"sl\":\"poulet-brochette-fe-52119\",\"sn\":\"\",\"idxP\":57},{\"mq\":\"VDC\",\"nm\":\"Poulet grain s\\\/antibio +2kg S-V VDC\",\"nme\":\"Chicken COV Grain-fed Chicken +2kg VDC\",\"attr\":\"Produit local\",\"sku\":\"52717\",\"l2\":\"Volaille\",\"sl\":\"poulet-grain-santibio-2kg-s-v-vdc-vdc-52717\",\"sn\":\"biologique\",\"idxP\":100},{\"nm\":\"Boeuf cubes rago\u00FBt 500g\",\"nme\":\"Beef dice stew 500g\",\"attr\":\"\",\"sku\":\"50354\",\"l2\":\"Boeuf\",\"sl\":\"boeuf-cubes-ragout-500g-50354\",\"sn\":\"\",\"idxP\":7},{\"mq\":\"Mayrand CHEF\",\"nm\":\"B\u0153uf souvlaki Mayrand Chef FR\",\"nme\":\"Beef souvlaki Mayrand Chef FR\",\"attr\":\"\",\"sku\":\"52128\",\"l2\":\"Boeuf\",\"sl\":\"buf-souvlaki-mayrand-chef-fr-mayrand-chef-52128\",\"sn\":\"\",\"idxP\":3},{\"mq\":\"Mayrand CHEF\",\"nm\":\"Boeuf brochette F\\\/E\",\"nme\":\"Beef Brochette\",\"attr\":\"\",\"sku\":\"52115\",\"l2\":\"Boeuf\",\"sl\":\"boeuf-brochette-fe-mayrand-chef-52115\",\"sn\":\"\",\"idxP\":52},{\"nm\":\"Poulet brochette marin\u00E9e F\\\/E\",\"nme\":\"Chicken Seasoned Brochettes E\\\/P\",\"attr\":\"\",\"sku\":\"50669\",\"l2\":\"Volaille\",\"sl\":\"poulet-brochette-marinee-fe-50669\",\"sn\":\"\",\"idxP\":63},{\"nm\":\"Boeuf cubes filet mignon CG\",\"nme\":\"Beef Tenderloin Cubes FZ\",\"attr\":\"\",\"sku\":\"50647\",\"l2\":\"Boeuf\",\"sl\":\"boeuf-cubes-filet-mignon-cg-50647\",\"sn\":\"\",\"idxP\":1},{\"nm\":\"Poulet brochette F\\\/E CG\",\"nme\":\"Chicken Breast Brochettes FZ\",\"attr\":\"\",\"sku\":\"52120\",\"l2\":\"Volaille\",\"sl\":\"poulet-brochette-fe-cg-52120\",\"sn\":\"\",\"idxP\":12},{\"nm\":\"Boeuf cubes fondue bourguignonne\",\"nme\":\"Beef dice fondue\",\"attr\":\"\",\"sku\":\"50353\",\"l2\":\"Boeuf\",\"sl\":\"boeuf-cubes-fondue-bourguignonne-50353\",\"sn\":\"oeufs\",\"idxP\":24},{\"nm\":\"Porc filet marin\u00E9 FR\",\"nme\":\"Pork Seasoned Tenderloin FR\",\"attr\":\"\",\"sku\":\"50872\",\"l2\":\"Porc\",\"sl\":\"porc-filet-marine-fr-olymel-50872\",\"sn\":\"\",\"idxP\":89},{\"nm\":\"Boeuf tournedos marin\u00E9\",\"nme\":\"Beef marinated tournedos\",\"attr\":\"\",\"sku\":\"51258\",\"l2\":\"Boeuf\",\"sl\":\"boeuf-tournedos-marine-51258\",\"sn\":\"\",\"idxP\":16},{\"nm\":\"Saucisse bacon et fromage surgel\u00E9ex2\",\"nme\":\"Frozen Bacon and Cheese Sausagex2\",\"attr\":\"\",\"sku\":\"50371\",\"l2\":\"Saucisse\",\"sl\":\"saucisse-bacon-et-fromage-surgeleex2-50371\",\"sn\":\"fromages\",\"idxP\":1},{\"mq\":\"Mayrand CHEF\",\"nm\":\"Boeuf brochette marin\u00E9e F\\\/E\",\"nme\":\"Fresh beef seasonned kebab F\\\/E\",\"attr\":\"\",\"sku\":\"50665\",\"l2\":\"Boeuf\",\"sl\":\"boeuf-brochette-marinee-fe-mayrand-chef-50665\",\"sn\":\"\",\"idxP\":40},{\"mq\":\"Mayrand CHEF\",\"nm\":\"Boeuf souvlaki marin\u00E9\",\"nme\":\"Beef souvlaki marinated\",\"attr\":\"\",\"sku\":\"50684\",\"l2\":\"Boeuf\",\"sl\":\"boeuf-souvlaki-marine-mayrand-chef-50684\",\"sn\":\"\",\"idxP\":6},{\"mq\":\"Mayrand CHEF\",\"nm\":\"Porc souvlaki marin\u00E9 Mayrand Chef FR\",\"nme\":\"Pork souvlaki marinated Mayrand Chef FR\",\"attr\":\"\",\"sku\":\"50685\",\"l2\":\"Porc\",\"sl\":\"porc-souvlaki-marine-mayrand-chef-fr-mayrand-chef-50685\",\"sn\":\"\",\"idxP\":7},{\"nm\":\"Porc c\u00F4telette d\u00E9soss\u00E9e marin\u00E9e\",\"nme\":\"Porc Seasoned Boneless Chop\",\"attr\":\"\",\"sku\":\"50870\",\"l2\":\"Porc\",\"sl\":\"porc-cotelette-desossee-marinee-50870\",\"sn\":\"\",\"idxP\":82},{\"nm\":\"Poulet poitrine marin\u00E9e\",\"nme\":\"Chicken Seasoned Breast\",\"attr\":\"\",\"sku\":\"50875\",\"l2\":\"Volaille\",\"sl\":\"poulet-poitrine-marinee-50875\",\"sn\":\"\",\"idxP\":-109},{\"nm\":\"Porc c\u00F4telette duo\",\"nme\":\"Pork Chop Duo Style\",\"attr\":\"\",\"sku\":\"52356\",\"l2\":\"Porc\",\"sl\":\"porc-cotelette-duo-52356\",\"sn\":\"\",\"idxP\":100},{\"nm\":\"Burger saucisse Italienne douce srg\",\"nme\":\"Mild italian sausage burger srg\",\"attr\":\"\",\"sku\":\"50892\",\"l2\":\"Saucisse\",\"sl\":\"burger-saucisse-italienne-douce-srg-50892\",\"sn\":\"\",\"idxP\":0},{\"nm\":\"Saucisse bacon et fromage surgel\u00E9ex3\",\"nme\":\"Frozen Bacon and Cheese Sausagex3\",\"attr\":\"\",\"sku\":\"50372\",\"l2\":\"Saucisse\",\"sl\":\"saucisse-bacon-et-fromage-surgeleex3-50372\",\"sn\":\"fromages\",\"idxP\":62},{\"mq\":\"Famille Fontaine\",\"nm\":\"Agneau carr\u00E9\",\"nme\":\"Rack of Lamb\",\"attr\":\"Produit local\",\"sku\":\"50360\",\"l2\":\"Agneau\",\"sl\":\"agneau-carre-famille-fontaine-50360\",\"sn\":\"\",\"idxP\":11},{\"nm\":\"Poulet frais A 1.4 \u00E0 1.8kg\",\"nme\":\"Fresh Chicken A 1,4 to 1,8kg\",\"attr\":\"\",\"sku\":\"53401\",\"l2\":\"Volaille\",\"sl\":\"poulet-frais-a-1.4-a-1.8kg-53401\",\"sn\":\"\",\"idxP\":63},{\"mq\":\"Famille Fontaine\",\"nm\":\"Agneau c\u00F4telette Qu\u00E9bec\",\"nme\":\"Quebec Lamb Chop\",\"attr\":\"Produit local\",\"sku\":\"50361\",\"l2\":\"Agneau\",\"sl\":\"agneau-cotelette-quebec-famille-fontaine-50361\",\"sn\":\"\",\"idxP\":4},{\"mq\":\"Famille Fontaine\",\"nm\":\"Agneau gigot a\\\/os\",\"nme\":\"Quebec semi-boneless leg of lamb\",\"attr\":\"Produit local\",\"sku\":\"50363\",\"l2\":\"Agneau\",\"sl\":\"agneau-gigot-aos-famille-fontaine-50363\",\"sn\":\"\",\"idxP\":20},{\"nm\":\"Boeuf filet 4-5lbs utilit\u00E9\",\"nme\":\"Beef tenderloin 4-5lb utility\",\"attr\":\"\",\"sku\":\"50160\",\"l2\":\"Boeuf\",\"sl\":\"boeuf-filet-4-5lbs-utilite-50160\",\"sn\":\"\",\"idxP\":100},{\"nm\":\"Saucisse porc et boeuf CG\",\"nme\":\"Sausage Pork and Beef FZ\",\"attr\":\"\",\"sku\":\"50389\",\"l2\":\"Saucisse\",\"sl\":\"saucisse-porc-et-boeuf-cg-50389\",\"sn\":\"oeufs\",\"idxP\":54},{\"mq\":\"Famille Fontaine\",\"nm\":\"Agneau gigot tranch\u00E9 a\\\/os\",\"nme\":\"Quebec Leg of Lamb Steak with Bone\",\"attr\":\"Produit local\",\"sku\":\"50365\",\"l2\":\"Agneau\",\"sl\":\"agneau-gigot-tranche-aos-famille-fontaine-50365\",\"sn\":\"\",\"idxP\":5},{\"mq\":\"Famille Fontaine\",\"nm\":\"Agneau cubes Qu\u00E9bec\",\"nme\":\"Quebec Lamb Cubes\",\"attr\":\"Produit local\",\"sku\":\"50362\",\"l2\":\"Agneau\",\"sl\":\"agneau-cubes-quebec-famille-fontaine-50362\",\"sn\":\"\",\"idxP\":5},{\"nm\":\"Poulet foie\",\"nme\":\"Chicken Liver\",\"attr\":\"\",\"sku\":\"50494\",\"l2\":\"Volaille\",\"sl\":\"poulet-foie-50494\",\"sn\":\"\",\"idxP\":86},{\"mq\":\"Mayrand CHEF\",\"nm\":\"Poulet souvlaki Mayrand Chef\",\"nme\":\"Chicken souvlaki Mayrand Chef\",\"attr\":\"\",\"sku\":\"52081\",\"l2\":\"Volaille\",\"sl\":\"poulet-souvlaki-mayrand-chef-mayrand-chef-52081\",\"sn\":\"\",\"idxP\":2},{\"mq\":\"Mayrand CHEF\",\"nm\":\"Porc souvlaki Mayrand Chef\",\"nme\":\"Pork souvlaki Mayrand Chef\",\"attr\":\"\",\"sku\":\"52077\",\"l2\":\"Porc\",\"sl\":\"porc-souvlaki-mayrand-chef-mayrand-chef-52077\",\"sn\":\"\",\"idxP\":1},{\"nm\":\"Boeuf bift. bavette AAA\",\"nme\":\"Beef Flap AAA\",\"attr\":\"\",\"sku\":\"52312\",\"l2\":\"Boeuf\",\"sl\":\"boeuf-bift.-bavette-aaa-52312\",\"sn\":\"steak, oeufs\",\"idxP\":27},{\"nm\":\"Boeuf bavette d\u00E9nud\u00E9e AAA\",\"nme\":\"Beef flap meat denuded AAA\",\"attr\":\"\",\"sku\":\"50204\",\"l2\":\"Boeuf\",\"sl\":\"boeuf-bavette-denudee-aaa-50204\",\"sn\":\"oeufs\",\"idxP\":-77},{\"nm\":\"Boeuf poitrine A+\",\"nme\":\"Beef Brisket A+\",\"attr\":\"\",\"sku\":\"52342\",\"l2\":\"Boeuf\",\"sl\":\"boeuf-poitrine-a-52342\",\"sn\":\"\",\"idxP\":100},{\"nm\":\"Porc c\u00F4telette h\u00F4tel\",\"nme\":\"French Pork Chop\",\"attr\":\"\",\"sku\":\"53219\",\"l2\":\"Porc\",\"sl\":\"porc-cotelette-hotel-53219\",\"sn\":\"\",\"idxP\":68},{\"nm\":\"Boeuf filet AA\",\"nme\":\"Beef tenderloin AA\",\"attr\":\"\",\"sku\":\"50163\",\"l2\":\"Boeuf\",\"sl\":\"boeuf-filet-aa-50163\",\"sn\":\"\",\"idxP\":49},{\"nm\":\"Porc longe d\u00E9soss\u00E9e S-V\",\"nme\":\"Pork Boneless Loin\",\"attr\":\"\",\"sku\":\"52042\",\"l2\":\"Porc\",\"sl\":\"porc-longe-desossee-s-v-52042\",\"sn\":\"\",\"idxP\":100},{\"mq\":\"Lac Brome\",\"nm\":\"Rillette canard canneberges\",\"nme\":\"Cranberry Duck Rillette\",\"attr\":\"Produit local\",\"sku\":\"51189\",\"l2\":\"Gibier\",\"sl\":\"rillette-canard-canneberges-lac-brome-51189\",\"sn\":\"\",\"idxP\":8},{\"mq\":\"Lac Brome\",\"nm\":\"Rillette canard authentique\",\"nme\":\"Authentic duck rillette\",\"attr\":\"Produit local\",\"sku\":\"51190\",\"l2\":\"Gibier\",\"sl\":\"rillette-canard-authentique-lac-brome-51190\",\"sn\":\"\",\"idxP\":-32},{\"mq\":\"Lac Brome\",\"nm\":\"Rillette canard cidre et pommes\",\"nme\":\"Authentic duck rillette\",\"attr\":\"Produit local\",\"sku\":\"51192\",\"l2\":\"Gibier\",\"sl\":\"rillette-canard-cidre-et-pommes-lac-brome-51192\",\"sn\":\"apples, pommes\",\"idxP\":7},{\"mq\":\"Lac Brome\",\"nm\":\"Rillettes de canard des cantons\",\"nme\":\"Cantons duck rillettes\",\"attr\":\"Aliment du Qu\u00E9bec, Produit local\",\"sku\":\"51191\",\"l2\":\"Gibier\",\"sl\":\"rillettes-de-canard-des-cantons-lac-brome-51191\",\"sn\":\"\",\"idxP\":3},{\"nm\":\"Porc jarret avec couenne CG\",\"nme\":\"Pork Hock w\\\/rind FZ\",\"attr\":\"\",\"sku\":\"53397\",\"l2\":\"Porc\",\"sl\":\"porc-jarret-avec-couenne-cg-53397\",\"sn\":\"\",\"idxP\":48},{\"nm\":\"Boeuf filet AAA\",\"nme\":\"Beef tenderloin AAA\",\"attr\":\"\",\"sku\":\"52270\",\"l2\":\"Boeuf\",\"sl\":\"boeuf-filet-aaa-52270\",\"sn\":\"\",\"idxP\":81},{\"mq\":\"Lac Brome\",\"nm\":\"Canard lac brome congel\u00E9\",\"nme\":\"Frozen Lake Brome Duck\",\"attr\":\"\",\"sku\":\"50762\",\"l2\":\"Gibier\",\"sl\":\"canard-lac-brome-congele-lac-brome-50762\",\"sn\":\"\",\"idxP\":15},{\"mq\":\"1855\",\"nm\":\"Boeuf haut de surlonge 1855\",\"nme\":\"Beef top butt 1855\",\"attr\":\"\",\"sku\":\"50198\",\"l2\":\"Boeuf\",\"sl\":\"boeuf-haut-de-surlonge-1855-1855-50198\",\"sn\":\"oeufs\",\"idxP\":6},{\"nm\":\"Boeuf foie CG\",\"nme\":\"Beef Liver FZ\",\"attr\":\"\",\"sku\":\"50464\",\"l2\":\"Boeuf\",\"sl\":\"boeuf-foie-cg-50464\",\"sn\":\"oeufs\",\"idxP\":82},{\"mq\":\"Skylark\",\"nm\":\"Boeuf foie tranch\u00E9 CG\",\"nme\":\"Beef Liver, Sliced FZ\",\"attr\":\"\",\"sku\":\"50465\",\"l2\":\"Boeuf\",\"sl\":\"boeuf-foie-tranche-cg-skylark-50465\",\"sn\":\"oeufs\",\"idxP\":33},{\"nm\":\"Porc flanc sal\u00E9 entrelard\u00E9\",\"nme\":\"Pork Cured Belly Salted\",\"attr\":\"\",\"sku\":\"50261\",\"l2\":\"Porc\",\"sl\":\"porc-flanc-sale-entrelarde-50261\",\"sn\":\"\",\"idxP\":-31},{\"nm\":\"Boeuf foie FR\",\"nme\":\"Beef Liver FR\",\"attr\":\"\",\"sku\":\"50463\",\"l2\":\"Boeuf\",\"sl\":\"boeuf-foie-fr-50463\",\"sn\":\"oeufs\",\"idxP\":72},{\"mq\":\"Boeuf Qu\u00E9bec\",\"nm\":\"Boeuf m\u00E9daillon haut surlonge QC\",\"nme\":\"Beef Top sirloin medallion QC\",\"attr\":\"Aliment du Qu\u00E9bec\",\"sku\":\"56023\",\"l2\":\"Boeuf\",\"sl\":\"boeuf-medaillon-haut-surlonge-qc-boeuf-quebec-56023\",\"sn\":\"oeufs\",\"idxP\":14},{\"mq\":\"Boeuf Qu\u00E9bec\",\"nm\":\"Boeuf bifteck contre-filet QC\",\"nme\":\"Striploin steak QC\",\"attr\":\"Aliment du Qu\u00E9bec\",\"sku\":\"56024\",\"l2\":\"Boeuf\",\"sl\":\"boeuf-bifteck-contre-filet-qc-boeuf-quebec-56024\",\"sn\":\"steak, oeufs\",\"idxP\":16},{\"mq\":\"Boeuf Qu\u00E9bec\",\"nm\":\"Boeuf bifteck de c\u00F4te QC\",\"nme\":\"Rib steak QC\",\"attr\":\"Aliment du Qu\u00E9bec\",\"sku\":\"56022\",\"l2\":\"Boeuf\",\"sl\":\"boeuf-bifteck-de-cote-qc-boeuf-quebec-56022\",\"sn\":\"steak, oeufs\",\"idxP\":25},{\"mq\":\"1855\",\"nm\":\"Boeuf contre-filet 1855\",\"nme\":\"Beef strip loin 1855\",\"attr\":\"\",\"sku\":\"52277\",\"l2\":\"Boeuf\",\"sl\":\"boeuf-contre-filet-1855-1855-52277\",\"sn\":\"\",\"idxP\":83},{\"mq\":\"Boeuf Qu\u00E9bec\",\"nm\":\"Boeuf bifteck de bavette QC\",\"nme\":\"Flaploin steak QC\",\"attr\":\"Aliment du Qu\u00E9bec\",\"sku\":\"56021\",\"l2\":\"Boeuf\",\"sl\":\"boeuf-bifteck-de-bavette-qc-boeuf-quebec-56021\",\"sn\":\"steak, oeufs\",\"idxP\":10},{\"mq\":\"Paul le Gourmet\",\"nm\":\"Porc c\u00F4tes lev\u00E9es cuites avec sauce CG\",\"nme\":\"Porc babyback ribs cooked w\\\/sauce FZ\",\"attr\":\"Produit local\",\"sku\":\"50056\",\"l2\":\"Porc\",\"sl\":\"porc-cotes-levees-cuites-avec-sauce-cg-paul-le-gourmet-50056\",\"sn\":\"\",\"idxP\":100},{\"nm\":\"Porc oreilles de crisse CG\",\"nme\":\"Pork Rinds FZ\",\"attr\":\"\",\"sku\":\"50098\",\"l2\":\"Porc\",\"sl\":\"porc-oreilles-de-crisse-cg-50098\",\"sn\":\"\",\"idxP\":55},{\"nm\":\"Boeuf haut de surlonge AA\",\"nme\":\"Beef top butt\",\"attr\":\"\",\"sku\":\"50181\",\"l2\":\"Boeuf\",\"sl\":\"boeuf-haut-de-surlonge-aa-50181\",\"sn\":\"oeufs\",\"idxP\":61},{\"mq\":\"New Zealand Spring Lamb\",\"nm\":\"Agneau carr\u00E9 fran\u00E7ais NZ 16\\\/18 CG\",\"nme\":\"Lamb French Rack NZ 16\\\/18 CG\",\"attr\":\"\",\"sku\":\"52027\",\"l2\":\"Agneau\",\"sl\":\"agneau-carre-francais-nz-1618-cg-new-zealand-spring-lamb-52027\",\"sn\":\"\",\"idxP\":39},{\"nm\":\"Boeuf hach\u00E9 maigre\",\"nme\":\"Beef ground lean\",\"attr\":\"\",\"sku\":\"52238\",\"l2\":\"Boeuf\",\"sl\":\"boeuf-hache-maigre-52238\",\"sn\":\"\",\"idxP\":79},{\"nm\":\"Boeuf bout de c\u00F4te \u00E9paule AA\",\"nme\":\"Beef short ribs AA\",\"attr\":\"\",\"sku\":\"52021\",\"l2\":\"Boeuf\",\"sl\":\"boeuf-bout-de-cote-epaule-aa-52021\",\"sn\":\"oeufs\",\"idxP\":100},{\"mq\":\"Lac Brome\",\"nm\":\"Canard burger moutarde et miel CG\",\"nme\":\"Duck Burgers Mustard And Honey FZ\",\"attr\":\"\",\"sku\":\"50039\",\"l2\":\"Gibier\",\"sl\":\"canard-burger-moutarde-et-miel-cg-lac-brome-50039\",\"sn\":\"\",\"idxP\":12},{\"mq\":\"Lac Brome\",\"nm\":\"Canard burger piri-piri CG\",\"nme\":\"Duck Burgers Piri-Piri FZ\",\"attr\":\"\",\"sku\":\"50019\",\"l2\":\"Gibier\",\"sl\":\"canard-burger-piri-piri-cg-lac-brome-50019\",\"sn\":\"\",\"idxP\":15},{\"nm\":\"Porc filets x2 CG\",\"nme\":\"Pork tenderloin x2 FZ\",\"attr\":\"\",\"sku\":\"50294\",\"l2\":\"Porc\",\"sl\":\"porc-filets-x2-cg-50294\",\"sn\":\"\",\"idxP\":41},{\"mq\":\"Impossible\",\"nm\":\"Impossible burger hach\u00E9 \u00E0 base de plantes\",\"nme\":\"Impossible ground burger  made from plants\",\"attr\":\"\",\"sku\":\"51383\",\"l2\":\"Autre\",\"sl\":\"impossible-burger-hache-a-base-de-plantes-impossible-51383\",\"sn\":\"\",\"idxP\":49},{\"nm\":\"Boeuf bift. haut de surlonge AA\",\"nme\":\"Boeuf top sirloin steak\",\"attr\":\"\",\"sku\":\"50180\",\"l2\":\"Boeuf\",\"sl\":\"boeuf-bift.-haut-de-surlonge-aa-50180\",\"sn\":\"steak, oeufs\",\"idxP\":49},{\"nm\":\"Boeuf filet d'\u00E9paule AA\",\"nme\":\"Beef teres major AA\",\"attr\":\"\",\"sku\":\"52121\",\"l2\":\"Boeuf\",\"sl\":\"boeuf-filet-depaule-aa-52121\",\"sn\":\"oeufs\",\"idxP\":69},{\"mq\":\"La Fernandi\u00E8re\",\"nm\":\"Saucisse porc et boeuf FAM\",\"nme\":\"Sausage pork and beef FAM\",\"attr\":\"\",\"sku\":\"55249\",\"l2\":\"Saucisse\",\"sl\":\"saucisse-porc-et-boeuf-fam-la-fernandiere-55249\",\"sn\":\"\",\"idxP\":34},{\"mq\":\"La Fernandi\u00E8re\",\"nm\":\"Saucisse combo italienne douce\\\/toulouse\",\"nme\":\"Sausage mild italian\\\/toulouse combo\",\"attr\":\"\",\"sku\":\"55248\",\"l2\":\"Saucisse\",\"sl\":\"saucisse-combo-italienne-doucetoulouse-la-fernandiere-55248\",\"sn\":\"\",\"idxP\":8},{\"mq\":\"Giannone\",\"nm\":\"Poulet crapaudine assaisonn\u00E9 BBQ\",\"nme\":\"Chicken flattened BBQ seasoned\",\"attr\":\"\",\"sku\":\"54250\",\"l2\":\"Volaille\",\"sl\":\"poulet-crapaudine-assaisonne-bbq-giannone-54250\",\"sn\":\"BBQ\",\"idxP\":69},{\"nm\":\"Boeuf hach\u00E9 mi-maigre FR\",\"nme\":\"Beef Medium Ground FR\",\"attr\":\"\",\"sku\":\"52239\",\"l2\":\"Boeuf\",\"sl\":\"boeuf-hache-mi-maigre-fr-52239\",\"sn\":\"oeufs\",\"idxP\":100},{\"nm\":\"Boeuf r\u00F4ti contre-filet AA bout\",\"nme\":\"Beef striploin roast AA\",\"attr\":\"\",\"sku\":\"50117\",\"l2\":\"Boeuf\",\"sl\":\"boeuf-roti-contre-filet-aa-bout-50117\",\"sn\":\"oeufs\",\"idxP\":13},{\"nm\":\"Boeuf contre-filet non grad\u00E9\",\"nme\":\"Beef Striploin Ungraded\",\"attr\":\"\",\"sku\":\"50125\",\"l2\":\"Boeuf\",\"sl\":\"boeuf-contre-filet-non-grade-50125\",\"sn\":\"\",\"idxP\":100},{\"nm\":\"Porc \u00E9paule picnic d\u00E9soss\u00E9e\",\"nme\":\"Pork Boneless Picnic Shoulder\",\"attr\":\"\",\"sku\":\"50297\",\"l2\":\"Porc\",\"sl\":\"porc-epaule-picnic-desossee-50297\",\"sn\":\"\",\"idxP\":47},{\"nm\":\"Boeuf r\u00F4ti contre-filet non grad\u00E9\",\"nme\":\"Beef striploin roast no roll\",\"attr\":\"\",\"sku\":\"50128\",\"l2\":\"Boeuf\",\"sl\":\"boeuf-roti-contre-filet-non-grade-50128\",\"sn\":\"\",\"idxP\":56},{\"nm\":\"Boeuf bift. contre-filet non grad\u00E9\",\"nme\":\"No Roll Beef Striploin Steak\",\"attr\":\"\",\"sku\":\"50127\",\"l2\":\"Boeuf\",\"sl\":\"boeuf-bift.-contre-filet-non-grade-50127\",\"sn\":\"steak, oeufs\",\"idxP\":83},{\"nm\":\"Agneau jarret non calibr\u00E9 CG\",\"nme\":\"Lamb shank random FZ\",\"attr\":\"\",\"sku\":\"55194\",\"l2\":\"Agneau\",\"sl\":\"agneau-jarret-non-calibre-cg-55194\",\"sn\":\"\",\"idxP\":45},{\"mq\":\"Famille Fontaine\",\"nm\":\"Veau hach\u00E9 maigre 454g\",\"nme\":\"Lean ground veal 454g\",\"attr\":\"\",\"sku\":\"55203\",\"l2\":\"Veau\",\"sl\":\"veau-hache-maigre-454g-famille-fontaine-55203\",\"sn\":\"\",\"idxP\":79},{\"nm\":\"Boeuf r\u00F4ti de c\u00F4te A+\",\"nme\":\"Beef roast A+\",\"attr\":\"\",\"sku\":\"51552\",\"l2\":\"Boeuf\",\"sl\":\"boeuf-roti-de-cote-a-51552\",\"sn\":\"oeufs\",\"idxP\":38},{\"nm\":\"Boeuf c\u00F4te RTS A+\",\"nme\":\"Beef ribs RTS A+\",\"attr\":\"\",\"sku\":\"52124\",\"l2\":\"Boeuf\",\"sl\":\"boeuf-cote-rts-a-52124\",\"sn\":\"\",\"idxP\":86},{\"mq\":\"Famille Fontaine\",\"nm\":\"Agneau hach\u00E9 maigre 375g\",\"nme\":\"Lean ground lamb 375g\",\"attr\":\"\",\"sku\":\"55202\",\"l2\":\"Agneau\",\"sl\":\"agneau-hache-maigre-375g-famille-fontaine-55202\",\"sn\":\"\",\"idxP\":17},{\"nm\":\"Boeuf faux filet non grad\u00E9\",\"nme\":\"Beef No Roll Rib Eye\",\"attr\":\"\",\"sku\":\"55195\",\"l2\":\"Boeuf\",\"sl\":\"boeuf-faux-filet-non-grade-55195\",\"sn\":\"oeufs\",\"idxP\":100},{\"nm\":\"Boeuf r\u00F4ti haut de surlonge AA\",\"nme\":\"Beef top sirloin roast\",\"attr\":\"\",\"sku\":\"50607\",\"l2\":\"Boeuf\",\"sl\":\"boeuf-roti-haut-de-surlonge-aa-50607\",\"sn\":\"\",\"idxP\":11},{\"nm\":\"Boeuf pour fondue chinoise 200g CG\",\"nme\":\"Beef Chinese Fondue 200g FZ\",\"attr\":\"\",\"sku\":\"53267\",\"l2\":\"Boeuf\",\"sl\":\"boeuf-pour-fondue-chinoise-200g-cg-53267\",\"sn\":\"oeufs\",\"idxP\":100},{\"mq\":\"Lac Brome\",\"nm\":\"Canard effiloch\u00E9 confit congel\u00E9 500g\",\"nme\":\"Frozen Shredded Duck Confit 500g\",\"attr\":\"\",\"sku\":\"55118\",\"l2\":\"Gibier\",\"sl\":\"canard-effiloche-confit-congele-500g-lac-brome-55118\",\"sn\":\"phyllo\",\"idxP\":3},{\"nm\":\"Poulet fondue chinoise 175g CG\",\"nme\":\"Chicken Chinese Fondue 175g FZ\",\"attr\":\"\",\"sku\":\"52044\",\"l2\":\"Volaille\",\"sl\":\"poulet-fondue-chinoise-175g-cg-52044\",\"sn\":\"\",\"idxP\":100},{\"nm\":\"Boeuf jarret coupe centre d\u00E9soss\u00E9\",\"nme\":\"Beef Boneless Center Cut Shank\",\"attr\":\"\",\"sku\":\"50755\",\"l2\":\"Boeuf\",\"sl\":\"boeuf-jarret-coupe-centre-desosse-50755\",\"sn\":\"oeufs\",\"idxP\":69},{\"nm\":\"Boeuf jarret tranch\u00E9\",\"nme\":\"Beef Shank Sliced\",\"attr\":\"\",\"sku\":\"50733\",\"l2\":\"Boeuf\",\"sl\":\"boeuf-jarret-tranche-50733\",\"sn\":\"oeufs\",\"idxP\":77},{\"nm\":\"Boeuf oeil de ronde AA\",\"nme\":\"Beef eye of round AA\",\"attr\":\"\",\"sku\":\"52912\",\"l2\":\"Boeuf\",\"sl\":\"boeuf-oeil-de-ronde-aa-52912\",\"sn\":\"oeufs\",\"idxP\":100},{\"nm\":\"Boeuf jarret coupe centre\",\"nme\":\"Beef shank center cut\",\"attr\":\"\",\"sku\":\"50753\",\"l2\":\"Boeuf\",\"sl\":\"boeuf-jarret-coupe-centre-50753\",\"sn\":\"oeufs\",\"idxP\":72},{\"mq\":\"VDC\",\"nm\":\"Poulet grain poitrine d\u00E9soss\u00E9e VDC\",\"nme\":\"Grain-Fed Chicken Boneless Breast VDC\",\"attr\":\"\",\"sku\":\"50351\",\"l2\":\"Volaille\",\"sl\":\"poulet-grain-poitrine-desossee-vdc-vdc-50351\",\"sn\":\"biologique\",\"idxP\":100},{\"mq\":\"Mayrand CHEF\",\"nm\":\"Porc burger sauc. italienne forte\",\"nme\":\"Pork Spicy Italian Burger\",\"attr\":\"\",\"sku\":\"55254\",\"l2\":\"Saucisse\",\"sl\":\"porc-burger-sauc.-italienne-forte-mayrand-chef-55254\",\"sn\":\"\",\"idxP\":34},{\"mq\":\"Mayrand CHEF\",\"nm\":\"Porc burger sauc. italienne douce\",\"nme\":\"Pork Mild Italian Burger\",\"attr\":\"\",\"sku\":\"55253\",\"l2\":\"Saucisse\",\"sl\":\"porc-burger-sauc.-italienne-douce-mayrand-chef-55253\",\"sn\":\"\",\"idxP\":54},{\"nm\":\"Boeuf bavette d\u00E9nud\u00E9e non grad\u00E9e\",\"nme\":\"Boeuf flap meat stripped no roll\",\"attr\":\"\",\"sku\":\"55258\",\"l2\":\"Boeuf\",\"sl\":\"boeuf-bavette-denudee-non-gradee-55258\",\"sn\":\"oeufs\",\"idxP\":88},{\"nm\":\"Boeuf haut de surlonge non grad\u00E9\",\"nme\":\"Beef no roll top butt\",\"attr\":\"\",\"sku\":\"55206\",\"l2\":\"Boeuf\",\"sl\":\"boeuf-haut-de-surlonge-non-grade-55206\",\"sn\":\"oeufs\",\"idxP\":55},{\"nm\":\"Boeuf bavette non grad\u00E9e\",\"nme\":\"Beef, no roll flap meat\",\"attr\":\"\",\"sku\":\"55205\",\"l2\":\"Boeuf\",\"sl\":\"boeuf-bavette-non-gradee-55205\",\"sn\":\"oeufs\",\"idxP\":100},{\"nm\":\"Boeuf bavette AAA\",\"nme\":\"Beef flap meat AAA\",\"attr\":\"\",\"sku\":\"50705\",\"l2\":\"Boeuf\",\"sl\":\"boeuf-bavette-aaa-50705\",\"sn\":\"oeufs\",\"idxP\":49},{\"nm\":\"Boeuf bift. haut surlonge non grad\u00E9\",\"nme\":\"Beef top sirloin steak no roll\",\"attr\":\"\",\"sku\":\"55259\",\"l2\":\"Boeuf\",\"sl\":\"boeuf-bift.-haut-surlonge-non-grade-55259\",\"sn\":\"steak, oeufs\",\"idxP\":58},{\"nm\":\"Boeuf os \u00E0 moelle coupe canot CG\",\"nme\":\"Beef marrow bone canoe cut FZ\",\"attr\":\"\",\"sku\":\"50195\",\"l2\":\"Boeuf\",\"sl\":\"boeuf-os-a-moelle-coupe-canot-cg-50195\",\"sn\":\"oeufs\",\"idxP\":58},{\"mq\":\"Skylark\",\"nm\":\"Veau portion foie CG\",\"nme\":\"Veal, Liver portion FZ\",\"attr\":\"\",\"sku\":\"52372\",\"l2\":\"Veau\",\"sl\":\"veau-portion-foie-cg-skylark-52372\",\"sn\":\"\",\"idxP\":-74},{\"mq\":\"Mayrand CHEF\",\"nm\":\"Kefta assaisonn\u00E9\",\"nme\":\"Seasoned Kefta\",\"attr\":\"\",\"sku\":\"52563\",\"l2\":\"Saucisse\",\"sl\":\"kefta-assaisonne-mayrand-chef-52563\",\"sn\":\"\",\"idxP\":65},{\"nm\":\"Boeuf r\u00F4ti haut surlonge non grad\u00E9\",\"nme\":\"Beef top sirloin roast no roll\",\"attr\":\"\",\"sku\":\"55260\",\"l2\":\"Boeuf\",\"sl\":\"boeuf-roti-haut-surlonge-non-grade-55260\",\"sn\":\"oeufs\",\"idxP\":75},{\"nm\":\"Boeuf bifteck faux-filet non grad\u00E9\",\"nme\":\"Beef Rib Eye No Roll Steak\",\"attr\":\"\",\"sku\":\"55222\",\"l2\":\"Boeuf\",\"sl\":\"boeuf-bifteck-faux-filet-non-grade-55222\",\"sn\":\"steak, oeufs\",\"idxP\":75},{\"nm\":\"Boeuf bout de c\u00F4te \u00E9pic\u00E9 AA\",\"nme\":\"Beef Short Ribs Spiced AA\",\"attr\":\"\",\"sku\":\"52024\",\"l2\":\"Boeuf\",\"sl\":\"boeuf-bout-de-cote-epice-aa-52024\",\"sn\":\"oeufs\",\"idxP\":0},{\"nm\":\"Boeuf bout de c\u00F4te tranch\u00E9 AA\",\"nme\":\"Beef Short Ribs Sliced AA\",\"attr\":\"\",\"sku\":\"52023\",\"l2\":\"Boeuf\",\"sl\":\"boeuf-bout-de-cote-tranche-aa-52023\",\"sn\":\"oeufs\",\"idxP\":33},{\"nm\":\"Boeuf picanha non grad\u00E9\",\"nme\":\"Beef Picanha no roll\",\"attr\":\"\",\"sku\":\"55555\",\"l2\":\"Boeuf\",\"sl\":\"boeuf-picanha-non-grade-55555\",\"sn\":\"oeufs\",\"idxP\":11},{\"mq\":\"La Fernandi\u00E8re\",\"nm\":\"Saucisse Italienne Forte\",\"nme\":\"Spicy Italian Sausages\",\"attr\":\"Aliment du Qu\u00E9bec, Produit local\",\"sku\":\"51134\",\"l2\":\"Saucisse\",\"sl\":\"saucisse-italienne-forte-la-fernandiere-51134\",\"sn\":\"\",\"idxP\":13},{\"mq\":\"La Fernandi\u00E8re\",\"nm\":\"Saucisse Italienne Douce\",\"nme\":\"Mild Italian Sausages\",\"attr\":\"\",\"sku\":\"51133\",\"l2\":\"Saucisse\",\"sl\":\"saucisse-italienne-douce-la-fernandiere-51133\",\"sn\":\"\",\"idxP\":9},{\"nm\":\"Boeuf r\u00F4ti faux filet non grad\u00E9\",\"nme\":\"Beef No Roll Rib Eye Roast\",\"attr\":\"\",\"sku\":\"55197\",\"l2\":\"Boeuf\",\"sl\":\"boeuf-roti-faux-filet-non-grade-55197\",\"sn\":\"oeufs\",\"idxP\":44},{\"mq\":\"La Fernandi\u00E8re\",\"nm\":\"Saucisse Merguez\",\"nme\":\"Merguez Sausages\",\"attr\":\"Aliment du Qu\u00E9bec, Produit local\",\"sku\":\"51135\",\"l2\":\"Saucisse\",\"sl\":\"saucisse-merguez-la-fernandiere-51135\",\"sn\":\"\",\"idxP\":25},{\"mq\":\"1855\",\"nm\":\"Boeuf macreuse 1855\",\"nme\":\"Beef flat iron 1855\",\"attr\":\"\",\"sku\":\"53292\",\"l2\":\"Boeuf\",\"sl\":\"boeuf-macreuse-1855-1855-53292\",\"sn\":\"oeufs\",\"idxP\":95},{\"mq\":\"La Fernandi\u00E8re\",\"nm\":\"Saucisse Italienne Douce \\\/ Allemande\",\"nme\":\"Mild Italian \\\/ German Sausages\",\"attr\":\"\",\"sku\":\"51130\",\"l2\":\"Saucisse\",\"sl\":\"saucisse-italienne-douce-allemande-la-fernandiere-51130\",\"sn\":\"\",\"idxP\":13},{\"nm\":\"Boeuf r\u00F4ti pointe surlonge A+\",\"nme\":\"Beef sirloin tip roast (knuckle) A+\",\"attr\":\"\",\"sku\":\"55569\",\"l2\":\"Boeuf\",\"sl\":\"boeuf-roti-pointe-surlonge-a-55569\",\"sn\":\"oeufs\",\"idxP\":10},{\"mq\":\"1855\",\"nm\":\"Boeuf onglet 1855\",\"nme\":\"Beef hanging tender 1855\",\"attr\":\"\",\"sku\":\"50630\",\"l2\":\"Boeuf\",\"sl\":\"boeuf-onglet-1855-1855-50630\",\"sn\":\"oeufs\",\"idxP\":85},{\"mq\":\"1855\",\"nm\":\"Boeuf filet 1855\",\"nme\":\"Beef tenderloin 1855\",\"attr\":\"\",\"sku\":\"52275\",\"l2\":\"Boeuf\",\"sl\":\"boeuf-filet-1855-1855-52275\",\"sn\":\"oeufs\",\"idxP\":63},{\"nm\":\"Poulet g\u00E9sier\",\"nme\":\"Chicken Gizzard\",\"attr\":\"\",\"sku\":\"50496\",\"l2\":\"Volaille\",\"sl\":\"poulet-gesier-50496\",\"sn\":\"\",\"idxP\":72},{\"mq\":\"VDC\",\"nm\":\"Poulet sans antibiotiques +2kg VDC\",\"nme\":\"Antibiotic Free Chicken +2kgVDC\",\"attr\":\"\",\"sku\":\"52415\",\"l2\":\"Volaille\",\"sl\":\"poulet-sans-antibiotiques-2kg-vdc-vdc-52415\",\"sn\":\"biologique\",\"idxP\":92},{\"mq\":\"VDC\",\"nm\":\"Poulet petit 2kg VDC\",\"nme\":\"Chicken, small 2kg VDC\",\"attr\":\"\",\"sku\":\"50403\",\"l2\":\"Volaille\",\"sl\":\"poulet-petit-2kg-vdc-vdc-50403\",\"sn\":\"\",\"idxP\":100},{\"nm\":\"Porc filet x2 Olymel COV FR\",\"nme\":\"Pork Tenderloin x2 Olymel COV FR\",\"attr\":\"Produit local\",\"sku\":\"56623\",\"l2\":\"Porc\",\"sl\":\"porc-filet-x2-olymel-cov-fr-olymel-56623\",\"sn\":\"\",\"idxP\":100},{\"mq\":\"Olymel\",\"nm\":\"Porc c\u00F4te de dos Olymel COV FR\",\"nme\":\"Pork Back Ribs Olymel COV FR\",\"attr\":\"\",\"sku\":\"56621\",\"l2\":\"Porc\",\"sl\":\"porc-cote-de-dos-olymel-cov-fr-olymel-56621\",\"sn\":\"\",\"idxP\":88},{\"nm\":\"Porc c\u00F4te de flanc St-Louis Olymel COV FR\",\"nme\":\"Pork Side Spare Ribs St-Louis Olymel COV FR\",\"attr\":\"\",\"sku\":\"56626\",\"l2\":\"Porc\",\"sl\":\"porc-cote-de-flanc-st-louis-olymel-cov-fr-olymel-56626\",\"sn\":\"\",\"idxP\":100},{\"nm\":\"Porc demi flanc d\u00E9couenn\u00E9 Olymel COV\",\"nme\":\"Pork Boneless Skinless Belly Olymel COV\",\"attr\":\"\",\"sku\":\"55624\",\"l2\":\"Porc\",\"sl\":\"porc-demi-flanc-decouenne-olymel-cov-olymel-55624\",\"sn\":\"\",\"idxP\":100},{\"mq\":\"Olymel\",\"nm\":\"Porc \u00E9paule soc d\u00E9soss\u00E9 Olymel COV FR\",\"nme\":\"Pork Shoulder Butt Boneless Olymel COV FR\",\"attr\":\"Aliment du Qu\u00E9bec, Produit local\",\"sku\":\"56622\",\"l2\":\"Porc\",\"sl\":\"porc-epaule-soc-desosse-olymel-cov-fr-olymel-56622\",\"sn\":\"\",\"idxP\":100},{\"mq\":\"Ferme Voltigeurs\",\"nm\":\"Poulet de grain 2 cuisses confites FR\",\"nme\":\"Chicken 2 Confit Grain-Fed Legs FR\",\"attr\":\"\",\"sku\":\"56627\",\"l2\":\"Volaille\",\"sl\":\"poulet-de-grain-2-cuisses-confites-fr-ferme-voltigeurs-56627\",\"sn\":\"\",\"idxP\":35},{\"mq\":\"VDC\",\"nm\":\"Poulet grain ailes VDC\",\"nme\":\"Chicken, Grain-fed wings VDC\",\"attr\":\"\",\"sku\":\"50315\",\"l2\":\"Volaille\",\"sl\":\"poulet-grain-ailes-vdc-vdc-50315\",\"sn\":\"\",\"idxP\":100},{\"mq\":\"Olymel\",\"nm\":\"Porc longe portion d\u00E9soss\u00E9e Olymel COV FR\",\"nme\":\"Pork loin Boneless Olymel COV FR\",\"attr\":\"Produit local\",\"sku\":\"56625\",\"l2\":\"Porc\",\"sl\":\"porc-longe-portion-desossee-olymel-cov-fr-olymel-56625\",\"sn\":\"\",\"idxP\":86},{\"nm\":\"Veau hach\u00E9 maigre\",\"nme\":\"Lean Ground Veal\",\"attr\":\"\",\"sku\":\"52237\",\"l2\":\"Veau\",\"sl\":\"veau-hache-maigre-52237\",\"sn\":\"\",\"idxP\":71},{\"nm\":\"Porc hach\u00E9 mi-maigre\",\"nme\":\"Medium Ground Pork\",\"attr\":\"\",\"sku\":\"52333\",\"l2\":\"Porc\",\"sl\":\"porc-hache-mi-maigre-52333\",\"sn\":\"\",\"idxP\":44},{\"mq\":\"VDC\",\"nm\":\"Poulet -2kg VDC\",\"nme\":\"Chicken -2kg VDC\",\"attr\":\"\",\"sku\":\"56630\",\"l2\":\"Volaille\",\"sl\":\"poulet-2kg-vdc-vdc-56630\",\"sn\":\"\",\"idxP\":0},{\"mq\":\"Famille Fontaine\",\"nm\":\"Veau bifteck de flanc assaisonn\u00E9\",\"nme\":\"Veal Seasoned Flank Steak\",\"attr\":\"\",\"sku\":\"56634\",\"l2\":\"Veau\",\"sl\":\"veau-bifteck-de-flanc-assaisonne-famille-fontaine-56634\",\"sn\":\"steak\",\"idxP\":0},{\"mq\":\"Famille Fontaine\",\"nm\":\"Veau bavette assaisonn\u00E9e\",\"nme\":\"Veal Seasoned Flap Steak\",\"attr\":\"\",\"sku\":\"56635\",\"l2\":\"Veau\",\"sl\":\"veau-bavette-assaisonnee-famille-fontaine-56635\",\"sn\":\"\",\"idxP\":0},{\"nm\":\"Boeuf filet 2x10x180\\\/195g CG\",\"nme\":\"Beef Tenderloin 2x10x180\\\/195g FZ\",\"attr\":\"\",\"sku\":\"52258\",\"l2\":\"Boeuf\",\"sl\":\"boeuf-filet-2x10x180195g-cg-52258\",\"sn\":\"oeufs\",\"idxP\":36},{\"nm\":\"Poulet haut cuisse a\\\/dos\",\"nme\":\"Chicken Thigh w\\\/back\",\"attr\":\"\",\"sku\":\"50435\",\"l2\":\"Volaille\",\"sl\":\"poulet-haut-cuisse-ados-50435\",\"sn\":\"\",\"idxP\":22},{\"mq\":\"Butterball\",\"nm\":\"Poitrine de dinde d\u00E9soss\u00E9e congel\u00E9e\",\"nme\":\"Frozen Boneless Turkey Beast\",\"attr\":\"\",\"sku\":\"50828\",\"l2\":\"Volaille\",\"sl\":\"poitrine-de-dinde-desossee-congelee-butterball-50828\",\"sn\":\"\",\"idxP\":3},{\"nm\":\"Agneau carr\u00E9 fran\u00E7ais 18\\\/20 nz CG\",\"nme\":\"Lamb French Rack 18\\\/20 nz FZ\",\"attr\":\"\",\"sku\":\"50841\",\"l2\":\"Agneau\",\"sl\":\"agneau-carre-francais-1820-nz-cg-50841\",\"sn\":\"\",\"idxP\":43},{\"nm\":\"Boeuf bifteck pointe surlonge A+\",\"nme\":\"Beef sirloin tip (knuckle) Steak A+\",\"attr\":\"\",\"sku\":\"56628\",\"l2\":\"Boeuf\",\"sl\":\"boeuf-bifteck-pointe-surlonge-a-56628\",\"sn\":\"steak\",\"idxP\":31},{\"nm\":\"Porc bajoue\",\"nme\":\"Pork Jowl\",\"attr\":\"\",\"sku\":\"52050\",\"l2\":\"Porc\",\"sl\":\"porc-bajoue-52050\",\"sn\":\"\",\"idxP\":100},{\"nm\":\"Boeuf bifteck macreuse AA d\u00E9nud\u00E9\",\"nme\":\"Beef Stripped AA Flat Iron Steak\",\"attr\":\"\",\"sku\":\"50851\",\"l2\":\"Boeuf\",\"sl\":\"boeuf-bifteck-macreuse-aa-denude-50851\",\"sn\":\"steak, oeufs\",\"idxP\":69},{\"nm\":\"Boeuf bavette marin\u00E9e\",\"nme\":\"Beef Seasonned Flap\",\"attr\":\"\",\"sku\":\"50706\",\"l2\":\"Boeuf\",\"sl\":\"boeuf-bavette-marinee-50706\",\"sn\":\"oeufs\",\"idxP\":68},{\"nm\":\"Poulet tournedos marin\u00E9\",\"nme\":\"Chicken tournedos marinated\",\"attr\":\"\",\"sku\":\"50411\",\"l2\":\"Volaille\",\"sl\":\"poulet-tournedos-marine-50411\",\"sn\":\"\",\"idxP\":11},{\"nm\":\"Poulet tournedos nature\",\"nme\":\"Chicken Tournedos\",\"attr\":\"\",\"sku\":\"50430\",\"l2\":\"Volaille\",\"sl\":\"poulet-tournedos-nature-50430\",\"sn\":\"\",\"idxP\":24},{\"mq\":\"VDC\",\"nm\":\"Dinde 5\\\/7 cat.A\",\"nme\":\"Turkey 5\\\/7 A Grade\",\"attr\":\"\",\"sku\":\"55174\",\"l2\":\"Volaille\",\"sl\":\"dinde-57-cat.a-vdc-55174\",\"sn\":\"\",\"idxP\":21},{\"mq\":\"VDC\",\"nm\":\"Poulet poitrine avec dos VDC\",\"nme\":\"Chicken Breast with Back VDC\",\"attr\":\"\",\"sku\":\"50599\",\"l2\":\"Volaille\",\"sl\":\"poulet-poitrine-avec-dos-vdc-vdc-50599\",\"sn\":\"\",\"idxP\":36},{\"nm\":\"Boeuf picanha FR\",\"nme\":\"Beef Picanha FR\",\"attr\":\"\",\"sku\":\"57744\",\"l2\":\"Boeuf\",\"sl\":\"boeuf-picanha-fr-57744\",\"sn\":\"oeufs\",\"idxP\":47},{\"nm\":\"Boeuf filet d\u00E9nud\u00E9 non grad\u00E9\",\"nme\":\"Beef skinless no roll tenderloin\",\"attr\":\"\",\"sku\":\"53253\",\"l2\":\"Boeuf\",\"sl\":\"boeuf-filet-denude-non-grade-53253\",\"sn\":\"oeufs\",\"idxP\":88},{\"mq\":\"1855\",\"nm\":\"Boeuf filet d\u00E9nud\u00E9 1855\",\"nme\":\"Beef stripped tenderloin 1855\",\"attr\":\"\",\"sku\":\"57915\",\"l2\":\"Boeuf\",\"sl\":\"boeuf-filet-denude-1855-1855-57915\",\"sn\":\"oeufs\",\"idxP\":0},{\"mq\":\"Olymel\",\"nm\":\"Porc \u00E9paule picnic d\u00E9soss\u00E9e CG\",\"nme\":\"Pork Boneless Picnic Shoulder FZ\",\"attr\":\"\",\"sku\":\"56307\",\"l2\":\"Porc\",\"sl\":\"porc-epaule-picnic-desossee-cg-olymel-56307\",\"sn\":\"\",\"idxP\":33},{\"nm\":\"Poulet poitrine avec dos F\\\/E\",\"nme\":\"Chicken Breast with Back\",\"attr\":\"\",\"sku\":\"50407\",\"l2\":\"Volaille\",\"sl\":\"poulet-poitrine-avec-dos-fe-50407\",\"sn\":\"\",\"idxP\":-4},{\"mq\":\"1855\",\"nm\":\"Boeuf bout de c\u00F4te \u00E9paule 1855\",\"nme\":\"1855 Beef short ribs\",\"attr\":\"\",\"sku\":\"67563\",\"l2\":\"Boeuf\",\"sl\":\"boeuf-bout-de-cote-epaule-1855-1855-67563\",\"sn\":\"oeufs\",\"idxP\":5},{\"nm\":\"Poulet pilon marin\u00E9\",\"nme\":\"Chicken marinated Drumsticks\",\"attr\":\"\",\"sku\":\"51416\",\"l2\":\"Volaille\",\"sl\":\"poulet-pilon-marine-51416\",\"sn\":\"\",\"idxP\":70},{\"mq\":\"VDC\",\"nm\":\"Poulet grain pilon VDC\",\"nme\":\"Chicken, Grain-fed drumstick VDC\",\"attr\":\"\",\"sku\":\"50314\",\"l2\":\"Volaille\",\"sl\":\"poulet-grain-pilon-vdc-vdc-50314\",\"sn\":\"\",\"idxP\":100},{\"mq\":\"VDC\",\"nm\":\"Poulet gr cuisse VDC\",\"nme\":\"Chicken, big thigh VDC\",\"attr\":\"\",\"sku\":\"50349\",\"l2\":\"Volaille\",\"sl\":\"poulet-gr-cuisse-vdc-vdc-50349\",\"sn\":\"\",\"idxP\":100},{\"mq\":\"Nagano\",\"nm\":\"Porc jarret style marteau de Thor\",\"nme\":\"Thor Hammer Style Pork Shank\",\"attr\":\"\",\"sku\":\"11502\",\"l2\":\"Porc\",\"sl\":\"porc-jarret-style-marteau-de-thor-nagano-11502\",\"sn\":\"\",\"idxP\":1},{\"nm\":\"Porc grillade nature\",\"nme\":\"Pork Grilled Plain\",\"attr\":\"\",\"sku\":\"53341\",\"l2\":\"Porc\",\"sl\":\"porc-grillade-nature-53341\",\"sn\":\"\",\"idxP\":53},{\"nm\":\"Agneau gigot d'Australie, d\u00E9soss\u00E9 CG\",\"nme\":\"Lamb,Boneless Leg from Australia FZ\",\"attr\":\"\",\"sku\":\"50854\",\"l2\":\"Agneau\",\"sl\":\"agneau-gigot-daustralie-desosse-cg-50854\",\"sn\":\"\",\"idxP\":4},{\"mq\":\"Nagano\",\"nm\":\"Porc hach\u00E9 Nagano\",\"nme\":\"Nagano Ground Pork\",\"attr\":\"\",\"sku\":\"11673\",\"l2\":\"Porc\",\"sl\":\"porc-hache-nagano-nagano-11673\",\"sn\":\"\",\"idxP\":0},{\"mq\":\"Viande Richelieu\",\"nm\":\"Cheval hach\u00E9 extra-maigre congel\u00E9\",\"nme\":\"Frozen Extra Lean Horse Ground Meat\",\"attr\":\"\",\"sku\":\"11697\",\"l2\":\"Gibier\",\"sl\":\"cheval-hache-extra-maigre-congele-viande-richelieu-11697\",\"sn\":\"\",\"idxP\":6},{\"mq\":\"Famille Fontaine\",\"nm\":\"Veau c\u00F4te h\u00F4tel vieillie CG\",\"nme\":\"Aged Veal Chop FZ\",\"attr\":\"\",\"sku\":\"11836\",\"l2\":\"Veau\",\"sl\":\"veau-cote-hotel-vieillie-cg-famille-fontaine-11836\",\"sn\":\"\",\"idxP\":8},{\"nm\":\"Porc surlonge d\u00E9soss\u00E9e CG\",\"nme\":\"Pork Boneless Buckeye FZ\",\"attr\":\"\",\"sku\":\"11835\",\"l2\":\"Porc\",\"sl\":\"porc-surlonge-desossee-cg-11835\",\"sn\":\"\",\"idxP\":7},{\"mq\":\"1855\",\"nm\":\"Boeuf haut de surlonge 1855 CG\",\"nme\":\"Beef top butt 1855 FZ\",\"attr\":\"\",\"sku\":\"11946\",\"l2\":\"Boeuf\",\"sl\":\"boeuf-haut-de-surlonge-1855-cg-1855-11946\",\"sn\":\"oeufs\",\"idxP\":8},{\"nm\":\"Porc jarret caisse CG\",\"nme\":\"Pork HockFZ\",\"attr\":\"\",\"sku\":\"68152\",\"l2\":\"Porc\",\"sl\":\"porc-jarret-caisse-cg-68152\",\"sn\":\"\",\"idxP\":33},{\"mq\":\"Famille Fontaine\",\"nm\":\"Veau Kefta\",\"nme\":\"Veal Kefta\",\"attr\":\"\",\"sku\":\"12150\",\"l2\":\"Veau\",\"sl\":\"veau-kefta-famille-fontaine-12150\",\"sn\":\"\",\"idxP\":2},{\"mq\":\"Famille Fontaine\",\"nm\":\"Veau boulettes assaisonn\u00E9es\",\"nme\":\"Seasoned Veal Meatballs\",\"attr\":\"\",\"sku\":\"12149\",\"l2\":\"Veau\",\"sl\":\"veau-boulettes-assaisonnees-famille-fontaine-12149\",\"sn\":\"\",\"idxP\":1},{\"mq\":\"VDC\",\"nm\":\"Dinde enti\u00E8re biologique\",\"nme\":\"Organic Whole Turkey\",\"attr\":\"\",\"sku\":\"12136\",\"l2\":\"Volaille\",\"sl\":\"dinde-entiere-biologique-vdc-12136\",\"sn\":\"biologique, bio, organic, organique\",\"idxP\":0},{\"nm\":\"Agneau gigot avec os NZ CG\",\"nme\":\"Lamb leg with bone NZ FZ\",\"attr\":\"\",\"sku\":\"38125\",\"l2\":\"Agneau\",\"sl\":\"agneau-gigot-avec-os-nz-cg-38125\",\"sn\":\"\",\"idxP\":70},{\"mq\":\"Olymel\",\"nm\":\"Porc c\u00F4te de flanc St-Louis Olymel COV CG\",\"nme\":\"Pork Side Spare Ribs St-Louis Olymel COV CG\",\"attr\":\"\",\"sku\":\"12333\",\"l2\":\"Porc\",\"sl\":\"porc-cote-de-flanc-st-louis-olymel-cov-cg-olymel-12333\",\"sn\":\"\",\"idxP\":0}], [{\"mq\":\"VDC\",\"nm\":\"Poulet ailes douces\",\"nme\":\"Mild Chicken Wings\",\"attr\":\"\",\"sku\":\"51414\",\"l2\":\"Volaille\",\"sl\":\"poulet-ailes-douces-vdc-51414\",\"sn\":\"\",\"idxP\":5},{\"mq\":\"VDC\",\"nm\":\"Saucisse au poulet italienne\",\"nme\":\"Italian Chicken Sausage\",\"attr\":\"\",\"sku\":\"51423\",\"l2\":\"Saucisse\",\"sl\":\"saucisse-au-poulet-italienne-vdc-51423\",\"sn\":\"\",\"idxP\":0},{\"mq\":\"VDC\",\"nm\":\"Saucisse au poulet portugaise\",\"nme\":\"Portuguese Chicken Sausage\",\"attr\":\"\",\"sku\":\"51426\",\"l2\":\"Saucisse\",\"sl\":\"saucisse-au-poulet-portugaise-vdc-51426\",\"sn\":\"\",\"idxP\":0},{\"mq\":\"VDC\",\"nm\":\"Poulet ailes fortes\",\"nme\":\"Spicy Chicken Wings\",\"attr\":\"\",\"sku\":\"51421\",\"l2\":\"Volaille\",\"sl\":\"poulet-ailes-fortes-vdc-51421\",\"sn\":\"\",\"idxP\":6},{\"mq\":\"VDC\",\"nm\":\"Saucisse au poulet nature\",\"nme\":\"Plain Chicken Sausage\",\"attr\":\"\",\"sku\":\"51427\",\"l2\":\"Saucisse\",\"sl\":\"saucisse-au-poulet-nature-vdc-51427\",\"sn\":\"\",\"idxP\":0},{\"mq\":\"VDC\",\"nm\":\"Saucisse au poulet tomate et basilic\",\"nme\":\"Tomato Basil Chicken Sausage\",\"attr\":\"\",\"sku\":\"51424\",\"l2\":\"Saucisse\",\"sl\":\"saucisse-au-poulet-tomate-et-basilic-vdc-51424\",\"sn\":\"tomates\",\"idxP\":0},{\"mq\":\"VDC\",\"nm\":\"Saucisse au poulet fines herbes\",\"nme\":\"Herbs Chicken Sausage\",\"attr\":\"\",\"sku\":\"51425\",\"l2\":\"Saucisse\",\"sl\":\"saucisse-au-poulet-fines-herbes-vdc-51425\",\"sn\":\"\",\"idxP\":0},{\"mq\":\"VDC\",\"nm\":\"Saucisse au poulet pour d\u00E9jeuner\",\"nme\":\"Chicken Breakfast Sausage\",\"attr\":\"\",\"sku\":\"51422\",\"l2\":\"Saucisse\",\"sl\":\"saucisse-au-poulet-pour-dejeuner-vdc-51422\",\"sn\":\"\",\"idxP\":0},{\"mq\":\"VDC\",\"nm\":\"Poulet hach\u00E9\",\"nme\":\"Ground Chicken\",\"attr\":\"\",\"sku\":\"51428\",\"l2\":\"Volaille\",\"sl\":\"poulet-hache-vdc-51428\",\"sn\":\"\",\"idxP\":0},{\"mq\":\"Roma\",\"nm\":\"Saucisse burger\",\"nme\":\"Burger Sausage\",\"attr\":\"\",\"sku\":\"23294\",\"l2\":\"Saucisse\",\"sl\":\"saucisse-burger-23294\",\"sn\":\"\",\"idxP\":8},{\"mq\":\"Roma\",\"nm\":\"Saucisse merguez\",\"nme\":\"Merguez Sausage\",\"attr\":\"\",\"sku\":\"29495\",\"l2\":\"Saucisse\",\"sl\":\"saucisse-merguez-29495\",\"sn\":\"\",\"idxP\":4},{\"mq\":\"Roma\",\"nm\":\"Saucisse italienne douce\",\"nme\":\"Mild Italian Sausage\",\"attr\":\"\",\"sku\":\"32731\",\"l2\":\"Saucisse\",\"sl\":\"saucisse-italienne-douce-roma-32731\",\"sn\":\"\",\"idxP\":4},{\"mq\":\"Mayrand CHEF\",\"nm\":\"Saucisse merguez\",\"nme\":\"Merguez Sausage\",\"attr\":\"\",\"sku\":\"12570\",\"l2\":\"Saucisse\",\"sl\":\"saucisse-merguez-12570\",\"sn\":\"\",\"idxP\":0},{\"mq\":\"Mayrand CHEF\",\"nm\":\"Saucisse italienne forte\",\"nme\":\"Hot Italian Sausage\",\"attr\":\"\",\"sku\":\"12571\",\"l2\":\"Saucisse\",\"sl\":\"saucisse-italienne-forte-12571\",\"sn\":\"\",\"idxP\":0},{\"mq\":\"Mayrand CHEF\",\"nm\":\"Saucisse italienne douce\",\"nme\":\"Mild Italian Sausage\",\"attr\":\"\",\"sku\":\"12572\",\"l2\":\"Saucisse\",\"sl\":\"saucisse-italienne-douce-12572\",\"sn\":\"\",\"idxP\":1},{\"mq\":\"Mayrand CHEF\",\"nm\":\"Saucisse chorizo\",\"nme\":\"Chorizo Sausage\",\"attr\":\"\",\"sku\":\"12573\",\"l2\":\"Saucisse\",\"sl\":\"saucisse-chorizo-12573\",\"sn\":\"\",\"idxP\":1},{\"mq\":\"Mayrand CHEF\",\"nm\":\"Saucisse portugaise\",\"nme\":\"Portuguese Sausage\",\"attr\":\"\",\"sku\":\"12574\",\"l2\":\"Saucisse\",\"sl\":\"saucisse-portugaise-12574\",\"sn\":\"\",\"idxP\":15},{\"mq\":\"Mayrand CHEF\",\"nm\":\"Saucisse chair italienne forte\",\"nme\":\"Hot Italian Sausage Meat\",\"attr\":\"\",\"sku\":\"12575\",\"l2\":\"Saucisse\",\"sl\":\"saucisse-chair-italienne-forte-12575\",\"sn\":\"\",\"idxP\":6},{\"mq\":\"Mayrand CHEF\",\"nm\":\"Saucisse bacon fromage\",\"nme\":\"Bacon Cheese Sausage\",\"attr\":\"\",\"sku\":\"12576\",\"l2\":\"Saucisse\",\"sl\":\"saucisse-bacon-fromage-12576\",\"sn\":\"fromages\",\"idxP\":0},{\"mq\":\"Mayrand CHEF\",\"nm\":\"Saucisse chair italienne douce\",\"nme\":\"Mild Italian Sausage Meat\",\"attr\":\"\",\"sku\":\"12577\",\"l2\":\"Saucisse\",\"sl\":\"saucisse-chair-italienne-douce-12577\",\"sn\":\"\",\"idxP\":14},{\"nm\":\"Galette de boeuf hach\u00E9 maigre\",\"nme\":\"Lean Ground Beef Patty\",\"attr\":\"\",\"sku\":\"12613\",\"l2\":\"Boeuf\",\"sl\":\"galette-de-boeuf-hache-maigre-12613\",\"sn\":\"oeufs\",\"idxP\":0},{\"nm\":\"Galette de porc hach\u00E9 maigre\",\"nme\":\"Lean Ground Pork Patty\",\"attr\":\"\",\"sku\":\"12614\",\"l2\":\"Porc\",\"sl\":\"galette-de-porc-hache-maigre-12614\",\"sn\":\"\",\"idxP\":0},{\"mq\":\"Mayrand CHEF\",\"nm\":\"Saucisse italienne forte CG\",\"nme\":\"Hot Italian Sausage FZ\",\"attr\":\"\",\"sku\":\"12647\",\"l2\":\"Saucisse\",\"sl\":\"saucisse-italienne-forte-cg-12647\",\"sn\":\"\",\"idxP\":11},{\"mq\":\"Mayrand CHEF\",\"nm\":\"Saucisse italienne douce CG\",\"nme\":\"Mild Italian Sausage FZ\",\"attr\":\"\",\"sku\":\"12648\",\"l2\":\"Saucisse\",\"sl\":\"saucisse-italienne-douce-cg-12648\",\"sn\":\"\",\"idxP\":2},{\"mq\":\"Mayrand CHEF\",\"nm\":\"Saucisse chair italienne forte CG\",\"nme\":\"Hot Italian Sausage Meat FZ\",\"attr\":\"\",\"sku\":\"12651\",\"l2\":\"Saucisse\",\"sl\":\"saucisse-chair-italienne-forte-cg-12651\",\"sn\":\"\",\"idxP\":4},{\"mq\":\"Mayrand CHEF\",\"nm\":\"Saucisse bacon fromage CG\",\"nme\":\"Bacon Cheese Sausage FZ\",\"attr\":\"\",\"sku\":\"12652\",\"l2\":\"Saucisse\",\"sl\":\"saucisse-bacon-fromage-cg-12652\",\"sn\":\"fromages\",\"idxP\":2},{\"mq\":\"Mayrand CHEF\",\"nm\":\"Saucisse chair italienne douce CG\",\"nme\":\"Mild Italian Sausage Meat FZ\",\"attr\":\"\",\"sku\":\"12653\",\"l2\":\"Saucisse\",\"sl\":\"saucisse-chair-italienne-douce-cg-12653\",\"sn\":\"\",\"idxP\":1},{\"nm\":\"Galette de boeuf hach\u00E9 mi-maigre\",\"nme\":\"Medium Lean Ground Beef Patty\",\"attr\":\"\",\"sku\":\"52262\",\"l2\":\"Boeuf\",\"sl\":\"galette-de-boeuf-hache-mi-maigre-52262\",\"sn\":\"oeufs\",\"idxP\":0},{\"nm\":\"Boeuf bifteck de c\u00F4te AA coupe Cowboy\",\"nme\":\"Beef rib Steak AA Cowboy\",\"attr\":\"\",\"sku\":\"50566\",\"l2\":\"Boeuf\",\"sl\":\"boeuf-bifteck-de-cote-aa-coupe-cowboy-50566\",\"sn\":\"steak, oeufs\",\"idxP\":0},{\"mq\":\"Viandes Lauzon\",\"nm\":\"Boeuf hach\u00E9 extra-maigre\",\"nme\":\"Extra Lean Ground Beef\",\"attr\":\"\",\"sku\":\"13032\",\"l2\":\"Boeuf\",\"sl\":\"boeuf-hache-extra-maigre-13032\",\"sn\":\"oeufs\",\"idxP\":0},{\"mq\":\"Viandes Lauzon\",\"nm\":\"Boeuf hach\u00E9 maigre\",\"nme\":\"Lean Ground Beef\",\"attr\":\"\",\"sku\":\"13034\",\"l2\":\"Boeuf\",\"sl\":\"boeuf-hache-maigre-13034\",\"sn\":\"oeufs\",\"idxP\":0},{\"mq\":\"Viandes Lauzon\",\"nm\":\"Boeuf hach\u00E9 mi-maigre\",\"nme\":\"Medium Lean Ground Beef\",\"attr\":\"\",\"sku\":\"13035\",\"l2\":\"Boeuf\",\"sl\":\"boeuf-hache-mi-maigre-13035\",\"sn\":\"oeufs\",\"idxP\":0},{\"mq\":\"Viandes Lauzon\",\"nm\":\"Porc hach\u00E9 mi-maigre\",\"nme\":\"Medium Lean Ground Pork\",\"attr\":\"\",\"sku\":\"13036\",\"l2\":\"Porc\",\"sl\":\"porc-hache-mi-maigre-13036\",\"sn\":\"\",\"idxP\":0},{\"mq\":\"Viandes Lauzon\",\"nm\":\"Veau hach\u00E9 extra-maigre\",\"nme\":\"Extra Lean Ground Veal\",\"attr\":\"\",\"sku\":\"13037\",\"l2\":\"Veau\",\"sl\":\"veau-hache-extra-maigre-13037\",\"sn\":\"\",\"idxP\":0},{\"nm\":\"Porc c\u00F4te de dos FR\",\"nme\":\"Pork baby back ribs FR\",\"attr\":\"\",\"sku\":\"50230\",\"l2\":\"Porc\",\"sl\":\"porc-cote-de-dos-fr-50230\",\"sn\":\"\",\"idxP\":30},{\"mq\":\"Olymel\",\"nm\":\"Poulet brochette shish taouk\",\"nme\":\"Shish Taouk Chicken Skewer\",\"attr\":\"\",\"sku\":\"56003\",\"l2\":\"Volaille\",\"sl\":\"poulet-brochette-shish-taouk-56003\",\"sn\":\"\",\"idxP\":0},{\"mq\":\"Olymel\",\"nm\":\"Poulet pilon piri piri\",\"nme\":\"Piri Piri Chicken Drumstick\",\"attr\":\"\",\"sku\":\"56004\",\"l2\":\"Volaille\",\"sl\":\"poulet-pilon-piri-piri-56004\",\"sn\":\"\",\"idxP\":0},{\"mq\":\"Olymel\",\"nm\":\"Dindon poitrine fum\u00E9e \u00E9rable\",\"nme\":\"Maple Smoked Turkey Breast\",\"attr\":\"\",\"sku\":\"56005\",\"l2\":\"Volaille\",\"sl\":\"dindon-poitrine-fumee-erable-56005\",\"sn\":\"\",\"idxP\":0},{\"mq\":\"Olymel\",\"nm\":\"Poulet poitrine Toscane\",\"nme\":\"Tuscan Chicken Breast\",\"attr\":\"\",\"sku\":\"56006\",\"l2\":\"Volaille\",\"sl\":\"poulet-poitrine-toscane-56006\",\"sn\":\"\",\"idxP\":0},{\"mq\":\"Olymel\",\"nm\":\"Poulet cuisse BBQ\",\"nme\":\"BBQ Chicken Thigh\",\"attr\":\"\",\"sku\":\"56014\",\"l2\":\"Volaille\",\"sl\":\"poulet-cuisse-bbq-56014\",\"sn\":\"\",\"idxP\":0},{\"mq\":\"Olymel\",\"nm\":\"Poulet aile marin\u00E9e BBQ\",\"nme\":\"BBQ Marinated Chicken Wing\",\"attr\":\"\",\"sku\":\"56015\",\"l2\":\"Volaille\",\"sl\":\"poulet-aile-marinee-bbq-56015\",\"sn\":\"\",\"idxP\":0},{\"mq\":\"Olymel\",\"nm\":\"Porc filet miel ail\",\"nme\":\"Honey Garlic Pork Tenderloin\",\"attr\":\"\",\"sku\":\"56016\",\"l2\":\"Porc\",\"sl\":\"porc-filet-miel-ail-56016\",\"sn\":\"\",\"idxP\":0},{\"mq\":\"Olymel\",\"nm\":\"Porc filet COV\",\"nme\":\"COV Pork Tenderloin\",\"attr\":\"\",\"sku\":\"56027\",\"l2\":\"Porc\",\"sl\":\"porc-filet-cov-56027\",\"sn\":\"\",\"idxP\":0},{\"mq\":\"Pierette\",\"nm\":\"Dinde A 5 \u00E0 7 kg\",\"nme\":\"A Turkey 5 to 7kg\",\"attr\":\"\",\"sku\":\"53249\",\"l2\":\"Volaille\",\"sl\":\"dinde-a-5-a-7-kg-53249\",\"sn\":\"\",\"idxP\":0},{\"nm\":\"Veau de grain escalope\",\"nme\":\"Grain feed veal Scalop\",\"attr\":\"\",\"sku\":\"52905\",\"l2\":\"Veau\",\"sl\":\"veau-de-grain-escalope-52905\",\"sn\":\"\",\"idxP\":2},{\"mq\":\"Butcher Selection\",\"nm\":\"C\u00F4te dos porc\",\"nme\":\"Pork Back Ribs\",\"attr\":\"\",\"sku\":\"13204\",\"l2\":\"Porc\",\"sl\":\"cote-dos-porc-13204\",\"sn\":\"\",\"idxP\":0},{\"mq\":\"VDC\",\"nm\":\"Poulet haut cuisse d\u00E9soss\u00E9 par\u00E9 VDC\",\"nme\":\"Chicken, thigh boneless full trim VDC\",\"attr\":\"\",\"sku\":\"50437\",\"l2\":\"Volaille\",\"sl\":\"poulet-haut-cuisse-desosse-pare-vdc-50437\",\"sn\":\"\",\"idxP\":33},{\"nm\":\"Boeuf fondue\",\"nme\":\"Fondue Beef\",\"attr\":\"\",\"sku\":\"13407\",\"l2\":\"Boeuf\",\"sl\":\"boeuf-fondue-13407\",\"sn\":\"oeufs\",\"idxP\":0},{\"nm\":\"Poulet fondue\",\"nme\":\"Fondue Chicken\",\"attr\":\"\",\"sku\":\"13414\",\"l2\":\"Volaille\",\"sl\":\"poulet-fondue-13414\",\"sn\":\"\",\"idxP\":0},{\"nm\":\"Porc fondue\",\"nme\":\"Fondue Pork\",\"attr\":\"\",\"sku\":\"13415\",\"l2\":\"Volaille\",\"sl\":\"porc-fondue-13415\",\"sn\":\"\",\"idxP\":0},{\"mq\":\"Sagetra\",\"nm\":\"Pelle \u00E0 pizza en aluminium 14\\\"x14\\\"\",\"nme\":\"Aluminium Pizza Peel 14\\\"x14\\\"\",\"attr\":\"\",\"sku\":\"21192\",\"l2\":\"Accessoire pour pizza\",\"sl\":\"pelle-a-pizza-en-aluminium-14x14-sagetra-21192\",\"sn\":\"\",\"idxP\":27},{\"mq\":\"Sagetra\",\"nm\":\"Spatule \u00E0 m\u00E9langer en bois 42\\\"\",\"nme\":\"Mixing Paddle Wood 42\\\"\",\"attr\":\"\",\"sku\":\"24327\",\"l2\":\"Ustensiles et accessoires\",\"sl\":\"spatule-a-melanger-en-bois-42-sagetra-24327\",\"sn\":\"\",\"idxP\":7},{\"mq\":\"Sagetra\",\"nm\":\"Pelle \u00E0 pizza aluminium 12\\\"x12\\\"\",\"nme\":\"Aluminium Pizza Peel 12\\\"x12\\\"\",\"attr\":\"\",\"sku\":\"24942\",\"l2\":\"Accessoire pour pizza\",\"sl\":\"pelle-a-pizza-aluminium-12x12-sagetra-24942\",\"sn\":\"\",\"idxP\":27},{\"mq\":\"Julia\",\"nm\":\"Nappe Julia noire 52\\\"x70\\\"\",\"nme\":\"Julia Black Tablecloth 52\\\"x70\\\"\",\"attr\":\"\",\"sku\":\"24987\",\"l2\":\"Serviette et nappe\",\"sl\":\"nappe-julia-noire-52x70-julia-24987\",\"sn\":\"\",\"idxP\":16},{\"mq\":\"Sagetra\",\"nm\":\"Planche \u00E0 d\u00E9couper bleue 12\\\"x18\\\"\",\"nme\":\"Blue Cutting Board 12 po x 18 po\",\"attr\":\"\",\"sku\":\"24955\",\"l2\":\"Planche\",\"sl\":\"planche-a-decouper-bleue-12x18-sagetra-24955\",\"sn\":\"\",\"idxP\":35},{\"mq\":\"Sagetra\",\"nm\":\"Planche \u00E0 d\u00E9couper verte 15\\\"x20\\\"\",\"nme\":\"Green Cutting Board 15\\\"x20\\\"\",\"attr\":\"\",\"sku\":\"24974\",\"l2\":\"Planche\",\"sl\":\"planche-a-decouper-verte-15x20-sagetra-24974\",\"sn\":\"\",\"idxP\":23},{\"mq\":\"Julia\",\"nm\":\"Nappe Julia charcoal 60\\\"x84\\\"\",\"nme\":\"Julia Charcoal Tablecloth 60\\\"x84\\\"\",\"attr\":\"\",\"sku\":\"24989\",\"l2\":\"Serviette et nappe\",\"sl\":\"nappe-julia-charcoal-60x84-julia-24989\",\"sn\":\"\",\"idxP\":18},{\"mq\":\"Sagetra\",\"nm\":\"Planche \u00E0 d\u00E9couper verte 18\\\"x24\\\"\",\"nme\":\"Green Cutting Board 18\\\"x24\\\"\",\"attr\":\"\",\"sku\":\"24951\",\"l2\":\"Planche\",\"sl\":\"planche-a-decouper-verte-18x24-sagetra-24951\",\"sn\":\"\",\"idxP\":19},{\"mq\":\"Julia\",\"nm\":\"Nappe Julia rouge 52\\\"x70\\\"\",\"nme\":\"Julia Red Tablecloth 52\\\"x70\\\"\",\"attr\":\"\",\"sku\":\"24986\",\"l2\":\"Serviette et nappe\",\"sl\":\"nappe-julia-rouge-52x70-julia-24986\",\"sn\":\"\",\"idxP\":16},{\"mq\":\"Julia\",\"nm\":\"Nappe Julia rouge 60\\\"x120\\\"\",\"nme\":\"Julia Red Tablecloth 60\\\"x120\\\"\",\"attr\":\"\",\"sku\":\"25004\",\"l2\":\"Serviette et nappe\",\"sl\":\"nappe-julia-rouge-60x120-julia-25004\",\"sn\":\"\",\"idxP\":17},{\"mq\":\"Sagetra\",\"nm\":\"Planche \u00E0 d\u00E9couper verte 12\\\"x18\\\"\",\"nme\":\"Green Cutting Board 12\\\"x18\\\"\",\"attr\":\"\",\"sku\":\"24945\",\"l2\":\"Planche\",\"sl\":\"planche-a-decouper-verte-12x18-sagetra-24945\",\"sn\":\"\",\"idxP\":37},{\"mq\":\"Julia\",\"nm\":\"Nappe Julia blanche 52\\\"x70\\\"\",\"nme\":\"Julia White Tablecloth 52\\\"x70\\\"\",\"attr\":\"\",\"sku\":\"24988\",\"l2\":\"Serviette et nappe\",\"sl\":\"nappe-julia-blanche-52x70-julia-24988\",\"sn\":\"\",\"idxP\":13},{\"mq\":\"Julia\",\"nm\":\"Nappe Julia noire 60\\\"x84\\\"\",\"nme\":\"Julia Black Tablecloth 60\\\"x84\\\"\",\"attr\":\"\",\"sku\":\"24996\",\"l2\":\"Serviette et nappe\",\"sl\":\"nappe-julia-noire-60x84-julia-24996\",\"sn\":\"\",\"idxP\":17},{\"mq\":\"Sagetra\",\"nm\":\"Planche \u00E0 d\u00E9couper bleue 18\\\"x24\\\"\",\"nme\":\"Green Cutting Board 18\\\"x24\\\"\",\"attr\":\"\",\"sku\":\"24952\",\"l2\":\"Planche\",\"sl\":\"planche-a-decouper-bleue-18x24-sagetra-24952\",\"sn\":\"\",\"idxP\":20},{\"mq\":\"Julia\",\"nm\":\"Nappe Julia charcoal 52\\\"x70\\\"\",\"nme\":\"Julia Charcoal Tablecloth 52\\\"x70\\\"\",\"attr\":\"\",\"sku\":\"24985\",\"l2\":\"Serviette et nappe\",\"sl\":\"nappe-julia-charcoal-52x70-julia-24985\",\"sn\":\"\",\"idxP\":13},{\"mq\":\"Julia\",\"nm\":\"Nappe ronde Julia rouge 70\\\"\",\"nme\":\"Julia Red Round Tablecloth 70\\\"\",\"attr\":\"\",\"sku\":\"25010\",\"l2\":\"Serviette et nappe\",\"sl\":\"nappe-ronde-julia-rouge-70-julia-25010\",\"sn\":\"\",\"idxP\":12},{\"mq\":\"Sagetra\",\"nm\":\"Planche \u00E0 d\u00E9couper jaune 18\\\"x24\\\"\",\"nme\":\"Yellow Cutting Board 18 po x 24 po\",\"attr\":\"\",\"sku\":\"24948\",\"l2\":\"Planche\",\"sl\":\"planche-a-decouper-jaune-18x24-sagetra-24948\",\"sn\":\"\",\"idxP\":23},{\"mq\":\"Julia\",\"nm\":\"Nappe Julia charcoal 60\\\"x104\\\"\",\"nme\":\"Julia Charcoal Tablecloth 60\\\"x104\\\"\",\"attr\":\"\",\"sku\":\"24998\",\"l2\":\"Serviette et nappe\",\"sl\":\"nappe-julia-charcoal-60x104-julia-24998\",\"sn\":\"\",\"idxP\":22},{\"mq\":\"Julia\",\"nm\":\"Nappe Julia noire 60\\\"x120\\\"\",\"nme\":\"Julia Black Tablecloth 60\\\"x120\\\"\",\"attr\":\"\",\"sku\":\"25005\",\"l2\":\"Serviette et nappe\",\"sl\":\"nappe-julia-noire-60x120-julia-25005\",\"sn\":\"\",\"idxP\":15},{\"mq\":\"Julia\",\"nm\":\"Nappe Julia rouge 60\\\"x104\\\"\",\"nme\":\"Julia Red Tablecloth 60\\\"x104\\\"\",\"attr\":\"\",\"sku\":\"24999\",\"l2\":\"Serviette et nappe\",\"sl\":\"nappe-julia-rouge-60x104-julia-24999\",\"sn\":\"\",\"idxP\":18},{\"mq\":\"Julia\",\"nm\":\"Nappe Julia blanche 60\\\"x120\\\"\",\"nme\":\"Julia White Tablecloth 60\\\"x120\\\"\",\"attr\":\"\",\"sku\":\"25006\",\"l2\":\"Serviette et nappe\",\"sl\":\"nappe-julia-blanche-60x120-julia-25006\",\"sn\":\"\",\"idxP\":17},{\"mq\":\"Sagetra\",\"nm\":\"Pelle \u00E0 pizza en bois 12\\\"x14\\\"\",\"nme\":\"Wooden Pizza Peel 12\\\"x14\\\"\",\"attr\":\"\",\"sku\":\"24941\",\"l2\":\"Accessoire pour pizza\",\"sl\":\"pelle-a-pizza-en-bois-12x14-sagetra-24941\",\"sn\":\"\",\"idxP\":17},{\"mq\":\"Julia\",\"nm\":\"Nappe Julia rouge 60\\\"x84\\\"\",\"nme\":\"Julia Red Tablecloth 60\\\"x84\\\"\",\"attr\":\"\",\"sku\":\"24995\",\"l2\":\"Serviette et nappe\",\"sl\":\"nappe-julia-rouge-60x84-julia-24995\",\"sn\":\"\",\"idxP\":20},{\"mq\":\"Julia\",\"nm\":\"Nappe Julia blanche 60\\\"x104\\\"\",\"nme\":\"Julia White Tablecloth 60\\\"x104\\\"\",\"attr\":\"\",\"sku\":\"25002\",\"l2\":\"Serviette et nappe\",\"sl\":\"nappe-julia-blanche-60x104-julia-25002\",\"sn\":\"\",\"idxP\":28},{\"mq\":\"Julia\",\"nm\":\"Nappe ronde Julia blanche 70\\\"\",\"nme\":\"Julia White Round Tablecloth 70\\\"\",\"attr\":\"\",\"sku\":\"25012\",\"l2\":\"Serviette et nappe\",\"sl\":\"nappe-ronde-julia-blanche-70-julia-25012\",\"sn\":\"\",\"idxP\":9},{\"mq\":\"Julia\",\"nm\":\"Nappe Julia noire 60\\\"x144\\\"\",\"nme\":\"Julia Black Tablecloth 60\\\"x144\\\"\",\"attr\":\"\",\"sku\":\"25007\",\"l2\":\"Serviette et nappe\",\"sl\":\"nappe-julia-noire-60x144-julia-25007\",\"sn\":\"\",\"idxP\":9},{\"mq\":\"Julia\",\"nm\":\"Nappe Julia blanche 60\\\"x84\\\"\",\"nme\":\"Julia White Tablecloth 60\\\"x84\\\"\",\"attr\":\"\",\"sku\":\"24997\",\"l2\":\"Serviette et nappe\",\"sl\":\"nappe-julia-blanche-60x84-julia-24997\",\"sn\":\"\",\"idxP\":21},{\"mq\":\"Julia\",\"nm\":\"Nappe Julia charcoal 60\\\"x120\\\"\",\"nme\":\"Julia Charcoal Tablecloth 60\\\"x120\\\"\",\"attr\":\"\",\"sku\":\"25003\",\"l2\":\"Serviette et nappe\",\"sl\":\"nappe-julia-charcoal-60x120-julia-25003\",\"sn\":\"\",\"idxP\":15},{\"mq\":\"Julia\",\"nm\":\"Nappe Julia blanche 60\\\"x144\\\"\",\"nme\":\"Julia White Tablecloth 60\\\"x144\\\"\",\"attr\":\"\",\"sku\":\"25008\",\"l2\":\"Serviette et nappe\",\"sl\":\"nappe-julia-blanche-60x144-julia-25008\",\"sn\":\"\",\"idxP\":11},{\"mq\":\"Julia\",\"nm\":\"Nappe carr\u00E9e Julia noire 70\\\"\",\"nme\":\"Julia Black Square Tablecloth 70 po\",\"attr\":\"\",\"sku\":\"25013\",\"l2\":\"Serviette et nappe\",\"sl\":\"nappe-carree-julia-noire-70-julia-25013\",\"sn\":\"\",\"idxP\":14},{\"mq\":\"Julia\",\"nm\":\"Nappe Julia noire 60\\\"x104\\\"\",\"nme\":\"Julia Black Tablecloth 60\\\"x104\\\"\",\"attr\":\"\",\"sku\":\"25001\",\"l2\":\"Serviette et nappe\",\"sl\":\"nappe-julia-noire-60x104-julia-25001\",\"sn\":\"\",\"idxP\":21},{\"mq\":\"Julia\",\"nm\":\"Nappe ronde Julia charcoal 70\\\"\",\"nme\":\"Julia Charcoal Round Tablecloth 70\\\"\",\"attr\":\"\",\"sku\":\"25009\",\"l2\":\"Serviette et nappe\",\"sl\":\"nappe-ronde-julia-charcoal-70-julia-25009\",\"sn\":\"\",\"idxP\":10},{\"mq\":\"Julia\",\"nm\":\"Nappe carr\u00E9e Julia blanche 70\\\"x70\\\"\",\"nme\":\"Julia Square White Tablecloth 70 po\",\"attr\":\"\",\"sku\":\"25014\",\"l2\":\"Serviette et nappe\",\"sl\":\"nappe-carree-julia-blanche-70x70-julia-25014\",\"sn\":\"\",\"idxP\":17},{\"mq\":\"Julia\",\"nm\":\"Nappe Julia ronde noire 70\\\"\",\"nme\":\"Julia Black Round Tablecloth 70\\\"\",\"attr\":\"\",\"sku\":\"25011\",\"l2\":\"Serviette et nappe\",\"sl\":\"nappe-julia-ronde-noire-70-julia-25011\",\"sn\":\"\",\"idxP\":7},{\"mq\":\"Leolight\",\"nm\":\"Support pour r\u00E9chaud \u00E0 buffet\",\"nme\":\"Frame Catering Quick\",\"attr\":\"\",\"sku\":\"25436\",\"l2\":\"Buffet\",\"sl\":\"support-pour-rechaud-a-buffet-leolight-25436\",\"sn\":\"\",\"idxP\":54},{\"mq\":\"Mayrand CHEF\",\"nm\":\"Nappe restauration blanche 60\\\" x 84\\\"\",\"nme\":\"Restaurant White Tablecloth 60 po x 84 po\",\"attr\":\"\",\"sku\":\"25750\",\"l2\":\"Serviette et nappe\",\"sl\":\"nappe-restauration-blanche-60-x-84-mayrand-chef-25750\",\"sn\":\"\",\"idxP\":1},{\"mq\":\"Mayrand CHEF\",\"nm\":\"Nappe restauration blanche 54\\\" x 54\\\"\",\"nme\":\"Restaurant White Tablecloth 54 po x 54 po\",\"attr\":\"\",\"sku\":\"25748\",\"l2\":\"Serviette et nappe\",\"sl\":\"nappe-restauration-blanche-54-x-54-mayrand-chef-25748\",\"sn\":\"\",\"idxP\":19},{\"mq\":\"Mayrand CHEF\",\"nm\":\"Serviette de table en tissu blanche\",\"nme\":\"Restaurant White Cloth Napkin\",\"attr\":\"\",\"sku\":\"25751\",\"l2\":\"Serviette et nappe\",\"sl\":\"serviette-de-table-en-tissu-blanche-mayrand-chef-25751\",\"sn\":\"\",\"idxP\":10},{\"mq\":\"Mayrand CHEF\",\"nm\":\"Nappe restauration blanche 45\\\" x 45\\\"\",\"nme\":\"Restaurant White Tablecloth 45 po x 45 po\",\"attr\":\"\",\"sku\":\"25749\",\"l2\":\"Serviette et nappe\",\"sl\":\"nappe-restauration-blanche-45-x-45-mayrand-chef-25749\",\"sn\":\"\",\"idxP\":3},{\"mq\":\"Wipeco\",\"nm\":\"Coton \u00E0 fromage 100 verges\",\"nme\":\"Cheesecloth 100 yards\",\"attr\":\"\",\"sku\":\"25972\",\"l2\":\"Accessoire de cuisine\",\"sl\":\"coton-a-fromage-100-verges-wipeco-25972\",\"sn\":\"fromages\",\"idxP\":6},{\"mq\":\"Bunn\",\"nm\":\"Cafeti\u00E8re professionnelle \u00E0 2 r\u00E9chauds\",\"nme\":\"Professional coffee maker with 2 warmers\",\"attr\":\"\",\"sku\":\"26165\",\"l2\":\"Service de table\",\"sl\":\"cafetiere-professionnelle-a-2-rechauds-bunn-26165\",\"sn\":\"commercial\",\"idxP\":4},{\"mq\":\"Sagetra\",\"nm\":\"\u00C9cumoire ronde \u00E0 maille fine 6 1\\\/2\\\"\",\"nme\":\"Round Fine Wire Skimmer 6 1\\\/2\\\"\",\"attr\":\"\",\"sku\":\"25904\",\"l2\":\"Ustensiles et accessoires\",\"sl\":\"ecumoire-ronde-a-maille-fine-6-12-sagetra-25904\",\"sn\":\"\",\"idxP\":18},{\"mq\":\"Sagetra\",\"nm\":\"Passoire maille fine 4 3\\\/4'' \\\/ 12 cm\",\"nme\":\"Single Fine Mesh Strainer 4 3\\\/4'' \\\/ 12 cm\",\"attr\":\"\",\"sku\":\"28675\",\"l2\":\"Accessoire de cuisine\",\"sl\":\"passoire-maille-fine-4-34-12-cm-sagetra-28675\",\"sn\":\"\",\"idxP\":15},{\"mq\":\"Sagetra\",\"nm\":\"Passoire DMMR 9\\\" \\\/ 23 cm\",\"nme\":\"DMRM Strainer 9\\\" \\\/ 23 cm\",\"attr\":\"\",\"sku\":\"28674\",\"l2\":\"Accessoire de cuisine\",\"sl\":\"passoire-dmmr-9-23-cm-sagetra-28674\",\"sn\":\"\",\"idxP\":11},{\"mq\":\"Bunn\",\"nm\":\"R\u00E9chaud \u00E0 caf\u00E9 simple\",\"nme\":\"Simple coffee warmer\",\"attr\":\"\",\"sku\":\"26163\",\"l2\":\"Service de table\",\"sl\":\"rechaud-a-cafe-simple-bunn-26163\",\"sn\":\"\",\"idxP\":2},{\"mq\":\"Bunn\",\"nm\":\"Serveur thermique sans base 2.5 litres\",\"nme\":\"Thermal server without base 2.5 liters\",\"attr\":\"\",\"sku\":\"26171\",\"l2\":\"Service de table\",\"sl\":\"serveur-thermique-sans-base-2.5-litres-bunn-26171\",\"sn\":\"\",\"idxP\":7},{\"mq\":\"Sagetra\",\"nm\":\"Assiette \u00E0 pizza \u00E0 bord roul\u00E9 11\\\"\",\"nme\":\"Pizza Pan 11\\\" with Beaded Edge\",\"attr\":\"\",\"sku\":\"37366\",\"l2\":\"Accessoire pour pizza\",\"sl\":\"assiette-a-pizza-a-bord-roule-11-sagetra-37366\",\"sn\":\"\",\"idxP\":15},{\"mq\":\"Sagetra\",\"nm\":\"Assiette \u00E0 pizza \u00E0 bord roul\u00E9 7\\\"\",\"nme\":\"Pizza Pan with Beaded Edge 7\\\"\",\"attr\":\"\",\"sku\":\"37362\",\"l2\":\"Accessoire pour pizza\",\"sl\":\"assiette-a-pizza-a-bord-roule-7-sagetra-37362\",\"sn\":\"\",\"idxP\":7},{\"mq\":\"Sagetra\",\"nm\":\"Assiette \u00E0 pizza \u00E0 bord roul\u00E9 10\\\"\",\"nme\":\"Pizza Pan 10\\\" with Beaded Edge\",\"attr\":\"\",\"sku\":\"37365\",\"l2\":\"Accessoire pour pizza\",\"sl\":\"assiette-a-pizza-a-bord-roule-10-sagetra-37365\",\"sn\":\"\",\"idxP\":22},{\"mq\":\"Sagetra\",\"nm\":\"Assiette \u00E0 pizza \u00E0 bord roul\u00E9 12\\\"\",\"nme\":\"Pizza Pan 12\\\" with Beaded Edge\",\"attr\":\"\",\"sku\":\"37367\",\"l2\":\"Accessoire pour pizza\",\"sl\":\"assiette-a-pizza-a-bord-roule-12-sagetra-37367\",\"sn\":\"\",\"idxP\":32},{\"mq\":\"Sagetra\",\"nm\":\"Assiette \u00E0 pizza \u00E0 bord roul\u00E9 9\\\"\",\"nme\":\"Pizza Pan with Beaded Edge 9\\\"\",\"attr\":\"\",\"sku\":\"37364\",\"l2\":\"Accessoire pour pizza\",\"sl\":\"assiette-a-pizza-a-bord-roule-9-sagetra-37364\",\"sn\":\"\",\"idxP\":16},{\"mq\":\"Orly\",\"nm\":\"Moule \u00E0 madeleine\",\"nme\":\"Madeleine Cake Pan\",\"attr\":\"\",\"sku\":\"38382\",\"l2\":\"Accessoire de p\u00E2tisserie\",\"sl\":\"moule-a-madeleine-orly-38382\",\"sn\":\"moules\",\"idxP\":33},{\"mq\":\"Kayali\",\"nm\":\"Verre \u00E0 cognac Windsor 11 oz \\\/ 325 ml\",\"nme\":\"Windsor Cognac Glass 11 oz \\\/ 325 ml\",\"attr\":\"\",\"sku\":\"39718\",\"l2\":\"Verrerie\",\"sl\":\"verre-a-cognac-windsor-11-oz-325-ml-kayali-39718\",\"sn\":\"\",\"idxP\":3},{\"mq\":\"Kayali\",\"nm\":\"Verre \u00E0 eau 9,75 oz \\\/ 288 ml x12\",\"nme\":\"Water Glass 9.75 oz \\\/ 288 ml x12\",\"attr\":\"\",\"sku\":\"39719\",\"l2\":\"Verrerie\",\"sl\":\"verre-a-eau-975-oz-288-ml-x12-kayali-39719\",\"sn\":\"\",\"idxP\":6},{\"mq\":\"Kayali\",\"nm\":\"Verre \u00E0 whisky Ada 10,25 oz \\\/ 300 ml\",\"nme\":\"Ada Whisky Glass 10.25oz \\\/ 300ml\",\"attr\":\"\",\"sku\":\"39726\",\"l2\":\"Verrerie\",\"sl\":\"verre-a-whisky-ada-1025-oz-300-ml-kayali-39726\",\"sn\":\"\",\"idxP\":9},{\"mq\":\"Kayali\",\"nm\":\"Verre ballon \u00E0 vin 8,75 oz x12\",\"nme\":\"Balloon Wine Glass 8.75oz\",\"attr\":\"\",\"sku\":\"39721\",\"l2\":\"Verrerie\",\"sl\":\"verre-ballon-a-vin-875-oz-x12-kayali-39721\",\"sn\":\"\",\"idxP\":10},{\"mq\":\"Kayali\",\"nm\":\"Fl\u00FBte \u00E0 champagne Windsor 6oz \\\/ 177ml\",\"nme\":\"Windsor Champagne Glass 6 oz \\\/ 177 ml\",\"attr\":\"\",\"sku\":\"38579\",\"l2\":\"Verrerie\",\"sl\":\"flute-a-champagne-windsor-6oz-177ml-kayali-38579\",\"sn\":\"\",\"idxP\":13},{\"mq\":\"Kayali\",\"nm\":\"Verre \u00E0 vin ballon 11,5 oz x12\",\"nme\":\"Balloon Wine Glass 11.5oz\",\"attr\":\"\",\"sku\":\"39720\",\"l2\":\"Verrerie\",\"sl\":\"verre-a-vin-ballon-115-oz-x12-kayali-39720\",\"sn\":\"\",\"idxP\":9},{\"mq\":\"Eurodib\",\"nm\":\"Friteuse \u00E9lectrique 240 volt 8L\",\"nme\":\"Electric Fryer 240 volt\",\"attr\":\"\",\"sku\":\"26243\",\"l2\":\"Ustensiles et accessoires\",\"sl\":\"friteuse-electrique-240-volt-8l-eurodib-26243\",\"sn\":\"\",\"idxP\":15},{\"mq\":\"Sagetra\",\"nm\":\"Pince tout-usage verte 12\\\"\",\"nme\":\"Green Utility Tong 12\\\"\",\"attr\":\"\",\"sku\":\"26284\",\"l2\":\"Ustensiles et accessoires\",\"sl\":\"pince-tout-usage-verte-12-sagetra-26284\",\"sn\":\"\",\"idxP\":18},{\"mq\":\"Sagetra\",\"nm\":\"Cuill\u00E8re \u00E0 rainure en inox 11\\\"\",\"nme\":\"Stainless Steel Slotted Spoon 11\\\"\",\"attr\":\"\",\"sku\":\"26295\",\"l2\":\"Ustensiles et accessoires\",\"sl\":\"cuillere-a-rainure-en-inox-11-sagetra-26295\",\"sn\":\"\",\"idxP\":21},{\"mq\":\"Sagetra\",\"nm\":\"Cuill\u00E8re \u00E0 rainure en inox 18\\\"\",\"nme\":\"Stainless Steel Slotted Spoon 18\\\"\",\"attr\":\"\",\"sku\":\"26298\",\"l2\":\"Ustensiles et accessoires\",\"sl\":\"cuillere-a-rainure-en-inox-18-sagetra-26298\",\"sn\":\"\",\"idxP\":17},{\"mq\":\"Sagetra\",\"nm\":\"Pince tout-usage rouge 12\\\"\",\"nme\":\"Red Utility Tong 12\\\"\",\"attr\":\"\",\"sku\":\"26283\",\"l2\":\"Ustensiles et accessoires\",\"sl\":\"pince-tout-usage-rouge-12-sagetra-26283\",\"sn\":\"\",\"idxP\":23},{\"mq\":\"Sagetra\",\"nm\":\"Cuill\u00E8re pleine inox 11\\\"\",\"nme\":\"Stainless Steel Solid Spoon 11\\\"\",\"attr\":\"\",\"sku\":\"26290\",\"l2\":\"Ustensiles et accessoires\",\"sl\":\"cuillere-pleine-inox-11-sagetra-26290\",\"sn\":\"\",\"idxP\":10},{\"mq\":\"Sagetra\",\"nm\":\"Cuill\u00E8re rainure inox 13\\\"\",\"nme\":\"Spoon slotted stainless 13\\\"\",\"attr\":\"\",\"sku\":\"26296\",\"l2\":\"Ustensiles et accessoires\",\"sl\":\"cuillere-rainure-inox-13-sagetra-26296\",\"sn\":\"\",\"idxP\":18},{\"mq\":\"Sagetra\",\"nm\":\"Pince \u00E0 salade 9 1\\\/4''\",\"nme\":\"Salad Tong 9 1\\\/4''\",\"attr\":\"\",\"sku\":\"26280\",\"l2\":\"Ustensiles et accessoires\",\"sl\":\"pince-a-salade-9-14-sagetra-26280\",\"sn\":\"\",\"idxP\":14},{\"mq\":\"Sagetra\",\"nm\":\"Cuill\u00E8re pleine en inox 18\\\"\",\"nme\":\"Stainless Steel Solid Spoon 18\\\"\",\"attr\":\"\",\"sku\":\"26294\",\"l2\":\"Ustensiles et accessoires\",\"sl\":\"cuillere-pleine-en-inox-18-sagetra-26294\",\"sn\":\"\",\"idxP\":18},{\"mq\":\"Sagetra\",\"nm\":\"Pince tout-usage noire 9\\\"\",\"nme\":\"Black Utility Tong 9\\\"\",\"attr\":\"\",\"sku\":\"26287\",\"l2\":\"Ustensiles et accessoires\",\"sl\":\"pince-tout-usage-noire-9-sagetra-26287\",\"sn\":\"\",\"idxP\":20},{\"mq\":\"Sagetra\",\"nm\":\"Cuill\u00E8re pleine inox 13\\\"\",\"nme\":\"Stainless Steel Solid Spoon 13\\\"\",\"attr\":\"\",\"sku\":\"26291\",\"l2\":\"Ustensiles et accessoires\",\"sl\":\"cuillere-pleine-inox-13-sagetra-26291\",\"sn\":\"\",\"idxP\":12},{\"mq\":\"Sagetra\",\"nm\":\"Pince \u00E0 glace 7\\\"\",\"nme\":\"Ice Tong 7\\\"\",\"attr\":\"\",\"sku\":\"26281\",\"l2\":\"Ustensiles et accessoires\",\"sl\":\"pince-a-glace-7-sagetra-26281\",\"sn\":\"\",\"idxP\":22},{\"mq\":\"Sagetra\",\"nm\":\"Pince tout-usage verte 16\\\"\",\"nme\":\"Green Utility Tong 16\\\"\",\"attr\":\"\",\"sku\":\"26286\",\"l2\":\"Ustensiles et accessoires\",\"sl\":\"pince-tout-usage-verte-16-sagetra-26286\",\"sn\":\"\",\"idxP\":13},{\"mq\":\"Sagetra\",\"nm\":\"Cuill\u00E8re pleine en inox 15\\\"\",\"nme\":\"Stainless Steel Solid Spoon 15\\\"\",\"attr\":\"\",\"sku\":\"26293\",\"l2\":\"Ustensiles et accessoires\",\"sl\":\"cuillere-pleine-en-inox-15-sagetra-26293\",\"sn\":\"\",\"idxP\":21},{\"mq\":\"Sagetra\",\"nm\":\"Pince tout-usage 12\\\"\",\"nme\":\"Utility Tong 0.5 mm 12\\\"\",\"attr\":\"\",\"sku\":\"26282\",\"l2\":\"Ustensiles et accessoires\",\"sl\":\"pince-tout-usage-12-sagetra-26282\",\"sn\":\"\",\"idxP\":28},{\"mq\":\"Sagetra\",\"nm\":\"Pince tout-usage rouge 9\\\"\",\"nme\":\"Red Utility Tong 9\\\"\",\"attr\":\"\",\"sku\":\"26289\",\"l2\":\"Ustensiles et accessoires\",\"sl\":\"pince-tout-usage-rouge-9-sagetra-26289\",\"sn\":\"\",\"idxP\":19},{\"mq\":\"Sagetra\",\"nm\":\"Pince tout-usage rouge 16\\\"\",\"nme\":\"Red Utility Tong 16\\\"\",\"attr\":\"\",\"sku\":\"26285\",\"l2\":\"Ustensiles et accessoires\",\"sl\":\"pince-tout-usage-rouge-16-sagetra-26285\",\"sn\":\"\",\"idxP\":21},{\"mq\":\"Thermalloy\",\"nm\":\"Po\u00EAle en fonte 12\\\" \\\/ 30,5 cm\",\"nme\":\"Carbon Steel Fry Pan 12\\\" \\\/ 30.5 cm\",\"attr\":\"\",\"sku\":\"26308\",\"l2\":\"Batterie de cuisine\",\"sl\":\"poele-en-fonte-12-305-cm-thermalloy-26308\",\"sn\":\"\",\"idxP\":14},{\"mq\":\"Kayali\",\"nm\":\"Plat coquille St-Jacques 6\\\"\",\"nme\":\"St-Jacques Shell Plate 6\\\"\",\"attr\":\"\",\"sku\":\"23875\",\"l2\":\"Service de table\",\"sl\":\"plat-coquille-st-jacques-6-kayali-23875\",\"sn\":\"\",\"idxP\":76},{\"mq\":\"Thermalloy\",\"nm\":\"Po\u00EAle en fonte 8\\\" \\\/ 20,3 cm\",\"nme\":\"Carbon Steel Fry Pan 8\\\" \\\/ 20.3 cm\",\"attr\":\"\",\"sku\":\"26306\",\"l2\":\"Batterie de cuisine\",\"sl\":\"poele-en-fonte-8-203-cm-thermalloy-26306\",\"sn\":\"\",\"idxP\":6},{\"mq\":\"Sagetra\",\"nm\":\"Cuill\u00E8re rainure inox 15\\\"\",\"nme\":\"Spoon slotted stainless 15\\\"\",\"attr\":\"\",\"sku\":\"26297\",\"l2\":\"Ustensiles et accessoires\",\"sl\":\"cuillere-rainure-inox-15-sagetra-26297\",\"sn\":\"\",\"idxP\":19},{\"mq\":\"Thermalloy\",\"nm\":\"Po\u00EAle en fonte 10\\\" \\\/ 25,4 cm\",\"nme\":\"Carbon Steel Fry Pan 10\\\" \\\/ 25.4 cm\",\"attr\":\"\",\"sku\":\"26307\",\"l2\":\"Batterie de cuisine\",\"sl\":\"poele-en-fonte-10-254-cm-thermalloy-26307\",\"sn\":\"\",\"idxP\":12},{\"mq\":\"Sagetra\",\"nm\":\"Pince tout-usage verte 0,5 mm 9\\\"\",\"nme\":\"Green Utility Tong 0.5 mm 9\\\"\",\"attr\":\"\",\"sku\":\"26299\",\"l2\":\"Ustensiles et accessoires\",\"sl\":\"pince-tout-usage-verte-05-mm-9-sagetra-26299\",\"sn\":\"\",\"idxP\":14},{\"mq\":\"Kayali\",\"nm\":\"Bol porcelaine 4.5\",\"nme\":\"Bowl porcelaine 4.5\",\"attr\":\"\",\"sku\":\"49359\",\"l2\":\"Vaisselle\",\"sl\":\"bol-porcelaine-4.5-kayali-49359\",\"sn\":\"\",\"idxP\":32},{\"mq\":\"Sanelli\",\"nm\":\"Couteau japonais oliv\u00E9 7\\\" \\\/ 18 cm\",\"nme\":\"Indented Japanese Knife 7\\\" \\\/ 18 cm\",\"attr\":\"\",\"sku\":\"39689\",\"l2\":\"Couteau de chef\",\"sl\":\"couteau-japonais-olive-7-18-cm-sanelli-39689\",\"sn\":\"\",\"idxP\":11},{\"mq\":\"Eurodib\",\"nm\":\"Plaque \u00E0 induction 220 volt\",\"nme\":\"Single Induction Cooker 220V\",\"attr\":\"\",\"sku\":\"26251\",\"l2\":\"Ustensiles et accessoires\",\"sl\":\"plaque-a-induction-220-volt-eurodib-26251\",\"sn\":\"commercial\",\"idxP\":16},{\"mq\":\"Eurodib\",\"nm\":\"Plaque \u00E0 induction 120 volt\",\"nme\":\"Single Induction Cooker 120V\",\"attr\":\"\",\"sku\":\"26252\",\"l2\":\"Ustensiles et accessoires\",\"sl\":\"plaque-a-induction-120-volt-eurodib-26252\",\"sn\":\"\",\"idxP\":16},{\"mq\":\"Standa\",\"nm\":\"Assiette de pr\u00E9sentation or 13\\\"\",\"nme\":\"Gold Charger Plate 13\\\"\",\"attr\":\"\",\"sku\":\"08329\",\"l2\":\"Vaisselle\",\"sl\":\"assiette-de-presentation-or-13-standa-08329\",\"sn\":\"\",\"idxP\":54},{\"mq\":\"Revelation\",\"nm\":\"Tire bouchon serveur\",\"nme\":\"Corkscrew Waiter\",\"attr\":\"\",\"sku\":\"00291\",\"l2\":\"Ustensiles et accessoires\",\"sl\":\"tire-bouchon-serveur-revelation-00291\",\"sn\":\"\",\"idxP\":14},{\"mq\":\"Rabco\",\"nm\":\"Panier \u00E0 pain rond noir et dor\u00E9\",\"nme\":\"Black and Gold Basket Bread\",\"attr\":\"\",\"sku\":\"00056\",\"l2\":\"Service de table\",\"sl\":\"panier-a-pain-rond-noir-et-dore-rabco-00056\",\"sn\":\"\",\"idxP\":33},{\"mq\":\"Trudeau\",\"nm\":\"Presse ail en acier inoxydable\",\"nme\":\"Stainless Steel Garlic Press\",\"attr\":\"\",\"sku\":\"08301\",\"l2\":\"Ustensiles et accessoires\",\"sl\":\"presse-ail-en-acier-inoxydable-trudeau-08301\",\"sn\":\"\",\"idxP\":23},{\"mq\":\"Sagetra\",\"nm\":\"Attendrisseur en aluminium 10x2.75\\\"\",\"nme\":\"Aluminum Meat Tenderizer\",\"attr\":\"\",\"sku\":\"15658\",\"l2\":\"Ustensiles et accessoires\",\"sl\":\"attendrisseur-en-aluminium-10x2.75-sagetra-15658\",\"sn\":\"\",\"idxP\":22},{\"mq\":\"Lapaco\",\"nm\":\"Moule \u00E0 g\u00E2teau tulipe chocolat\",\"nme\":\"Tulip Brown Baking Cup\",\"attr\":\"\",\"sku\":\"29908\",\"l2\":\"Accessoire de p\u00E2tisserie\",\"sl\":\"moule-a-gateau-tulipe-chocolat-lapaco-29908\",\"sn\":\"moules\",\"idxP\":18},{\"mq\":\"Rabco\",\"nm\":\"Tasses \u00E0 mesurer en inox ens. de 4\",\"nme\":\"Stainless Steel Measuring Cup Set x4\",\"attr\":\"\",\"sku\":\"10618\",\"l2\":\"Accessoire de cuisine\",\"sl\":\"tasses-a-mesurer-en-inox-ens.-de-4-rabco-10618\",\"sn\":\"\",\"idxP\":8},{\"mq\":\"Standa\",\"nm\":\"Assiette de pr\u00E9sentation argent 13\\\"\",\"nme\":\"Silver Charger Plate 13\\\"\",\"attr\":\"\",\"sku\":\"10802\",\"l2\":\"Vaisselle\",\"sl\":\"assiette-de-presentation-argent-13-standa-10802\",\"sn\":\"\",\"idxP\":65},{\"mq\":\"Labell\",\"nm\":\"Planche avec poign\u00E9e 7\\\"x14\\\"x3\\\/4\\\"\",\"nme\":\"Board with Handle 7\\\"x14\\\"x3\\\/4\\\"\",\"attr\":\"\",\"sku\":\"15543\",\"l2\":\"Planche\",\"sl\":\"planche-avec-poignee-7x14x34-labell-15543\",\"sn\":\"\",\"idxP\":12},{\"mq\":\"Labell\",\"nm\":\"Planche avec poign\u00E9e 10\\\"x20\\\"x3\\\/4\\\"\",\"nme\":\"Board with Handle 10\\\"x20\\\"x3\\\/4\\\"\",\"attr\":\"\",\"sku\":\"15544\",\"l2\":\"Planche\",\"sl\":\"planche-avec-poignee-10x20x34-labell-15544\",\"sn\":\"\",\"idxP\":12},{\"mq\":\"Labell\",\"nm\":\"Bloc planche en bois r\u00E9cup\u00E9r\u00E9 16\\\"x20\\\"x1,5\\\"\",\"nme\":\"Recuparated wood Serving Board 16\\\"x20\\\"x1.5\\\"\",\"attr\":\"\",\"sku\":\"15540\",\"l2\":\"Planche\",\"sl\":\"bloc-planche-en-bois-recupere-16x20x15-labell-15540\",\"sn\":\"\",\"idxP\":19},{\"mq\":\"Labell\",\"nm\":\"Planche \u00E0 d\u00E9couper utilitaire 16\\\"x20\\\"x3\\\/4\\\"\",\"nme\":\"Cutting board 16\\\"x20\\\"x3\\\/4\\\"\",\"attr\":\"\",\"sku\":\"15548\",\"l2\":\"Planche\",\"sl\":\"planche-a-decouper-utilitaire-16x20x34-labell-15548\",\"sn\":\"\",\"idxP\":15},{\"mq\":\"Labell\",\"nm\":\"Planche \u00E0 d\u00E9couper pour r\u00F4ti 12\\\"x18\\\"x3\\\/4\\\"\",\"nme\":\"Roasted Beef Cutting Board 12\\\"x18\\\"x3\\\/4\\\"\",\"attr\":\"\",\"sku\":\"15545\",\"l2\":\"Planche\",\"sl\":\"planche-a-decouper-pour-roti-12x18x34-labell-15545\",\"sn\":\"\",\"idxP\":18},{\"mq\":\"Labell\",\"nm\":\"Planche \u00E0 Pizza 12 cm diam\u00E8tres\",\"nme\":\"Pizza Board 12 Diameters\",\"attr\":\"\",\"sku\":\"15542\",\"l2\":\"Planche\",\"sl\":\"planche-a-pizza-12-cm-diametres-labell-15542\",\"sn\":\"\",\"idxP\":11},{\"mq\":\"Labell\",\"nm\":\"Planche \u00E0 d\u00E9couper utilitaire 18\\\"x24\\\"x3\\\/4\\\"\",\"nme\":\"Cutting board 18\\\"x24\\\"x3\\\/4\\\"\",\"attr\":\"\",\"sku\":\"15549\",\"l2\":\"Planche\",\"sl\":\"planche-a-decouper-utilitaire-18x24x34-labell-15549\",\"sn\":\"\",\"idxP\":28},{\"mq\":\"Labell\",\"nm\":\"Bloc planche en bois 16\\\"x20\\\"x1,5\\\"\",\"nme\":\"Wood Serving Board 16\\\"x20\\\"x1.5\\\"\",\"attr\":\"\",\"sku\":\"15539\",\"l2\":\"Planche\",\"sl\":\"bloc-planche-en-bois-16x20x15-labell-15539\",\"sn\":\"\",\"idxP\":-8},{\"mq\":\"Labell\",\"nm\":\"Planche \u00E0 d\u00E9couper utilitaire 12\\\"x16\\\"x3\\\/4\\\"\",\"nme\":\"Cutting Board 12\\\"x16\\\"x3\\\/4\\\"\",\"attr\":\"\",\"sku\":\"15547\",\"l2\":\"Planche\",\"sl\":\"planche-a-decouper-utilitaire-12x16x34-labell-15547\",\"sn\":\"\",\"idxP\":13},{\"mq\":\"Trudeau\",\"nm\":\"Pot de couleur pour sirop 19oz\",\"nme\":\"Color Dispenser Syrup 19oz\",\"attr\":\"\",\"sku\":\"17176\",\"l2\":\"Service de table\",\"sl\":\"pot-de-couleur-pour-sirop-19oz-trudeau-17176\",\"sn\":\"\",\"idxP\":12},{\"mq\":\"Sagetra\",\"nm\":\"R\u00E9chaud Style Edinburgh empilable 18\\\/8\",\"nme\":\"Edinburgh Style Stackable Chafer 18\\\/8\",\"attr\":\"\",\"sku\":\"21194\",\"l2\":\"Buffet\",\"sl\":\"rechaud-style-edinburgh-empilable-188-sagetra-21194\",\"sn\":\"\",\"idxP\":17},{\"mq\":\"Ateco\",\"nm\":\"Sac \u00E0 p\u00E2tisserie polyurethane 14\\\"\",\"nme\":\"Polyurethane Pastry Bag 14\\\"\",\"attr\":\"\",\"sku\":\"13283\",\"l2\":\"Accessoire de p\u00E2tisserie\",\"sl\":\"sac-a-patisserie-polyurethane-14-ateco-13283\",\"sn\":\"\",\"idxP\":10},{\"mq\":\"Standa\",\"nm\":\"Assiette or floral 13\\\"\",\"nme\":\"Gold Floral Plate Charger 13\\\"\",\"attr\":\"\",\"sku\":\"11371\",\"l2\":\"Vaisselle\",\"sl\":\"assiette-or-floral-13-standa-11371\",\"sn\":\"\",\"idxP\":55},{\"mq\":\"Kayali\",\"nm\":\"Couteau santoku noir 5\\\"\",\"nme\":\"Black Santoku Knife 5\\\"\",\"attr\":\"\",\"sku\":\"21306\",\"l2\":\"Couteau de chef\",\"sl\":\"couteau-santoku-noir-5-kayali-21306\",\"sn\":\"\",\"idxP\":15},{\"mq\":\"Kayali\",\"nm\":\"Couteau d'office noir 5\\\"\",\"nme\":\"Black Paring Knife 5\\\"\",\"attr\":\"\",\"sku\":\"21312\",\"l2\":\"Couteau de chef\",\"sl\":\"couteau-doffice-noir-5-kayali-21312\",\"sn\":\"\",\"idxP\":23},{\"mq\":\"Kayali\",\"nm\":\"Couteau d'office noir 3 1\\\/2\\\"\",\"nme\":\"Black Paring Knife 3 1\\\/2\\\"\",\"attr\":\"\",\"sku\":\"21314\",\"l2\":\"Couteau de chef\",\"sl\":\"couteau-doffice-noir-3-12-kayali-21314\",\"sn\":\"\",\"idxP\":24},{\"mq\":\"Kayali\",\"nm\":\"Couteau de chef noir 8\\\"\",\"nme\":\"Black Chef Knife 8\\\"\",\"attr\":\"\",\"sku\":\"21302\",\"l2\":\"Couteau de chef\",\"sl\":\"couteau-de-chef-noir-8-kayali-21302\",\"sn\":\"\",\"idxP\":21},{\"mq\":\"Sagetra\",\"nm\":\"R\u00E9cipient antiblocage pleine grandeur 1\\\/1 x 4\\\"\",\"nme\":\"Anti-Jam Rectangular Pan Full Size 1\\\/1 x 4\\\"\",\"attr\":\"\",\"sku\":\"21323\",\"l2\":\"Buffet\",\"sl\":\"recipient-antiblocage-pleine-grandeur-11-x-4-sagetra-21323\",\"sn\":\"\",\"idxP\":49},{\"mq\":\"Sagetra\",\"nm\":\"R\u00E9cipient antiblocage grandeur 1\\\/2 x 6\\\"\",\"nme\":\"Anti-Jam Rectangular Pan 1\\\/2 x 6\\\"\",\"attr\":\"\",\"sku\":\"21331\",\"l2\":\"Buffet\",\"sl\":\"recipient-antiblocage-grandeur-12-x-6-sagetra-21331\",\"sn\":\"\",\"idxP\":36},{\"mq\":\"Kayali\",\"nm\":\"Couteau santoku noir 7\\\"\",\"nme\":\"Black Santoku Knife 7\\\"\",\"attr\":\"\",\"sku\":\"21304\",\"l2\":\"Couteau de chef\",\"sl\":\"couteau-santoku-noir-7-kayali-21304\",\"sn\":\"\",\"idxP\":16},{\"mq\":\"Sagetra\",\"nm\":\"R\u00E9cipient antiblocage pleine grandeur 1\\\/1 x 1 1\\\/2\\\"\",\"nme\":\"Anti-Jam Rectangular Pan Full Size 1\\\/1 x 1 1\\\/2\\\"\",\"attr\":\"\",\"sku\":\"21321\",\"l2\":\"Buffet\",\"sl\":\"recipient-antiblocage-pleine-grandeur-11-x-1-12-sagetra-21321\",\"sn\":\"\",\"idxP\":17},{\"mq\":\"Sagetra\",\"nm\":\"R\u00E9cipient antiblocage demi grandeur 1\\\/2 x 4\\\"\",\"nme\":\"Anti-Jam Rectangular Pan Half Size 1\\\/2 x 4\\\"\",\"attr\":\"\",\"sku\":\"21328\",\"l2\":\"Buffet\",\"sl\":\"recipient-antiblocage-demi-grandeur-12-x-4-sagetra-21328\",\"sn\":\"\",\"idxP\":40},{\"mq\":\"Kayali\",\"nm\":\"Couteau \u00E0 pain noir 8\\\"\",\"nme\":\"Black Bread Knife 8\\\"\",\"attr\":\"\",\"sku\":\"21308\",\"l2\":\"Couteau de chef\",\"sl\":\"couteau-a-pain-noir-8-kayali-21308\",\"sn\":\"\",\"idxP\":13},{\"mq\":\"Sagetra\",\"nm\":\"R\u00E9cipient antiblocage grandeur 1\\\/3  x 2 1\\\/2\\\"\",\"nme\":\"Anti-Jan Rectangular Pan 1\\\/3  x 2 1\\\/2\\\"\",\"attr\":\"\",\"sku\":\"21332\",\"l2\":\"Buffet\",\"sl\":\"recipient-antiblocage-grandeur-13-x-2-12-sagetra-21332\",\"sn\":\"\",\"idxP\":24},{\"mq\":\"Sagetra\",\"nm\":\"R\u00E9cipient antiblocage grandeur 1\\\/4 x 6\\\"\",\"nme\":\"Anti-Jam Rectangle Pan 1\\\/4 x 6\\\"\",\"attr\":\"\",\"sku\":\"21337\",\"l2\":\"Buffet\",\"sl\":\"recipient-antiblocage-grandeur-14-x-6-sagetra-21337\",\"sn\":\"\",\"idxP\":16},{\"mq\":\"Sagetra\",\"nm\":\"R\u00E9cipient antiblocage NSF grandeur 1\\\/3 x 6\\\"\",\"nme\":\"Anti-Jam Rectangle Pan 1\\\/3 x 6\\\"\",\"attr\":\"\",\"sku\":\"21334\",\"l2\":\"Buffet\",\"sl\":\"recipient-antiblocage-nsf-grandeur-13-x-6-sagetra-21334\",\"sn\":\"\",\"idxP\":20},{\"mq\":\"Sagetra\",\"nm\":\"R\u00E9cipient antiblocage grandeur 1\\\/9 x 2 1\\\/2\\\"\",\"nme\":\"Anti-Jam Rectangular Pan 1\\\/9 Size 2 1\\\/2\\\" Deep\",\"attr\":\"\",\"sku\":\"21341\",\"l2\":\"Buffet\",\"sl\":\"recipient-antiblocage-grandeur-19-x-2-12-sagetra-21341\",\"sn\":\"\",\"idxP\":29},{\"mq\":\"Sagetra\",\"nm\":\"R\u00E9cipient antiblocage pleine grandeur 1\\\/1 x 6\\\"\",\"nme\":\"Anti-Jam Rectangular Pan Full Size 1\\\/1 x 6\\\"\",\"attr\":\"\",\"sku\":\"21324\",\"l2\":\"Buffet\",\"sl\":\"recipient-antiblocage-pleine-grandeur-11-x-6-sagetra-21324\",\"sn\":\"\",\"idxP\":53},{\"mq\":\"Sagetra\",\"nm\":\"R\u00E9cipient antiblocage grandeur 1\\\/3 x 4\\\"\",\"nme\":\"Anti-Jam Rectangular Pan 1\\\/3 Size 4\\\" Deep\",\"attr\":\"\",\"sku\":\"21333\",\"l2\":\"Buffet\",\"sl\":\"recipient-antiblocage-grandeur-13-x-4-sagetra-21333\",\"sn\":\"\",\"idxP\":24},{\"mq\":\"Sagetra\",\"nm\":\"R\u00E9cipient antiblocage grandeur 1\\\/6 x 6\\\"\",\"nme\":\"Anti-Jam Rectangular Pan 1\\\/6 Size 6\\\" Deep\",\"attr\":\"\",\"sku\":\"21340\",\"l2\":\"Buffet\",\"sl\":\"recipient-antiblocage-grandeur-16-x-6-sagetra-21340\",\"sn\":\"\",\"idxP\":27},{\"mq\":\"Sagetra\",\"nm\":\"R\u00E9cipient perfor\u00E9 antiblocage 1\\\/2  x 1 1\\\/2\\\"\",\"nme\":\"Perforated Anti-Jam Rectang Pan 1\\\/2  x 1 1\\\/2\\\"\",\"attr\":\"\",\"sku\":\"21346\",\"l2\":\"Buffet\",\"sl\":\"recipient-perfore-antiblocage-12-x-1-12-sagetra-21346\",\"sn\":\"\",\"idxP\":10},{\"mq\":\"Sagetra\",\"nm\":\"R\u00E9cipient perfor\u00E9 antiblocage 1\\\/2 x 2 1\\\/2\\\"\",\"nme\":\"Perforated Anti-Jam Rectangle Pan 1\\\/2 x 2 1\\\/2\\\"\",\"attr\":\"\",\"sku\":\"21347\",\"l2\":\"Buffet\",\"sl\":\"recipient-perfore-antiblocage-12-x-2-12-sagetra-21347\",\"sn\":\"\",\"idxP\":15},{\"mq\":\"Sagetra\",\"nm\":\"R\u00E9cipient perfor\u00E9 antiblocage 1\\\/1 x 4\\\"\",\"nme\":\"Perforated Anti-Jam Rectangular 1\\\/1 x 4\\\"\",\"attr\":\"\",\"sku\":\"21352\",\"l2\":\"Buffet\",\"sl\":\"recipient-perfore-antiblocage-11-x-4-sagetra-21352\",\"sn\":\"\",\"idxP\":10},{\"mq\":\"Sagetra\",\"nm\":\"R\u00E9cipient antiblocage demi grandeur 1\\\/2 x 1 1\\\/2\\\"\",\"nme\":\"Anti-Jam Rectangular Pan Half Size 1\\\/2 x 1 1\\\/2\\\"\",\"attr\":\"\",\"sku\":\"21325\",\"l2\":\"Buffet\",\"sl\":\"recipient-antiblocage-demi-grandeur-12-x-1-12-sagetra-21325\",\"sn\":\"\",\"idxP\":24},{\"mq\":\"Sagetra\",\"nm\":\"R\u00E9cipient antiblocage grandeur 1\\\/6 x 4\\\"\",\"nme\":\"Anti-Jam Rectangular Pan 1\\\/6 Size 4\\\" Deep\",\"attr\":\"\",\"sku\":\"21339\",\"l2\":\"Buffet\",\"sl\":\"recipient-antiblocage-grandeur-16-x-4-sagetra-21339\",\"sn\":\"\",\"idxP\":23},{\"mq\":\"Sagetra\",\"nm\":\"R\u00E9cipient antiblocage grandeur 1\\\/9 x 4\\\"\",\"nme\":\"Anti-Jam Rectangular Pan 1\\\/9 Size 4\\\" Deep\",\"attr\":\"\",\"sku\":\"21342\",\"l2\":\"Buffet\",\"sl\":\"recipient-antiblocage-grandeur-19-x-4-sagetra-21342\",\"sn\":\"\",\"idxP\":28},{\"mq\":\"Sagetra\",\"nm\":\"R\u00E9cipient antiblocage pleine grandeur 1\\\/1 x 2 1\\\/2\\\"\",\"nme\":\"Anti-Jam Rectangular Pan Full Size 1\\\/1 x 2 1\\\/2\\\"\",\"attr\":\"\",\"sku\":\"21322\",\"l2\":\"Buffet\",\"sl\":\"recipient-antiblocage-pleine-grandeur-11-x-2-12-sagetra-21322\",\"sn\":\"\",\"idxP\":37},{\"mq\":\"Sagetra\",\"nm\":\"Faux-fond pour r\u00E9cipient grandeur 1\\\/3\",\"nme\":\"False Bottom Food Pan Polycarbonate 1\\\/3\",\"attr\":\"\",\"sku\":\"21345\",\"l2\":\"Buffet\",\"sl\":\"faux-fond-pour-recipient-grandeur-13-sagetra-21345\",\"sn\":\"\",\"idxP\":7},{\"mq\":\"Sagetra\",\"nm\":\"R\u00E9cipient perfor\u00E9 antiblocage 1\\\/2 x 4\\\"\",\"nme\":\"Perforated Anti-Jam Rectangle Pan 1\\\/2 x 4\\\"\",\"attr\":\"\",\"sku\":\"21348\",\"l2\":\"Buffet\",\"sl\":\"recipient-perfore-antiblocage-12-x-4-sagetra-21348\",\"sn\":\"\",\"idxP\":15},{\"mq\":\"Sagetra\",\"nm\":\"R\u00E9cipient perfor\u00E9 antiblocage 1\\\/1 x 1 1\\\/2\\\"\",\"nme\":\"Perforated Anti-Jam Rectangle 1\\\/1 x 1 1\\\/2\\\"\",\"attr\":\"\",\"sku\":\"21350\",\"l2\":\"Buffet\",\"sl\":\"recipient-perfore-antiblocage-11-x-1-12-sagetra-21350\",\"sn\":\"\",\"idxP\":14},{\"mq\":\"Sagetra\",\"nm\":\"Couvercle plein antiblocage grandeur 1\\\/4\",\"nme\":\"Solid Cover Anti-Jam Rectangular Size 1\\\/4\",\"attr\":\"\",\"sku\":\"21355\",\"l2\":\"Buffet\",\"sl\":\"couvercle-plein-antiblocage-grandeur-14-sagetra-21355\",\"sn\":\"\",\"idxP\":15},{\"mq\":\"Sagetra\",\"nm\":\"Couvercle long rainure r\u00E9cipient antiblocage 1\\\/2\",\"nme\":\"Slotted Cover Anti-Jam Rectangular Pan Half Size\",\"attr\":\"\",\"sku\":\"21361\",\"l2\":\"Buffet\",\"sl\":\"couvercle-long-rainure-recipient-antiblocage-12-sagetra-21361\",\"sn\":\"\",\"idxP\":10},{\"mq\":\"Sagetra\",\"nm\":\"R\u00E9cipient antiblocage demi grandeur 1\\\/2 x 2 1\\\/2\\\"\",\"nme\":\"Anti-Jam Rectangular Pan Half Size 1\\\/2 x 2 1\\\/2\\\"\",\"attr\":\"\",\"sku\":\"21327\",\"l2\":\"Buffet\",\"sl\":\"recipient-antiblocage-demi-grandeur-12-x-2-12-sagetra-21327\",\"sn\":\"\",\"idxP\":42},{\"mq\":\"Sagetra\",\"nm\":\"R\u00E9cipient antiblocage grandeur 1\\\/4 x 2 1\\\/2\\\"\",\"nme\":\"Anti-Jam Rectangular 1\\\/4 x 2 1\\\/2\\\"\",\"attr\":\"\",\"sku\":\"21335\",\"l2\":\"Buffet\",\"sl\":\"recipient-antiblocage-grandeur-14-x-2-12-sagetra-21335\",\"sn\":\"\",\"idxP\":20},{\"mq\":\"Sagetra\",\"nm\":\"Couvercle plein r\u00E9cipient antiblocage grandeur 1\\\/9\",\"nme\":\"Solid Cover for Anti-Jam Rextangular Pan 1\\\/9 Size\",\"attr\":\"\",\"sku\":\"21357\",\"l2\":\"Buffet\",\"sl\":\"couvercle-plein-recipient-antiblocage-grandeur-19-sagetra-21357\",\"sn\":\"\",\"idxP\":20},{\"mq\":\"Sagetra\",\"nm\":\"Faux-fond pour r\u00E9cipient grandeur 1\\\/2\",\"nme\":\"False Bottom for Steam Table Pan Half Size 1\\\/2\",\"attr\":\"\",\"sku\":\"21344\",\"l2\":\"Buffet\",\"sl\":\"faux-fond-pour-recipient-grandeur-12-sagetra-21344\",\"sn\":\"\",\"idxP\":11},{\"mq\":\"Sagetra\",\"nm\":\"R\u00E9cipient antiblocage perfor\u00E9 1\\\/2 x 6\\\"\",\"nme\":\"Perforated Anti-Jam Pan 1\\\/2 x 6\\\"\",\"attr\":\"\",\"sku\":\"21349\",\"l2\":\"Buffet\",\"sl\":\"recipient-antiblocage-perfore-12-x-6-sagetra-21349\",\"sn\":\"\",\"idxP\":16},{\"mq\":\"Sagetra\",\"nm\":\"R\u00E9cipient perfor\u00E9 antiblocage 1\\\/1 x 6\\\"\",\"nme\":\"Perforated Anti-Jam Rectangle Pan 1\\\/1 x 6\\\"\",\"attr\":\"\",\"sku\":\"21353\",\"l2\":\"Buffet\",\"sl\":\"recipient-perfore-antiblocage-11-x-6-sagetra-21353\",\"sn\":\"\",\"idxP\":24},{\"mq\":\"Sagetra\",\"nm\":\"Couvercle rainure r\u00E9cipient antiblocage grand 1\\\/9\",\"nme\":\"Slotted Cover for Anti-Jam Rectang.Pan 1\\\/9 Size\",\"attr\":\"\",\"sku\":\"21359\",\"l2\":\"Buffet\",\"sl\":\"couvercle-rainure-recipient-antiblocage-grand-19-sagetra-21359\",\"sn\":\"\",\"idxP\":23},{\"mq\":\"Sagetra\",\"nm\":\"R\u00E9cipient antiblocage grandeur 1\\\/4 x 4\\\"\",\"nme\":\"Anti-Jam Rectangular Pan Size 1\\\/4 x 4\\\"\",\"attr\":\"\",\"sku\":\"21336\",\"l2\":\"Buffet\",\"sl\":\"recipient-antiblocage-grandeur-14-x-4-sagetra-21336\",\"sn\":\"\",\"idxP\":19},{\"mq\":\"Sagetra\",\"nm\":\"Faux-fond pour r\u00E9cipient grandeur 1\\\/1\",\"nme\":\"False Bottom Food Pan Polycarbonate Size 1\\\/1\",\"attr\":\"\",\"sku\":\"21343\",\"l2\":\"Buffet\",\"sl\":\"faux-fond-pour-recipient-grandeur-11-sagetra-21343\",\"sn\":\"\",\"idxP\":15},{\"mq\":\"Sagetra\",\"nm\":\"R\u00E9cipient perfor\u00E9 antiblocage 1\\\/1 x 2 1\\\/2\\\"\",\"nme\":\"Perforated Anti-Jam Rectangle Pan 1\\\/1 x 2 1\\\/2\\\"\",\"attr\":\"\",\"sku\":\"21351\",\"l2\":\"Buffet\",\"sl\":\"recipient-perfore-antiblocage-11-x-2-12-sagetra-21351\",\"sn\":\"\",\"idxP\":13},{\"mq\":\"Sagetra\",\"nm\":\"Bol \u00E0 m\u00E9langer en inox 13 Qt\",\"nme\":\"Stainless Steel Mixing Bowl 13 Qt\",\"attr\":\"\",\"sku\":\"25208\",\"l2\":\"Accessoire de cuisine\",\"sl\":\"bol-a-melanger-en-inox-13-qt-sagetra-25208\",\"sn\":\"\",\"idxP\":24},{\"mq\":\"Sagetra\",\"nm\":\"Conteneur alimentaire NSF 65 litres\",\"nme\":\"65 liter NSF food container\",\"attr\":\"\",\"sku\":\"25203\",\"l2\":\"Contenant et pot\",\"sl\":\"conteneur-alimentaire-nsf-65-litres-sagetra-25203\",\"sn\":\"\",\"idxP\":6},{\"mq\":\"Sagetra\",\"nm\":\"Conteneur alimentaire NSF 12 litres\",\"nme\":\"12 liter NSF food container\",\"attr\":\"\",\"sku\":\"25210\",\"l2\":\"Contenant et pot\",\"sl\":\"conteneur-alimentaire-nsf-12-litres-sagetra-25210\",\"sn\":\"\",\"idxP\":7},{\"mq\":\"Sagetra\",\"nm\":\"Couvercle rainures bac aliment polycarbonate\",\"nme\":\"Slotted Cover Food Pan Polycarbonate Half Size\",\"attr\":\"\",\"sku\":\"25501\",\"l2\":\"Buffet\",\"sl\":\"couvercle-rainures-bac-aliment-polycarbonate-sagetra-25501\",\"sn\":\"\",\"idxP\":7},{\"mq\":\"Sagetra\",\"nm\":\"Couvercle rainure r\u00E9cipient antiblocage grand 1\\\/4\",\"nme\":\"Slotted Cover Food Pan Polycarbonate 1\\\/4 Size\",\"attr\":\"\",\"sku\":\"21358\",\"l2\":\"Buffet\",\"sl\":\"couvercle-rainure-recipient-antiblocage-grand-14-sagetra-21358\",\"sn\":\"\",\"idxP\":17},{\"mq\":\"Sagetra\",\"nm\":\"Conteneur alimentaire rond polycarbonate 12 Qt\",\"nme\":\"Round Polycarbonate Food Storage Container 12 Qt\",\"attr\":\"\",\"sku\":\"25204\",\"l2\":\"Contenant et pot\",\"sl\":\"conteneur-alimentaire-rond-polycarbonate-12-qt-sagetra-25204\",\"sn\":\"\",\"idxP\":10},{\"mq\":\"Sagetra\",\"nm\":\"Conteneur alimentaire NSF 18 litres\",\"nme\":\"18 liter NSF food container\",\"attr\":\"\",\"sku\":\"25211\",\"l2\":\"Contenant et pot\",\"sl\":\"conteneur-alimentaire-nsf-18-litres-sagetra-25211\",\"sn\":\"\",\"idxP\":16},{\"mq\":\"Sagetra\",\"nm\":\"Bol \u00E0 m\u00E9langer en inox 16 Qt\",\"nme\":\"Stainless Steel Mixing Bowl 16 Qt\",\"attr\":\"\",\"sku\":\"25207\",\"l2\":\"Accessoire de cuisine\",\"sl\":\"bol-a-melanger-en-inox-16-qt-sagetra-25207\",\"sn\":\"\",\"idxP\":39},{\"mq\":\"Sagetra\",\"nm\":\"Couvercle \u00E0 rainures r\u00E9cipient antiblocage grandeu\",\"nme\":\"Slotted Cover Food Pan Polycarbonate 1\\\/3 Size\",\"attr\":\"\",\"sku\":\"25492\",\"l2\":\"Buffet\",\"sl\":\"couvercle-a-rainures-recipient-antiblocage-grandeu-sagetra-25492\",\"sn\":\"\",\"idxP\":4},{\"mq\":\"Sagetra\",\"nm\":\"Couvercle plein bac \u00E0 aliment polycarbonate 1\\\/9\",\"nme\":\"Solid Cover Food Pan Polycarbonate 1\\\/9 Size\",\"attr\":\"\",\"sku\":\"25498\",\"l2\":\"Buffet\",\"sl\":\"couvercle-plein-bac-a-aliment-polycarbonate-19-sagetra-25498\",\"sn\":\"\",\"idxP\":17},{\"mq\":\"Sagetra\",\"nm\":\"Conteneur alimentaire polycarbonate rond 2 Qt\",\"nme\":\"Round Polycarbonate Food Storage Container 2 Qt\",\"attr\":\"\",\"sku\":\"25209\",\"l2\":\"Contenant et pot\",\"sl\":\"conteneur-alimentaire-polycarbonate-rond-2-qt-sagetra-25209\",\"sn\":\"\",\"idxP\":10},{\"mq\":\"Sagetra\",\"nm\":\"Couvercle rouge rond en poly\u00E9thyl\u00E8ne\",\"nme\":\"Polyethylene Round Red Cover\",\"attr\":\"\",\"sku\":\"25212\",\"l2\":\"Contenant et pot\",\"sl\":\"couvercle-rouge-rond-en-polyethylene-sagetra-25212\",\"sn\":\"\",\"idxP\":15},{\"mq\":\"Sagetra\",\"nm\":\"Couvercle \u00E0 rainures bac \u00E0 aliment polycarbonate g\",\"nme\":\"Slotted Cover Food Pan Polycarbonate 1\\\/6 Size\",\"attr\":\"\",\"sku\":\"25496\",\"l2\":\"Buffet\",\"sl\":\"couvercle-a-rainures-bac-a-aliment-polycarbonate-g-sagetra-25496\",\"sn\":\"\",\"idxP\":29},{\"mq\":\"Sagetra\",\"nm\":\"Couvercle \u00E0 rainures bac \u00E0 aliment polycarbonate g\",\"nme\":\"Slotted Cover Food Pan Polycarbonate 1\\\/4 Size\",\"attr\":\"\",\"sku\":\"25494\",\"l2\":\"Buffet\",\"sl\":\"couvercle-a-rainures-bac-a-aliment-polycarbonate-g-sagetra-25494\",\"sn\":\"\",\"idxP\":12},{\"mq\":\"Sagetra\",\"nm\":\"Couvercle plein bac \u00E0 aliment polycarbonate 1\\\/2\",\"nme\":\"Solid Cover for Food Pan Polycarbonate Half Size\",\"attr\":\"\",\"sku\":\"25500\",\"l2\":\"Buffet\",\"sl\":\"couvercle-plein-bac-a-aliment-polycarbonate-12-sagetra-25500\",\"sn\":\"\",\"idxP\":7},{\"mq\":\"Sagetra\",\"nm\":\"Bac \u00E0 aliment en polycarb. demi grandeur x2-1\\\/2\\\"\",\"nme\":\"Deep Full Pan Polycarbonate NSF Half Size x 2-1\\\/2\\\"\",\"attr\":\"\",\"sku\":\"25499\",\"l2\":\"Buffet\",\"sl\":\"bac-a-aliment-en-polycarb.-demi-grandeur-x2-12-sagetra-25499\",\"sn\":\"\",\"idxP\":15},{\"mq\":\"Sagetra\",\"nm\":\"Faux-fond 1\\\/4 pleine grandeur plateau \u00E0 vapeur\",\"nme\":\"False Bottom for Steam Table Pan 1\\\/4 Size\",\"attr\":\"\",\"sku\":\"25511\",\"l2\":\"Buffet\",\"sl\":\"faux-fond-14-pleine-grandeur-plateau-a-vapeur-sagetra-25511\",\"sn\":\"\",\"idxP\":9},{\"mq\":\"Sagetra\",\"nm\":\"Faux-fond r\u00E9cipient polycarbonate demi grandeur\",\"nme\":\"False Bottom Food Pan Polycarbonate Half Size\",\"attr\":\"\",\"sku\":\"25532\",\"l2\":\"Buffet\",\"sl\":\"faux-fond-recipient-polycarbonate-demi-grandeur-sagetra-25532\",\"sn\":\"\",\"idxP\":9},{\"mq\":\"Sagetra\",\"nm\":\"Conteneur alimentaire rond polycarbonate 18 Qt\",\"nme\":\"Round Polycarbonate Food Storage Container 18 Qt\",\"attr\":\"\",\"sku\":\"25205\",\"l2\":\"Contenant et pot\",\"sl\":\"conteneur-alimentaire-rond-polycarbonate-18-qt-sagetra-25205\",\"sn\":\"\",\"idxP\":7},{\"mq\":\"Sagetra\",\"nm\":\"Plateau 14 po. antid\u00E9rapant en polypropyl\u00E8ne\",\"nme\":\"Roun14 in tray. non-slip polypropylene\",\"attr\":\"\",\"sku\":\"25530\",\"l2\":\"Vaisselle\",\"sl\":\"plateau-14-po.-antiderapant-en-polypropylene-sagetra-25530\",\"sn\":\"plateau\",\"idxP\":22},{\"mq\":\"Sagetra\",\"nm\":\"Assiette \u00E0 tarte en aluminium 10\\\"\",\"nme\":\"Aluminium Pie Plate 10\\\"\",\"attr\":\"\",\"sku\":\"25533\",\"l2\":\"Accessoire de p\u00E2tisserie\",\"sl\":\"assiette-a-tarte-en-aluminium-10-sagetra-25533\",\"sn\":\"\",\"idxP\":18},{\"mq\":\"Sagetra\",\"nm\":\"Faux-fond r\u00E9cipient polycarbonate grandeur 1\\\/3\",\"nme\":\"False Bottom Food Pan Polycarbonate 1\\\/3 Size\",\"attr\":\"\",\"sku\":\"25510\",\"l2\":\"Buffet\",\"sl\":\"faux-fond-recipient-polycarbonate-grandeur-13-sagetra-25510\",\"sn\":\"\",\"idxP\":11},{\"mq\":\"Sagetra\",\"nm\":\"Assiette \u00E0 tarte en aluminium 9\\\"\",\"nme\":\"Aluminium Pie Plate 9\\\"\",\"attr\":\"\",\"sku\":\"25534\",\"l2\":\"Accessoire de p\u00E2tisserie\",\"sl\":\"assiette-a-tarte-en-aluminium-9-sagetra-25534\",\"sn\":\"\",\"idxP\":17},{\"mq\":\"Sagetra\",\"nm\":\"Couvercle rainure bac \u00E0 aliment polycarbonate\",\"nme\":\"Slotted Cover Food Pan Polycarbonate Full Size\",\"attr\":\"\",\"sku\":\"25509\",\"l2\":\"Buffet\",\"sl\":\"couvercle-rainure-bac-a-aliment-polycarbonate-sagetra-25509\",\"sn\":\"\",\"idxP\":14},{\"mq\":\"Sagetra\",\"nm\":\"Faux-fond r\u00E9cipient polycarbonate grandeur 1\\\/6\",\"nme\":\"False Bottom Food Pan Polycarbonate 1\\\/6 Size\",\"attr\":\"\",\"sku\":\"25514\",\"l2\":\"Buffet\",\"sl\":\"faux-fond-recipient-polycarbonate-grandeur-16-sagetra-25514\",\"sn\":\"\",\"idxP\":10},{\"mq\":\"Dynamic\",\"nm\":\"Essoreuse \u00E0 salade commerciale 20 litres\",\"nme\":\"20L commercial salad spinner\",\"attr\":\"\",\"sku\":\"24096\",\"l2\":\"Accessoire de cuisine\",\"sl\":\"essoreuse-a-salade-commerciale-20-litres-dynamic-24096\",\"sn\":\"\",\"idxP\":7},{\"mq\":\"Sagetra\",\"nm\":\"Couvercle rainure bac \u00E0 aliment polycarbonate 1\\\/9\",\"nme\":\"Slotted Cover Food Pan Polycarbonate 1\\\/9 Size\",\"attr\":\"\",\"sku\":\"25497\",\"l2\":\"Buffet\",\"sl\":\"couvercle-rainure-bac-a-aliment-polycarbonate-19-sagetra-25497\",\"sn\":\"\",\"idxP\":13},{\"mq\":\"Dynamic\",\"nm\":\"Essoreuse \u00E0 salade commerciale 10 litres\",\"nme\":\"10L commercial salad spinner\",\"attr\":\"\",\"sku\":\"24097\",\"l2\":\"Accessoire de cuisine\",\"sl\":\"essoreuse-a-salade-commerciale-10-litres-dynamic-24097\",\"sn\":\"\",\"idxP\":9},{\"mq\":\"Browne\",\"nm\":\"R\u00E9chaud pleine grandeur\",\"nme\":\"Chafer Full Size\",\"attr\":\"\",\"sku\":\"25523\",\"l2\":\"Buffet\",\"sl\":\"rechaud-pleine-grandeur-browne-25523\",\"sn\":\"\",\"idxP\":66},{\"mq\":\"Windsor\",\"nm\":\"Cuill\u00E8re \u00E0 caf\u00E9 118 mm x 1,5 mm\",\"nme\":\"Espresso Spoon\",\"attr\":\"\",\"sku\":\"20600\",\"l2\":\"Ustensile de table\",\"sl\":\"cuillere-a-cafe-118-mm-x-15-mm-windsor-20600\",\"sn\":\"\",\"idxP\":13},{\"mq\":\"Sagetra\",\"nm\":\"Assiette \u00E0 pizza rigide perfor\u00E9e 19\\\"\",\"nme\":\"Perforated Rigid Pizza Pan 19\\\"\",\"attr\":\"\",\"sku\":\"37360\",\"l2\":\"Accessoire pour pizza\",\"sl\":\"assiette-a-pizza-rigide-perforee-19-sagetra-37360\",\"sn\":\"\",\"idxP\":10},{\"mq\":\"Sagetra\",\"nm\":\"Assiette \u00E0 pizza rigide perfor\u00E9e 10\\\"\",\"nme\":\"Perforated Rigid Pizza Pan 10\\\"\",\"attr\":\"\",\"sku\":\"37343\",\"l2\":\"Accessoire pour pizza\",\"sl\":\"assiette-a-pizza-rigide-perforee-10-sagetra-37343\",\"sn\":\"\",\"idxP\":26},{\"mq\":\"Sagetra\",\"nm\":\"Assiette \u00E0 pizza rigide perfor\u00E9e 17\\\"\",\"nme\":\"Perforated Rigid Pizza Pan 17\\\"\",\"attr\":\"\",\"sku\":\"37358\",\"l2\":\"Accessoire pour pizza\",\"sl\":\"assiette-a-pizza-rigide-perforee-17-sagetra-37358\",\"sn\":\"\",\"idxP\":4},{\"mq\":\"Sagetra\",\"nm\":\"Assiette \u00E0 pizza rigide perfor\u00E9e 11\\\"\",\"nme\":\"Perforated Rigid Pizza Pan 11\\\"\",\"attr\":\"\",\"sku\":\"37344\",\"l2\":\"Accessoire pour pizza\",\"sl\":\"assiette-a-pizza-rigide-perforee-11-sagetra-37344\",\"sn\":\"\",\"idxP\":17},{\"mq\":\"Sagetra\",\"nm\":\"Assiette \u00E0 pizza rigide perfor\u00E9e 13\\\"\",\"nme\":\"Perforated Rigid Pizza Pan 11\\\"\",\"attr\":\"\",\"sku\":\"37346\",\"l2\":\"Accessoire pour pizza\",\"sl\":\"assiette-a-pizza-rigide-perforee-13-sagetra-37346\",\"sn\":\"\",\"idxP\":17},{\"mq\":\"Sagetra\",\"nm\":\"Assiette \u00E0 pizza rigide perfor\u00E9e 7\\\"\",\"nme\":\"Perforated Rigid Pizza Pan 7\\\"\",\"attr\":\"\",\"sku\":\"37340\",\"l2\":\"Accessoire pour pizza\",\"sl\":\"assiette-a-pizza-rigide-perforee-7-sagetra-37340\",\"sn\":\"\",\"idxP\":12},{\"mq\":\"Sagetra\",\"nm\":\"Assiette \u00E0 pizza rigide perfor\u00E9e 8\\\"\",\"nme\":\"Perforated Rigid Pizza Pan 8\\\"\",\"attr\":\"\",\"sku\":\"37341\",\"l2\":\"Accessoire pour pizza\",\"sl\":\"assiette-a-pizza-rigide-perforee-8-sagetra-37341\",\"sn\":\"\",\"idxP\":14},{\"mq\":\"Sagetra\",\"nm\":\"Assiette \u00E0 pizza rigide perfor\u00E9e 9\\\"\",\"nme\":\"Perforated Pizza Pan 9\\\"\",\"attr\":\"\",\"sku\":\"37342\",\"l2\":\"Accessoire pour pizza\",\"sl\":\"assiette-a-pizza-rigide-perforee-9-sagetra-37342\",\"sn\":\"\",\"idxP\":10},{\"mq\":\"Sagetra\",\"nm\":\"Assiette \u00E0 pizza rigide perfor\u00E9e 12\\\"\",\"nme\":\"Perforated Rigid Pizza Pan 12\\\"\",\"attr\":\"\",\"sku\":\"37345\",\"l2\":\"Accessoire pour pizza\",\"sl\":\"assiette-a-pizza-rigide-perforee-12-sagetra-37345\",\"sn\":\"\",\"idxP\":34},{\"mq\":\"Sagetra\",\"nm\":\"Assiette \u00E0 pizza rigide perfor\u00E9e 18\\\"\",\"nme\":\"Perforated Pizza Pan 18\\\"\",\"attr\":\"\",\"sku\":\"37359\",\"l2\":\"Accessoire pour pizza\",\"sl\":\"assiette-a-pizza-rigide-perforee-18-sagetra-37359\",\"sn\":\"\",\"idxP\":15},{\"mq\":\"Sagetra\",\"nm\":\"Bol \u00E0 m\u00E9langer profond en acier inoxydable 1.5L\",\"nme\":\"Deep Stainless Steel Mixing Bowl 1.5 L\",\"attr\":\"\",\"sku\":\"21501\",\"l2\":\"Accessoire de cuisine\",\"sl\":\"bol-a-melanger-profond-en-acier-inoxydable-1.5l-sagetra-21501\",\"sn\":\"\",\"idxP\":34},{\"mq\":\"Sagetra\",\"nm\":\"Bol \u00E0 m\u00E9langer profond en acier inoxydable 5L\",\"nme\":\"Stainless Steel Deep Mixing Bowl 5 L\",\"attr\":\"\",\"sku\":\"21503\",\"l2\":\"Accessoire de cuisine\",\"sl\":\"bol-a-melanger-profond-en-acier-inoxydable-5l-sagetra-21503\",\"sn\":\"\",\"idxP\":38},{\"mq\":\"Kayali\",\"nm\":\"Bol \u00E0 p\u00E2te 10.5\\\"\",\"nme\":\"Pasta Bowl 10.5\\\"\",\"attr\":\"\",\"sku\":\"21276\",\"l2\":\"Vaisselle\",\"sl\":\"bol-a-pate-10.5-kayali-21276\",\"sn\":\"\",\"idxP\":17},{\"mq\":\"Kayali\",\"nm\":\"Bol \u00E0 p\u00E2te 11.5\\\"\",\"nme\":\"Pasta Bowl 11.5\\\"\",\"attr\":\"\",\"sku\":\"21277\",\"l2\":\"Vaisselle\",\"sl\":\"bol-a-pate-11.5-kayali-21277\",\"sn\":\"\",\"idxP\":16},{\"mq\":\"Sagetra\",\"nm\":\"Bol \u00E0 m\u00E9langer profond en acier inoxydable 8L\",\"nme\":\"Stainless Steel Deep Mixing Bowl 8 L\",\"attr\":\"\",\"sku\":\"21504\",\"l2\":\"Accessoire de cuisine\",\"sl\":\"bol-a-melanger-profond-en-acier-inoxydable-8l-sagetra-21504\",\"sn\":\"\",\"idxP\":30},{\"mq\":\"Kayali\",\"nm\":\"Verre \u00E0 vin pour d\u00E9gustation 7 1\\\/4'\",\"nme\":\"Wine Tasting Glass 7 1\\\/4\\\" x6\",\"attr\":\"\",\"sku\":\"21507\",\"l2\":\"Verrerie\",\"sl\":\"verre-a-vin-pour-degustation-7-14-kayali-21507\",\"sn\":\"\",\"idxP\":5},{\"mq\":\"Sagetra\",\"nm\":\"Bol \u00E0 m\u00E9langer profond en acier inoxydable 3L\",\"nme\":\"Stainless Steel Deep Mixing Bowl 3 L\",\"attr\":\"\",\"sku\":\"21502\",\"l2\":\"Accessoire de cuisine\",\"sl\":\"bol-a-melanger-profond-en-acier-inoxydable-3l-sagetra-21502\",\"sn\":\"\",\"idxP\":35},{\"mq\":\"Sagetra\",\"nm\":\"Bol \u00E0 m\u00E9langer profond inox\",\"nme\":\"Stainless Steel Mixing Bowl 12 L\",\"attr\":\"\",\"sku\":\"21508\",\"l2\":\"Accessoire de cuisine\",\"sl\":\"bol-a-melanger-profond-inox-sagetra-21508\",\"sn\":\"\",\"idxP\":37},{\"mq\":\"Oxo Danesco\",\"nm\":\"Chalumeau \u00E0 cuisson\",\"nme\":\"Cooking Torch\",\"attr\":\"\",\"sku\":\"22969\",\"l2\":\"Accessoire de p\u00E2tisserie\",\"sl\":\"chalumeau-a-cuisson-oxo-danesco-22969\",\"sn\":\"\",\"idxP\":23},{\"mq\":\"Sagetra\",\"nm\":\"Plat Coquille St-Jacques c\u00E9ramique blanc 7-1\\\/4oz\",\"nme\":\"Baking Shell White Ceramic 7 1\\\/4 oz\",\"attr\":\"\",\"sku\":\"25683\",\"l2\":\"Service de table\",\"sl\":\"plat-coquille-st-jacques-ceramique-blanc-7-14oz-sagetra-25683\",\"sn\":\"\",\"idxP\":38},{\"mq\":\"Sagetra\",\"nm\":\"Bol de soupe \u00E0 l'oignon en c\u00E9ramique brune 8 oz\",\"nme\":\"Onion Soup Bowl Brown Ceramic 8 oz\",\"attr\":\"\",\"sku\":\"25675\",\"l2\":\"Vaisselle\",\"sl\":\"bol-de-soupe-a-loignon-en-ceramique-brune-8-oz-sagetra-25675\",\"sn\":\"onions, oignons\",\"idxP\":24},{\"mq\":\"Sagetra\",\"nm\":\"Plat \u00E0 gratin en porcelaine 15 oz\",\"nme\":\"Ceramic Gratin Dish 15 oz\",\"attr\":\"\",\"sku\":\"25685\",\"l2\":\"Service de table\",\"sl\":\"plat-a-gratin-en-porcelaine-15-oz-sagetra-25685\",\"sn\":\"\",\"idxP\":22},{\"mq\":\"Sagetra\",\"nm\":\"Plat \u00E0 gratin en porcelaine 6 1\\\/2 oz\",\"nme\":\"Ceramic Gratin Dish 6 1\\\/2 oz\",\"attr\":\"\",\"sku\":\"25684\",\"l2\":\"Service de table\",\"sl\":\"plat-a-gratin-en-porcelaine-6-12-oz-sagetra-25684\",\"sn\":\"\",\"idxP\":9},{\"mq\":\"Sagetra\",\"nm\":\"Ramequin blanc en c\u00E9ramique 4 oz\",\"nme\":\"White Ceramic Ramekin 4 oz\",\"attr\":\"\",\"sku\":\"25691\",\"l2\":\"Vaisselle\",\"sl\":\"ramequin-blanc-en-ceramique-4-oz-sagetra-25691\",\"sn\":\"\",\"idxP\":32},{\"mq\":\"Sagetra\",\"nm\":\"Bol \u00E0 m\u00E9langer profond en acier inoxydable 0.5L\",\"nme\":\"Deep Mixing Bowl 0.5 L\",\"attr\":\"\",\"sku\":\"21500\",\"l2\":\"Accessoire de cuisine\",\"sl\":\"bol-a-melanger-profond-en-acier-inoxydable-0.5l-sagetra-21500\",\"sn\":\"\",\"idxP\":32},{\"mq\":\"Sagetra\",\"nm\":\"Wok chinois avec poign\u00E9e en bois 16\\\" \\\/ 40 cm\",\"nme\":\"Chinese Wok with Wood Handle 16\\\" \\\/ 40 cm\",\"attr\":\"\",\"sku\":\"25693\",\"l2\":\"Batterie de cuisine\",\"sl\":\"wok-chinois-avec-poignee-en-bois-16-40-cm-sagetra-25693\",\"sn\":\"\",\"idxP\":8},{\"mq\":\"Sagetra\",\"nm\":\"Bol de soupe \u00E0 l'oignon en c\u00E9ramique blanche 12 o\",\"nme\":\"Onion Soup Bowl White Ceramic 12 oz\",\"attr\":\"\",\"sku\":\"25681\",\"l2\":\"Vaisselle\",\"sl\":\"bol-de-soupe-a-loignon-en-ceramique-blanche-12-o-sagetra-25681\",\"sn\":\"onions, oignons\",\"idxP\":26},{\"mq\":\"Sagetra\",\"nm\":\"Ramequin blanc en c\u00E9ramique 10 oz\",\"nme\":\"White Ceramic Ramekin 10 oz\",\"attr\":\"\",\"sku\":\"25687\",\"l2\":\"Vaisselle\",\"sl\":\"ramequin-blanc-en-ceramique-10-oz-sagetra-25687\",\"sn\":\"\",\"idxP\":24},{\"mq\":\"Sagetra\",\"nm\":\"Plat Coquille St-Jacques c\u00E9ramique blanc 6-1\\\/4oz\",\"nme\":\"Baking Shell White Ceramic 6 1\\\/4 oz\",\"attr\":\"\",\"sku\":\"25682\",\"l2\":\"Service de table\",\"sl\":\"plat-coquille-st-jacques-ceramique-blanc-6-14oz-sagetra-25682\",\"sn\":\"\",\"idxP\":23},{\"mq\":\"Sagetra\",\"nm\":\"Wok chinois avec poign\u00E9e en bois 12'' \\\/ 30 cm\",\"nme\":\"Chinese Wok with Wood Handle 12'' \\\/ 30 cm\",\"attr\":\"\",\"sku\":\"25695\",\"l2\":\"Batterie de cuisine\",\"sl\":\"wok-chinois-avec-poignee-en-bois-12-30-cm-sagetra-25695\",\"sn\":\"\",\"idxP\":12},{\"mq\":\"Trudeau\",\"nm\":\"Pince \u00E0 fruits de mer\",\"nme\":\"Sea Food Cracker\",\"attr\":\"\",\"sku\":\"21813\",\"l2\":\"Ustensile de table\",\"sl\":\"pince-a-fruits-de-mer-trudeau-21813\",\"sn\":\"\",\"idxP\":18},{\"mq\":\"Sagetra\",\"nm\":\"Bol de soupe \u00E0 l'oignon en c\u00E9ramique brune 12 oz\",\"nme\":\"Onion Soup Bowl Brown Ceramic 12 oz\",\"attr\":\"\",\"sku\":\"25680\",\"l2\":\"Vaisselle\",\"sl\":\"bol-de-soupe-a-loignon-en-ceramique-brune-12-oz-sagetra-25680\",\"sn\":\"onions, oignons\",\"idxP\":22},{\"mq\":\"Trudeau\",\"nm\":\"Bouteille en vitre transparent 50cl\",\"nme\":\"Clear Glass Bottle 50cl\",\"attr\":\"\",\"sku\":\"20890\",\"l2\":\"Service de table\",\"sl\":\"bouteille-en-vitre-transparent-50cl-trudeau-20890\",\"sn\":\"transparent\",\"idxP\":28},{\"mq\":\"Trudeau\",\"nm\":\"Ciseaux \u00E0 fruits de mer\",\"nme\":\"Sea Food Shears\",\"attr\":\"\",\"sku\":\"21816\",\"l2\":\"Ustensiles et accessoires\",\"sl\":\"ciseaux-a-fruits-de-mer-trudeau-21816\",\"sn\":\"\",\"idxP\":19},{\"mq\":\"Trudeau\",\"nm\":\"Bouteille d'huile 10 oz \\\/ 282 ml\",\"nme\":\"Oil Bottle 10 oz \\\/ 282 ml\",\"attr\":\"\",\"sku\":\"21924\",\"l2\":\"Service de table\",\"sl\":\"bouteille-dhuile-10-oz-282-ml-trudeau-21924\",\"sn\":\"\",\"idxP\":15},{\"mq\":\"Sagetra\",\"nm\":\"Ramequin blanc en c\u00E9ramique 5 oz\",\"nme\":\"White Ceramic Ramekin 5 oz\",\"attr\":\"\",\"sku\":\"25688\",\"l2\":\"Vaisselle\",\"sl\":\"ramequin-blanc-en-ceramique-5-oz-sagetra-25688\",\"sn\":\"\",\"idxP\":40},{\"mq\":\"Sagetra\",\"nm\":\"Wok chinois avec poign\u00E9e en bois 14'' \\\/ 36 cm\",\"nme\":\"Chinese Wok with Wood Handle 14'' \\\/ 36 cm\",\"attr\":\"\",\"sku\":\"25694\",\"l2\":\"Batterie de cuisine\",\"sl\":\"wok-chinois-avec-poignee-en-bois-14-36-cm-sagetra-25694\",\"sn\":\"\",\"idxP\":10},{\"mq\":\"Trudeau\",\"nm\":\"Ensemble de 2 pics \u00E0 fruits de mer\",\"nme\":\"Seafood Service Two Sticks Set\",\"attr\":\"\",\"sku\":\"21812\",\"l2\":\"Ustensile de table\",\"sl\":\"ensemble-de-2-pics-a-fruits-de-mer-trudeau-21812\",\"sn\":\"\",\"idxP\":25},{\"mq\":\"Adamo\",\"nm\":\"Pique-p\u00E2te en plastique\",\"nme\":\"Pastic Paste Pick\",\"attr\":\"\",\"sku\":\"26063\",\"l2\":\"Accessoire de p\u00E2tisserie\",\"sl\":\"pique-pate-en-plastique-adamo-26063\",\"sn\":\"\",\"idxP\":18},{\"mq\":\"Sagetra\",\"nm\":\"Plat \u00E0 gratin en porcelaine 12 oz\",\"nme\":\"Ceramic Gratin Dish 12 oz\",\"attr\":\"\",\"sku\":\"25686\",\"l2\":\"Service de table\",\"sl\":\"plat-a-gratin-en-porcelaine-12-oz-sagetra-25686\",\"sn\":\"\",\"idxP\":20},{\"mq\":\"Adamo\",\"nm\":\"Entonnoir en acier 14,3 cm\",\"nme\":\"Steel Funnel 14.3 cm\",\"attr\":\"\",\"sku\":\"26056\",\"l2\":\"Ustensiles et accessoires\",\"sl\":\"entonnoir-en-acier-143-cm-adamo-26056\",\"sn\":\"\",\"idxP\":15},{\"mq\":\"Trudeau\",\"nm\":\"Ciseaux de cuisine d\u00E9tachables noires\",\"nme\":\"Detachable Kitchen Shears\",\"attr\":\"\",\"sku\":\"26860\",\"l2\":\"Ustensiles et accessoires\",\"sl\":\"ciseaux-de-cuisine-detachables-noires-trudeau-26860\",\"sn\":\"\",\"idxP\":11},{\"mq\":\"Adamo\",\"nm\":\"Moule \u00E0 beigne en acier\",\"nme\":\"Steel Donut Mold\",\"attr\":\"\",\"sku\":\"26066\",\"l2\":\"Accessoire de p\u00E2tisserie\",\"sl\":\"moule-a-beigne-en-acier-adamo-26066\",\"sn\":\"moules\",\"idxP\":13},{\"mq\":\"Adamo\",\"nm\":\"Machine \u00E0 tomate manuelle\",\"nme\":\"Manual Tomato Machine\",\"attr\":\"\",\"sku\":\"26068\",\"l2\":\"Ustensile de table\",\"sl\":\"machine-a-tomate-manuelle-adamo-26068\",\"sn\":\"tomates\",\"idxP\":9},{\"mq\":\"Trudeau\",\"nm\":\"Assiette \u00E0 dessert Parma 20 cm\",\"nme\":\"Parma Dessert Plate 20 cm\",\"attr\":\"\",\"sku\":\"26209\",\"l2\":\"Vaisselle\",\"sl\":\"assiette-a-dessert-parma-20-cm-trudeau-26209\",\"sn\":\"\",\"idxP\":35},{\"mq\":\"Adamo\",\"nm\":\"Tubes \u00E0 canoli 14cm\",\"nme\":\"Pastry Canoli Tubes 14cm\",\"attr\":\"\",\"sku\":\"26062\",\"l2\":\"Accessoire de p\u00E2tisserie\",\"sl\":\"tubes-a-canoli-14cm-adamo-26062\",\"sn\":\"\",\"idxP\":14},{\"mq\":\"Trudeau\",\"nm\":\"Petit bol Parma\",\"nme\":\"Parma Small Bowl\",\"attr\":\"\",\"sku\":\"26208\",\"l2\":\"Vaisselle\",\"sl\":\"petit-bol-parma-trudeau-26208\",\"sn\":\"\",\"idxP\":37},{\"mq\":\"Kayali\",\"nm\":\"Assiette rectangle 14x6\\\"\",\"nme\":\"Rectangular Plate 14\\\"x6\\\"\",\"attr\":\"\",\"sku\":\"26986\",\"l2\":\"Vaisselle\",\"sl\":\"assiette-rectangle-14x6-kayali-26986\",\"sn\":\"\",\"idxP\":17},{\"mq\":\"Trudeau\",\"nm\":\"Moulin \u00E0 poivre S\u00E9ville 25 cm\",\"nme\":\"Pepper Mill 25 cm\",\"attr\":\"\",\"sku\":\"37720\",\"l2\":\"Service de table\",\"sl\":\"moulin-a-poivre-seville-25-cm-trudeau-37720\",\"sn\":\"\",\"idxP\":27},{\"mq\":\"Sagetra\",\"nm\":\"Ramequin blanc en c\u00E9ramique 3 oz\",\"nme\":\"White Ceramic Ramekin 3 oz\",\"attr\":\"\",\"sku\":\"25692\",\"l2\":\"Vaisselle\",\"sl\":\"ramequin-blanc-en-ceramique-3-oz-sagetra-25692\",\"sn\":\"\",\"idxP\":44},{\"mq\":\"Kayali\",\"nm\":\"Bol \u00E0 hors d'oeuvre rond et cuill\u00E8re porcelaine\",\"nme\":\"Porcelain Round Bowl with Spoon 2.25\\\"\",\"attr\":\"\",\"sku\":\"34699\",\"l2\":\"Vaisselle\",\"sl\":\"bol-a-hors-doeuvre-rond-et-cuillere-porcelaine-kayali-34699\",\"sn\":\"\",\"idxP\":32},{\"mq\":\"Kayali\",\"nm\":\"Cuill\u00E8re \u00E0 soupe Fillet\",\"nme\":\"Fillet Soup Spoon\",\"attr\":\"\",\"sku\":\"38559\",\"l2\":\"Ustensile de table\",\"sl\":\"cuillere-a-soupe-fillet-kayali-38559\",\"sn\":\"\",\"idxP\":23},{\"mq\":\"Kayali\",\"nm\":\"Sali\u00E8re et poivri\u00E8re en verre\",\"nme\":\"Glass Salt and Pepper Dispensers\",\"attr\":\"\",\"sku\":\"38571\",\"l2\":\"Service de table\",\"sl\":\"saliere-et-poivriere-en-verre-kayali-38571\",\"sn\":\"\",\"idxP\":62},{\"mq\":\"Kayali\",\"nm\":\"Couteau \u00E0 steak\",\"nme\":\"Steak Knife\",\"attr\":\"\",\"sku\":\"39583\",\"l2\":\"Ustensile de table\",\"sl\":\"couteau-a-steak-kayali-39583\",\"sn\":\"\",\"idxP\":30},{\"mq\":\"Kayali\",\"nm\":\"Contenant plastique rectangulaire haut 1,6 L\",\"nme\":\"High Side Rectangular Plastic Container 1.6 L\",\"attr\":\"\",\"sku\":\"39599\",\"l2\":\"Contenant et pot\",\"sl\":\"contenant-plastique-rectangulaire-haut-16-l-kayali-39599\",\"sn\":\"\",\"idxP\":16},{\"mq\":\"Trudeau\",\"nm\":\"Vaporiseur d'huile 282 ml\",\"nme\":\"Oil Spray Bottle 10 oz \\\/ 282 ml\",\"attr\":\"\",\"sku\":\"31133\",\"l2\":\"Service de table\",\"sl\":\"vaporiseur-dhuile-282-ml-trudeau-31133\",\"sn\":\"\",\"idxP\":19},{\"mq\":\"Trudeau\",\"nm\":\"Moulin \u00E0 poivre et \u00E0 sel S\u00E9ville 15 cm\",\"nme\":\"S\u00E9ville Pepper and Salt Mills 15 cm\",\"attr\":\"\",\"sku\":\"37729\",\"l2\":\"Service de table\",\"sl\":\"moulin-a-poivre-et-a-sel-seville-15-cm-trudeau-37729\",\"sn\":\"\",\"idxP\":11},{\"mq\":\"Trudeau\",\"nm\":\"Pichet linea avec couvercle\",\"nme\":\"Linea Jug 1.8 L\",\"attr\":\"\",\"sku\":\"25127\",\"l2\":\"Service de table\",\"sl\":\"pichet-linea-avec-couvercle-trudeau-25127\",\"sn\":\"\",\"idxP\":22},{\"mq\":\"Adamo\",\"nm\":\"Douille de d\u00E9coration \u00E0 g\u00E2teau\",\"nme\":\"Cake Decoration Tubes\",\"attr\":\"\",\"sku\":\"26064\",\"l2\":\"Accessoire de p\u00E2tisserie\",\"sl\":\"douille-de-decoration-a-gateau-adamo-26064\",\"sn\":\"\",\"idxP\":18},{\"mq\":\"Kayali\",\"nm\":\"Assiette rectangulaire en porcelaine 14\\\"x6\\\"\",\"nme\":\"Rectangular Porcelain Plate 14\\\"x6\\\"\",\"attr\":\"\",\"sku\":\"35007\",\"l2\":\"Vaisselle\",\"sl\":\"assiette-rectangulaire-en-porcelaine-14x6-kayali-35007\",\"sn\":\"\",\"idxP\":37},{\"mq\":\"Kayali\",\"nm\":\"Bol de soupe \u00E0 l'oignon\",\"nme\":\"Soup Bowl Onion\",\"attr\":\"\",\"sku\":\"38542\",\"l2\":\"Vaisselle\",\"sl\":\"bol-de-soupe-a-loignon-kayali-38542\",\"sn\":\"onions, oignons\",\"idxP\":44},{\"mq\":\"Kayali\",\"nm\":\"Cuill\u00E8re \u00E0 soupe Resto\",\"nme\":\"Resto Soup Spoon\",\"attr\":\"\",\"sku\":\"38560\",\"l2\":\"Ustensile de table\",\"sl\":\"cuillere-a-soupe-resto-kayali-38560\",\"sn\":\"\",\"idxP\":24},{\"mq\":\"Kayali\",\"nm\":\"Fourchette \u00E0 d\u00EEner Resto\",\"nme\":\"Resto Dinner Fork\",\"attr\":\"\",\"sku\":\"38575\",\"l2\":\"Ustensile de table\",\"sl\":\"fourchette-a-diner-resto-kayali-38575\",\"sn\":\"\",\"idxP\":10},{\"mq\":\"Trudeau\",\"nm\":\"Moulins \u00E0 poivre et \u00E0 sel Alexa 18 cm\",\"nme\":\"Alexa Pepper and Salt Mills 18 cm\",\"attr\":\"\",\"sku\":\"37728\",\"l2\":\"Service de table\",\"sl\":\"moulins-a-poivre-et-a-sel-alexa-18-cm-trudeau-37728\",\"sn\":\"\",\"idxP\":18},{\"mq\":\"Kayali\",\"nm\":\"Beurrier en porcelaine 1lb\",\"nme\":\"Porcelaine Butter Dish 1lb\",\"attr\":\"\",\"sku\":\"38515\",\"l2\":\"Service de table\",\"sl\":\"beurrier-en-porcelaine-1lb-kayali-38515\",\"sn\":\"\",\"idxP\":28},{\"mq\":\"Kayali\",\"nm\":\"Cuill\u00E8re \u00E0 caf\u00E9 Fillet\",\"nme\":\"Fillet Coffee Spoon\",\"attr\":\"\",\"sku\":\"38555\",\"l2\":\"Ustensile de table\",\"sl\":\"cuillere-a-cafe-fillet-kayali-38555\",\"sn\":\"\",\"idxP\":31},{\"mq\":\"Trudeau\",\"nm\":\"Assiette \u00E0 d\u00EEner Parma 27 cm\",\"nme\":\"Parma Dinner Plate 27 cm\",\"attr\":\"\",\"sku\":\"26210\",\"l2\":\"Vaisselle\",\"sl\":\"assiette-a-diner-parma-27-cm-trudeau-26210\",\"sn\":\"\",\"idxP\":58},{\"mq\":\"Kayali\",\"nm\":\"Tasse en porcelaine 8 oz \\\/ 236 ml\",\"nme\":\"Porcelain Mug 8 oz \\\/ 236 ml\",\"attr\":\"\",\"sku\":\"35626\",\"l2\":\"Vaisselle\",\"sl\":\"tasse-en-porcelaine-8-oz-236-ml-kayali-35626\",\"sn\":\"\",\"idxP\":18},{\"mq\":\"Kayali\",\"nm\":\"Couteau de table\",\"nme\":\"Dinner Knife\",\"attr\":\"\",\"sku\":\"38551\",\"l2\":\"Couteau de chef\",\"sl\":\"couteau-de-table-kayali-38551\",\"sn\":\"\",\"idxP\":30},{\"mq\":\"Kayali\",\"nm\":\"Cuill\u00E8re \u00E0 th\u00E9 Fillet\",\"nme\":\"Fillet Tea Spoon\",\"attr\":\"\",\"sku\":\"38561\",\"l2\":\"Ustensile de table\",\"sl\":\"cuillere-a-the-fillet-kayali-38561\",\"sn\":\"\",\"idxP\":20},{\"mq\":\"Kayali\",\"nm\":\"Fourchette \u00E0 salade\",\"nme\":\"Fourchette \u00E0 salade dans un filet de luxe\",\"attr\":\"\",\"sku\":\"38577\",\"l2\":\"Ustensile de table\",\"sl\":\"fourchette-a-salade-kayali-38577\",\"sn\":\"\",\"idxP\":20},{\"mq\":\"Kayali\",\"nm\":\"Plat \u00E0 escargot\",\"nme\":\"Snails Plate\",\"attr\":\"\",\"sku\":\"39588\",\"l2\":\"Service de table\",\"sl\":\"plat-a-escargot-kayali-39588\",\"sn\":\"\",\"idxP\":59},{\"mq\":\"Trudeau\",\"nm\":\"Moulin \u00E0 poivre \u00E0 piles 15 cm \\\/ 6\\\"\",\"nme\":\"Pepper Mill with Battery 15 cm \\\/ 6\\\"\",\"attr\":\"\",\"sku\":\"37735\",\"l2\":\"Service de table\",\"sl\":\"moulin-a-poivre-a-piles-15-cm-6-trudeau-37735\",\"sn\":\"\",\"idxP\":14},{\"mq\":\"Kayali\",\"nm\":\"Cuill\u00E8re \u00E0 th\u00E9 Resto\",\"nme\":\"Resto Tea Spoon\",\"attr\":\"\",\"sku\":\"38562\",\"l2\":\"Ustensile de table\",\"sl\":\"cuillere-a-the-resto-kayali-38562\",\"sn\":\"\",\"idxP\":19},{\"mq\":\"Kayali\",\"nm\":\"Plat en porcelaine rectangulaire 12\\\"x5\\\"\",\"nme\":\"Porcelain Rectangular Plate 12\\\"x5\\\"\",\"attr\":\"\",\"sku\":\"39589\",\"l2\":\"Service de table\",\"sl\":\"plat-en-porcelaine-rectangulaire-12x5-kayali-39589\",\"sn\":\"\",\"idxP\":24},{\"mq\":\"Kayali\",\"nm\":\"Fourchette \u00E0 d\u00EEner Fillet\",\"nme\":\"Fillet Dinner Fork\",\"attr\":\"\",\"sku\":\"38574\",\"l2\":\"Ustensile de table\",\"sl\":\"fourchette-a-diner-fillet-kayali-38574\",\"sn\":\"\",\"idxP\":14},{\"mq\":\"Kayali\",\"nm\":\"Fourchette \u00E0 salade Resto\",\"nme\":\"Resto Salad Fork\",\"attr\":\"\",\"sku\":\"39581\",\"l2\":\"Ustensile de table\",\"sl\":\"fourchette-a-salade-resto-kayali-39581\",\"sn\":\"\",\"idxP\":25}], [{\"mq\":\"Kayali\",\"nm\":\"3 Contenants plastiques carr\u00E9s 170 ml\",\"nme\":\"3 Square Plastic Containers 170 ml\",\"attr\":\"\",\"sku\":\"39594\",\"l2\":\"Contenant et pot\",\"sl\":\"3-contenants-plastiques-carres-170-ml-kayali-39594\",\"sn\":\"\",\"idxP\":24},{\"mq\":\"Kayali\",\"nm\":\"Contenant rond pour four\",\"nme\":\"Round Owen Container 400 ml\",\"attr\":\"\",\"sku\":\"39593\",\"l2\":\"Contenant et pot\",\"sl\":\"contenant-rond-pour-four-kayali-39593\",\"sn\":\"\",\"idxP\":11},{\"mq\":\"Kayali\",\"nm\":\"Contenant plastique rectangulaire haut 2 L\",\"nme\":\"High Side Rectangular Plastic Container 2 L\",\"attr\":\"\",\"sku\":\"39600\",\"l2\":\"Contenant et pot\",\"sl\":\"contenant-plastique-rectangulaire-haut-2-l-kayali-39600\",\"sn\":\"\",\"idxP\":6},{\"mq\":\"Kayali\",\"nm\":\"Contenant plastique rectangulaire 500 ml\",\"nme\":\"Rectangular Plastic Container 500 ml\",\"attr\":\"\",\"sku\":\"39607\",\"l2\":\"Contenant et pot\",\"sl\":\"contenant-plastique-rectangulaire-500-ml-kayali-39607\",\"sn\":\"\",\"idxP\":25},{\"mq\":\"Kayali\",\"nm\":\"Couteau de table Retro\",\"nme\":\"Retro Dinner Knife\",\"attr\":\"\",\"sku\":\"38552\",\"l2\":\"Couteau de chef\",\"sl\":\"couteau-de-table-retro-kayali-38552\",\"sn\":\"\",\"idxP\":28},{\"mq\":\"Kayali\",\"nm\":\"Contenant plastique rectangulaire 2,5 L\",\"nme\":\"Rectangular Plastic Container 2.5 L\",\"attr\":\"\",\"sku\":\"39601\",\"l2\":\"Contenant et pot\",\"sl\":\"contenant-plastique-rectangulaire-25-l-kayali-39601\",\"sn\":\"\",\"idxP\":25},{\"mq\":\"Kayali\",\"nm\":\"Contenant plastique rectangulaire 900 ml\",\"nme\":\"Rectangular Plastic Container 900 ml\",\"attr\":\"\",\"sku\":\"39608\",\"l2\":\"Contenant et pot\",\"sl\":\"contenant-plastique-rectangulaire-900-ml-kayali-39608\",\"sn\":\"\",\"idxP\":23},{\"mq\":\"Kayali\",\"nm\":\"Sali\u00E8re et poivri\u00E8re en acier inoxydable\",\"nme\":\"Stainless Steel Salt and Pepper Shakers\",\"attr\":\"\",\"sku\":\"39591\",\"l2\":\"Service de table\",\"sl\":\"saliere-et-poivriere-en-acier-inoxydable-kayali-39591\",\"sn\":\"\",\"idxP\":36},{\"mq\":\"Kayali\",\"nm\":\"Contenant plastique rond haut 800 ml\",\"nme\":\"High Side Round Plastic Container 800 ml\",\"attr\":\"\",\"sku\":\"39612\",\"l2\":\"Contenant et pot\",\"sl\":\"contenant-plastique-rond-haut-800-ml-kayali-39612\",\"sn\":\"\",\"idxP\":15},{\"mq\":\"Kayali\",\"nm\":\"Assiette \u00E0 d\u00EEner 10.5\\\"\",\"nme\":\"Dinner Plate 10.5\\\"\",\"attr\":\"\",\"sku\":\"49387\",\"l2\":\"Vaisselle\",\"sl\":\"assiette-a-diner-10.5-kayali-49387\",\"sn\":\"\",\"idxP\":46},{\"mq\":\"Kayali\",\"nm\":\"Contenant plastique carr\u00E9 1,2 L\",\"nme\":\"Square Plastic Container 1.2 L\",\"attr\":\"\",\"sku\":\"39596\",\"l2\":\"Contenant et pot\",\"sl\":\"contenant-plastique-carre-12-l-kayali-39596\",\"sn\":\"\",\"idxP\":22},{\"mq\":\"Kayali\",\"nm\":\"Contenant plastique carr\u00E9 2 L\",\"nme\":\"Square Plastic Container 2 L\",\"attr\":\"\",\"sku\":\"39603\",\"l2\":\"Contenant et pot\",\"sl\":\"contenant-plastique-carre-2-l-kayali-39603\",\"sn\":\"\",\"idxP\":14},{\"mq\":\"Kayali\",\"nm\":\"Contenant plastique pour sandwich 600 ml\",\"nme\":\"Sandwich Plastic Container 600 ml\",\"attr\":\"\",\"sku\":\"39611\",\"l2\":\"Contenant et pot\",\"sl\":\"contenant-plastique-pour-sandwich-600-ml-kayali-39611\",\"sn\":\"\",\"idxP\":23},{\"mq\":\"Kayali\",\"nm\":\"Contenant plastique rectangulaire 1,5 L\",\"nme\":\"Rectangular Plastic Container 1.5 L\",\"attr\":\"\",\"sku\":\"39598\",\"l2\":\"Contenant et pot\",\"sl\":\"contenant-plastique-rectangulaire-15-l-kayali-39598\",\"sn\":\"\",\"idxP\":16},{\"mq\":\"Kayali\",\"nm\":\"Contenant plastique rectangulaire haut 430 ml\",\"nme\":\"High Side Rectangular Plastic Container 430 ml\",\"attr\":\"\",\"sku\":\"39605\",\"l2\":\"Contenant et pot\",\"sl\":\"contenant-plastique-rectangulaire-haut-430-ml-kayali-39605\",\"sn\":\"\",\"idxP\":12},{\"mq\":\"Kayali\",\"nm\":\"Contenant plastique carr\u00E9 700 ml\",\"nme\":\"Square Plastic Container 700 ml\",\"attr\":\"\",\"sku\":\"39610\",\"l2\":\"Contenant et pot\",\"sl\":\"contenant-plastique-carre-700-ml-kayali-39610\",\"sn\":\"\",\"idxP\":20},{\"mq\":\"Kayali\",\"nm\":\"Contenant plastique carr\u00E9 3 L\",\"nme\":\"Square Plastic Container 3 L\",\"attr\":\"\",\"sku\":\"39604\",\"l2\":\"Contenant et pot\",\"sl\":\"contenant-plastique-carre-3-l-kayali-39604\",\"sn\":\"\",\"idxP\":11},{\"mq\":\"Kayali\",\"nm\":\"Contenant plastique rectangulaire 1 L\",\"nme\":\"Rectangular Plastic Container 1 L\",\"attr\":\"\",\"sku\":\"39595\",\"l2\":\"Contenant et pot\",\"sl\":\"contenant-plastique-rectangulaire-1-l-kayali-39595\",\"sn\":\"\",\"idxP\":19},{\"mq\":\"Kayali\",\"nm\":\"Contenant plastique rectangulaire 240 ml\",\"nme\":\"Rectangular Plastic Container 240 ml\",\"attr\":\"\",\"sku\":\"39602\",\"l2\":\"Contenant et pot\",\"sl\":\"contenant-plastique-rectangulaire-240-ml-kayali-39602\",\"sn\":\"\",\"idxP\":23},{\"mq\":\"Sagetra\",\"nm\":\"Bol \u00E0 m\u00E9langer profond inox 5 Qt\",\"nme\":\"Stainless Steel Deep Mixing Bowl 5 Qt\",\"attr\":\"\",\"sku\":\"40082\",\"l2\":\"Accessoire de cuisine\",\"sl\":\"bol-a-melanger-profond-inox-5-qt-sagetra-40082\",\"sn\":\"\",\"idxP\":30},{\"mq\":\"Kayali\",\"nm\":\"Contenant rond pour four 500 ml\",\"nme\":\"Round Owen Container 500 ml\",\"attr\":\"\",\"sku\":\"39615\",\"l2\":\"Contenant et pot\",\"sl\":\"contenant-rond-pour-four-500-ml-kayali-39615\",\"sn\":\"\",\"idxP\":4},{\"mq\":\"Sagetra\",\"nm\":\"Bol \u00E0 m\u00E9langer profond inox 7,6 L\",\"nme\":\"Stainless Steel Deep Mixing Bowl 7.6 L\",\"attr\":\"\",\"sku\":\"40083\",\"l2\":\"Accessoire de cuisine\",\"sl\":\"bol-a-melanger-profond-inox-76-l-sagetra-40083\",\"sn\":\"\",\"idxP\":30},{\"mq\":\"Kayali\",\"nm\":\"Bol \u00E0 dessert 4.5\\\" 5oz\",\"nme\":\"Desert Bowl 4.5\\\" 5oz\",\"attr\":\"\",\"sku\":\"49388\",\"l2\":\"Vaisselle\",\"sl\":\"bol-a-dessert-4.5-5oz-kayali-49388\",\"sn\":\"\",\"idxP\":16},{\"mq\":\"Ateco\",\"nm\":\"Poche \u00E0 p\u00E2tisserie fini plastique 8\\\"\",\"nme\":\"Plastic Coated Pastry Bag 8\\\"\",\"attr\":\"\",\"sku\":\"27008\",\"l2\":\"Accessoire de p\u00E2tisserie\",\"sl\":\"poche-a-patisserie-fini-plastique-8-ateco-27008\",\"sn\":\"\",\"idxP\":8},{\"mq\":\"Ateco\",\"nm\":\"Poche de d\u00E9coration \u00E9tanche en polyurethane 16\\\"\",\"nme\":\"Polyurethane Leek Proof Pastry Decorating Bag 16\\\"\",\"attr\":\"\",\"sku\":\"27020\",\"l2\":\"Accessoire de p\u00E2tisserie\",\"sl\":\"poche-de-decoration-etanche-en-polyurethane-16-ateco-27020\",\"sn\":\"\",\"idxP\":10},{\"mq\":\"Ateco\",\"nm\":\"Poche \u00E0 p\u00E2tisserie fini plastique 12\\\"\",\"nme\":\"Plastic Coated Pastry Bag 12\\\"\",\"attr\":\"\",\"sku\":\"27009\",\"l2\":\"Accessoire de p\u00E2tisserie\",\"sl\":\"poche-a-patisserie-fini-plastique-12-ateco-27009\",\"sn\":\"\",\"idxP\":9},{\"mq\":\"Ateco\",\"nm\":\"Poche \u00E0 gla\u00E7age canvas 12\\\"\",\"nme\":\"Pastry Decorating Bag 12\\\"\",\"attr\":\"\",\"sku\":\"27022\",\"l2\":\"Accessoire de p\u00E2tisserie\",\"sl\":\"poche-a-glacage-canvas-12-ateco-27022\",\"sn\":\"\",\"idxP\":11},{\"mq\":\"Ateco\",\"nm\":\"Poche \u00E0 p\u00E2tisserie fini plastique 16\\\"\",\"nme\":\"Plastic Coated Pastry Bag 16\\\"\",\"attr\":\"\",\"sku\":\"27010\",\"l2\":\"Accessoire de p\u00E2tisserie\",\"sl\":\"poche-a-patisserie-fini-plastique-16-ateco-27010\",\"sn\":\"\",\"idxP\":13},{\"mq\":\"Ateco\",\"nm\":\"Poche de d\u00E9coration \u00E9tanche en polyurethane 8\\\"\",\"nme\":\"Polyurethane Leek Proof Pastry Decorating Bag 8\\\"\",\"attr\":\"\",\"sku\":\"27018\",\"l2\":\"Accessoire de p\u00E2tisserie\",\"sl\":\"poche-de-decoration-etanche-en-polyurethane-8-ateco-27018\",\"sn\":\"\",\"idxP\":11},{\"mq\":\"Ateco\",\"nm\":\"Pinceau \u00E0 p\u00E2tisserie plat blanc 4\\\"\",\"nme\":\"White Flat Pastry Brush 4\\\"\",\"attr\":\"\",\"sku\":\"27030\",\"l2\":\"Accessoire de p\u00E2tisserie\",\"sl\":\"pinceau-a-patisserie-plat-blanc-4-ateco-27030\",\"sn\":\"\",\"idxP\":11},{\"mq\":\"Ateco\",\"nm\":\"D\u00E9coupoir roulant \u00E0 croissant inoxydable\",\"nme\":\"Stainless Steel Croissant Roller Cutter\",\"attr\":\"\",\"sku\":\"27047\",\"l2\":\"Ustensiles et accessoires\",\"sl\":\"decoupoir-roulant-a-croissant-inoxydable-ateco-27047\",\"sn\":\"croissants\",\"idxP\":0},{\"mq\":\"Ateco\",\"nm\":\"Poche de d\u00E9coration \u00E9tanche en polyurethane 12\\\"\",\"nme\":\"Polyurethane Leek Proof Pastry Decorating Bag 12\\\"\",\"attr\":\"\",\"sku\":\"27019\",\"l2\":\"Accessoire de p\u00E2tisserie\",\"sl\":\"poche-de-decoration-etanche-en-polyurethane-12-ateco-27019\",\"sn\":\"\",\"idxP\":7},{\"mq\":\"Ateco\",\"nm\":\"Poche \u00E0 gla\u00E7age canvas 16\\\"\",\"nme\":\"Pastry Decorating Bag 16\\\"\",\"attr\":\"\",\"sku\":\"27023\",\"l2\":\"Accessoire de p\u00E2tisserie\",\"sl\":\"poche-a-glacage-canvas-16-ateco-27023\",\"sn\":\"\",\"idxP\":11},{\"mq\":\"Ateco\",\"nm\":\"Ensemble de d\u00E9coupoirs plastiques fleur 3 morceaux\",\"nme\":\"Flower Shape Plastic Cutters Set of 3 Pieces\",\"attr\":\"\",\"sku\":\"27053\",\"l2\":\"Accessoire de p\u00E2tisserie\",\"sl\":\"ensemble-de-decoupoirs-plastiques-fleur-3-morceaux-ateco-27053\",\"sn\":\"\",\"idxP\":2},{\"mq\":\"Ateco\",\"nm\":\"Ensemble de d\u00E9coupoir plastique feuille 3 morceaux\",\"nme\":\"Leaf Shape Plastic Cutters Set of 3 Pieces\",\"attr\":\"\",\"sku\":\"27056\",\"l2\":\"Accessoire de p\u00E2tisserie\",\"sl\":\"ensemble-de-decoupoir-plastique-feuille-3-morceaux-ateco-27056\",\"sn\":\"\",\"idxP\":2},{\"mq\":\"Ateco\",\"nm\":\"Ensemble de d\u00E9coupoirs ronds 11 morceaux\",\"nme\":\"Round Cutter Set 11 Pieces\",\"attr\":\"\",\"sku\":\"27104\",\"l2\":\"Accessoire de p\u00E2tisserie\",\"sl\":\"ensemble-de-decoupoirs-ronds-11-morceaux-ateco-27104\",\"sn\":\"\",\"idxP\":4},{\"mq\":\"Ateco\",\"nm\":\"Pinceau \u00E0 p\u00E2tisserie plat blanc 2\\\"\",\"nme\":\"White Flat Pastry Brush 2\\\"\",\"attr\":\"\",\"sku\":\"27028\",\"l2\":\"Accessoire de p\u00E2tisserie\",\"sl\":\"pinceau-a-patisserie-plat-blanc-2-ateco-27028\",\"sn\":\"\",\"idxP\":8},{\"mq\":\"Ateco\",\"nm\":\"Ensemble d\u00E9coupoirs alphabet 3'' 26 morceaux\",\"nme\":\"Alphabet Cookie Cutter Set 3'' 26 Pieces\",\"attr\":\"\",\"sku\":\"27058\",\"l2\":\"Accessoire de p\u00E2tisserie\",\"sl\":\"ensemble-decoupoirs-alphabet-3-26-morceaux-ateco-27058\",\"sn\":\"\",\"idxP\":1},{\"mq\":\"Ateco\",\"nm\":\"Ensemble d\u00E9coupoir cannel\u00E9 hexagone en inox 5 mcx\",\"nme\":\"Stainless Steel Flutted Hexagonal Cutter 5 Pieces\",\"attr\":\"\",\"sku\":\"27092\",\"l2\":\"Accessoire de p\u00E2tisserie\",\"sl\":\"ensemble-decoupoir-cannele-hexagone-en-inox-5-mcx-ateco-27092\",\"sn\":\"\",\"idxP\":1},{\"mq\":\"Ateco\",\"nm\":\"Ensemble de d\u00E9coupoirs ronds cannel\u00E9s 12 morceaux\",\"nme\":\"Fluted Round Cutter Set 12 Pieces\",\"attr\":\"\",\"sku\":\"27109\",\"l2\":\"Accessoire de p\u00E2tisserie\",\"sl\":\"ensemble-de-decoupoirs-ronds-canneles-12-morceaux-ateco-27109\",\"sn\":\"\",\"idxP\":1},{\"mq\":\"Ateco\",\"nm\":\"Ensemble de d\u00E9coupoirs ovales 7 morceaux\",\"nme\":\"Oval Cutter Set of 7 Pieces\",\"attr\":\"\",\"sku\":\"27077\",\"l2\":\"Accessoire de p\u00E2tisserie\",\"sl\":\"ensemble-de-decoupoirs-ovales-7-morceaux-ateco-27077\",\"sn\":\"\",\"idxP\":0},{\"mq\":\"Ateco\",\"nm\":\"Ensemble de d\u00E9coupoirs carr\u00E9s en inox 5 morceaux\",\"nme\":\"Stainless Steel Square Cutters Set of 5 Pieces\",\"attr\":\"\",\"sku\":\"27090\",\"l2\":\"Accessoire de p\u00E2tisserie\",\"sl\":\"ensemble-de-decoupoirs-carres-en-inox-5-morceaux-ateco-27090\",\"sn\":\"\",\"idxP\":1},{\"mq\":\"Ateco\",\"nm\":\"Ensemble de d\u00E9coupoirs ovales en inox 9 morceaux\",\"nme\":\"Stainless Steel Ovale Cutter Set of 9 Pieces\",\"attr\":\"\",\"sku\":\"27106\",\"l2\":\"Accessoire de p\u00E2tisserie\",\"sl\":\"ensemble-de-decoupoirs-ovales-en-inox-9-morceaux-ateco-27106\",\"sn\":\"\",\"idxP\":0},{\"mq\":\"Ateco\",\"nm\":\"Moule \u00E0 g\u00E2teau rectangle 1,75\\\" D x 2,5\\\" H\",\"nme\":\"Rectangular Cake Mold 1,75\\\" D x 2,5\\\" H\",\"attr\":\"\",\"sku\":\"27111\",\"l2\":\"Accessoire de p\u00E2tisserie\",\"sl\":\"moule-a-gateau-rectangle-175-d-x-25-h-ateco-27111\",\"sn\":\"moules\",\"idxP\":4},{\"mq\":\"Ateco\",\"nm\":\"Pinceau \u00E0 p\u00E2tisserie plat blanc 1\\\"\",\"nme\":\"White Flat Pastry Brush 1\\\"\",\"attr\":\"\",\"sku\":\"27026\",\"l2\":\"Accessoire de p\u00E2tisserie\",\"sl\":\"pinceau-a-patisserie-plat-blanc-1-ateco-27026\",\"sn\":\"\",\"idxP\":11},{\"mq\":\"Ateco\",\"nm\":\"D\u00E9coupoir plastique forme d'ananas 2\\\"\",\"nme\":\"Pineapple Shape Plastic Cutter 2\\\"\",\"attr\":\"\",\"sku\":\"27049\",\"l2\":\"Accessoire de p\u00E2tisserie\",\"sl\":\"decoupoir-plastique-forme-dananas-2-ateco-27049\",\"sn\":\"apples, ananas\",\"idxP\":3},{\"mq\":\"Ateco\",\"nm\":\"D\u00E9coupoir plastique forme de lys 2\\\"\",\"nme\":\"Lily Shape Plastic Cutter 2\\\"\",\"attr\":\"\",\"sku\":\"27055\",\"l2\":\"Accessoire de p\u00E2tisserie\",\"sl\":\"decoupoir-plastique-forme-de-lys-2-ateco-27055\",\"sn\":\"\",\"idxP\":1},{\"mq\":\"Ateco\",\"nm\":\"Ensemble de d\u00E9coupage alphabet 1\\\"\",\"nme\":\"Alphabet Cutter Set 1\\\"\",\"attr\":\"\",\"sku\":\"27060\",\"l2\":\"Accessoire de p\u00E2tisserie\",\"sl\":\"ensemble-de-decoupage-alphabet-1-ateco-27060\",\"sn\":\"\",\"idxP\":1},{\"mq\":\"Ateco\",\"nm\":\"Poche \u00E0 p\u00E2tisserie fini plastique 21\\\"\",\"nme\":\"Plastic Coated Pastry Bag 21\\\"\",\"attr\":\"\",\"sku\":\"27014\",\"l2\":\"Accessoire de p\u00E2tisserie\",\"sl\":\"poche-a-patisserie-fini-plastique-21-ateco-27014\",\"sn\":\"\",\"idxP\":10},{\"mq\":\"Ateco\",\"nm\":\"Ensemble de d\u00E9coupoirs chiffres 1,5'' 9 morceaux\",\"nme\":\"Stainless Steel Numbers Cutter Set 1.5'' 9 Pieces\",\"attr\":\"\",\"sku\":\"27059\",\"l2\":\"Accessoire de p\u00E2tisserie\",\"sl\":\"ensemble-de-decoupoirs-chiffres-15-9-morceaux-ateco-27059\",\"sn\":\"\",\"idxP\":2},{\"mq\":\"Ateco\",\"nm\":\"Poche de d\u00E9coration \u00E9tanche en polyurethane 18\\\"\",\"nme\":\"Polyurethane Leek Proof Pastry Decorating Bag 18\\\"\",\"attr\":\"\",\"sku\":\"27021\",\"l2\":\"Accessoire de p\u00E2tisserie\",\"sl\":\"poche-de-decoration-etanche-en-polyurethane-18-ateco-27021\",\"sn\":\"\",\"idxP\":13},{\"mq\":\"Ateco\",\"nm\":\"Pinceau \u00E0 p\u00E2tisserie plat blanc 1,5\\\"\",\"nme\":\"White Flat Pastry Brush 1.5\\\"\",\"attr\":\"\",\"sku\":\"27027\",\"l2\":\"Accessoire de p\u00E2tisserie\",\"sl\":\"pinceau-a-patisserie-plat-blanc-15-ateco-27027\",\"sn\":\"\",\"idxP\":9},{\"mq\":\"Ateco\",\"nm\":\"Moule hexagonal 2,3\\\"\",\"nme\":\"Hexagonal Mold 2.3\\\"\",\"attr\":\"\",\"sku\":\"27114\",\"l2\":\"Accessoire de p\u00E2tisserie\",\"sl\":\"moule-hexagonal-23-ateco-27114\",\"sn\":\"moules\",\"idxP\":5},{\"mq\":\"Ateco\",\"nm\":\"Moule \u00E0 g\u00E2teau rond 3,125\\\" D x 1,75\\\" H\",\"nme\":\"Round Cake Mold 3.125\\\" D x 1.75\\\" H\",\"attr\":\"\",\"sku\":\"27128\",\"l2\":\"Accessoire de p\u00E2tisserie\",\"sl\":\"moule-a-gateau-rond-3125-d-x-175-h-ateco-27128\",\"sn\":\"moules\",\"idxP\":5},{\"mq\":\"Ateco\",\"nm\":\"Moule \u00E0 g\u00E2teau rond 2,375\\\" D x 3\\\" H\",\"nme\":\"Round Cake Mold 2.375\\\" D x 3\\\" H\",\"attr\":\"\",\"sku\":\"27133\",\"l2\":\"Accessoire de p\u00E2tisserie\",\"sl\":\"moule-a-gateau-rond-2375-d-x-3-h-ateco-27133\",\"sn\":\"moules\",\"idxP\":3},{\"mq\":\"Ateco\",\"nm\":\"Ensemble de moules ronds 3,5'' D 4 morceaux\",\"nme\":\"Food Molding Round Set 3.5'' D 4 Pieces\",\"attr\":\"\",\"sku\":\"27160\",\"l2\":\"Accessoire de p\u00E2tisserie\",\"sl\":\"ensemble-de-moules-ronds-35-d-4-morceaux-ateco-27160\",\"sn\":\"moules\",\"idxP\":1},{\"mq\":\"Ateco\",\"nm\":\"Ensemble de d\u00E9coupoirs \u00E9toile en inox 8 morceaux\",\"nme\":\"Stainless Steel Star Cutters Set of 8 Pieces\",\"attr\":\"\",\"sku\":\"27093\",\"l2\":\"Accessoire de p\u00E2tisserie\",\"sl\":\"ensemble-de-decoupoirs-etoile-en-inox-8-morceaux-ateco-27093\",\"sn\":\"\",\"idxP\":1},{\"mq\":\"Ateco\",\"nm\":\"Ensemble de d\u00E9coupoirs football en inox 6 morceaux\",\"nme\":\"Stainless Steel Football Cutters Set of 6 Pieces\",\"attr\":\"\",\"sku\":\"27099\",\"l2\":\"Accessoire de p\u00E2tisserie\",\"sl\":\"ensemble-de-decoupoirs-football-en-inox-6-morceaux-ateco-27099\",\"sn\":\"\",\"idxP\":1},{\"mq\":\"Ateco\",\"nm\":\"Ensemble de d\u00E9coupoirs carr\u00E9s en inox 6 morceaux\",\"nme\":\"Stainless Steel Square Cutters Set of 6 Pieces\",\"attr\":\"\",\"sku\":\"27103\",\"l2\":\"Accessoire de p\u00E2tisserie\",\"sl\":\"ensemble-de-decoupoirs-carres-en-inox-6-morceaux-ateco-27103\",\"sn\":\"\",\"idxP\":1},{\"mq\":\"Ateco\",\"nm\":\"Poche \u00E0 gla\u00E7age canvas 21\\\"\",\"nme\":\"Pastry Decorating Bag 18\\\"\",\"attr\":\"\",\"sku\":\"27025\",\"l2\":\"Accessoire de p\u00E2tisserie\",\"sl\":\"poche-a-glacage-canvas-21-ateco-27025\",\"sn\":\"\",\"idxP\":9},{\"mq\":\"Ateco\",\"nm\":\"Pinceau p\u00E2tisserie rond blanc 1\\\"\",\"nme\":\"White Round Pastry Brush 1\\\"\",\"attr\":\"\",\"sku\":\"27036\",\"l2\":\"Accessoire de p\u00E2tisserie\",\"sl\":\"pinceau-patisserie-rond-blanc-1-ateco-27036\",\"sn\":\"\",\"idxP\":10},{\"mq\":\"Ateco\",\"nm\":\"Moule carreau 3,5\\\"\",\"nme\":\"Diamond Form Mold 3.5''\",\"attr\":\"\",\"sku\":\"27113\",\"l2\":\"Accessoire de p\u00E2tisserie\",\"sl\":\"moule-carreau-35-ateco-27113\",\"sn\":\"moules\",\"idxP\":5},{\"mq\":\"Ateco\",\"nm\":\"Moule ovale 4\\\"\",\"nme\":\"Ovale Mold 4\\\"\",\"attr\":\"\",\"sku\":\"27119\",\"l2\":\"Accessoire de p\u00E2tisserie\",\"sl\":\"moule-ovale-4-ateco-27119\",\"sn\":\"moules\",\"idxP\":3},{\"mq\":\"Ateco\",\"nm\":\"Poche \u00E0 gla\u00E7age canvas 18\\\"\",\"nme\":\"Pastry Decorating Bag 18\\\"\",\"attr\":\"\",\"sku\":\"27024\",\"l2\":\"Accessoire de p\u00E2tisserie\",\"sl\":\"poche-a-glacage-canvas-18-ateco-27024\",\"sn\":\"\",\"idxP\":11},{\"mq\":\"Ateco\",\"nm\":\"Pinceau \u00E0 p\u00E2tisserie plat blanc 3\\\"\",\"nme\":\"White Flat Pastry Brush 3\\\"\",\"attr\":\"\",\"sku\":\"27029\",\"l2\":\"Accessoire de p\u00E2tisserie\",\"sl\":\"pinceau-a-patisserie-plat-blanc-3-ateco-27029\",\"sn\":\"\",\"idxP\":6},{\"mq\":\"Ateco\",\"nm\":\"Ensemble de d\u00E9coupoirs plastique \u00E9toile 3 morceaux\",\"nme\":\"Star Shape Plastic Cutters Set of 3 Pieces\",\"attr\":\"\",\"sku\":\"27052\",\"l2\":\"Accessoire de p\u00E2tisserie\",\"sl\":\"ensemble-de-decoupoirs-plastique-etoile-3-morceaux-ateco-27052\",\"sn\":\"\",\"idxP\":2},{\"mq\":\"Ateco\",\"nm\":\"Ensemble de d\u00E9coupoirs feuille courb\u00E9e 3 morceaux\",\"nme\":\"Curved Leaf Set of 3 Pieces\",\"attr\":\"\",\"sku\":\"27057\",\"l2\":\"Accessoire de p\u00E2tisserie\",\"sl\":\"ensemble-de-decoupoirs-feuille-courbee-3-morceaux-ateco-27057\",\"sn\":\"\",\"idxP\":2},{\"mq\":\"Ateco\",\"nm\":\"Moule ovale 3,13\\\"\",\"nme\":\"Oval Shaped Form 3.13\\\"\",\"attr\":\"\",\"sku\":\"27120\",\"l2\":\"Accessoire de p\u00E2tisserie\",\"sl\":\"moule-ovale-313-ateco-27120\",\"sn\":\"moules\",\"idxP\":4},{\"mq\":\"Ateco\",\"nm\":\"Moule \u00E0 g\u00E2teau rond 8,875\\\" D x 3\\\" H\",\"nme\":\"Round Cake Mold 8.875\\\" D x 3\\\" H\",\"attr\":\"\",\"sku\":\"27155\",\"l2\":\"Accessoire de p\u00E2tisserie\",\"sl\":\"moule-a-gateau-rond-8875-d-x-3-h-ateco-27155\",\"sn\":\"moules\",\"idxP\":3},{\"mq\":\"Ateco\",\"nm\":\"Moule \u00E0 g\u00E2teau rond 9,5\\\" D x 3\\\" H\",\"nme\":\"Round Cake Mold 9,5\\\" D x 3\\\" H\",\"attr\":\"\",\"sku\":\"27156\",\"l2\":\"Accessoire de p\u00E2tisserie\",\"sl\":\"moule-a-gateau-rond-95-d-x-3-h-ateco-27156\",\"sn\":\"moules\",\"idxP\":2},{\"mq\":\"Ateco\",\"nm\":\"Ensemble de d\u00E9coupoirs hexagonaux en inox 6 mcx\",\"nme\":\"Stainless Steel Hexagonal Cutters Set of 6 Pieces\",\"attr\":\"\",\"sku\":\"27091\",\"l2\":\"Accessoire de p\u00E2tisserie\",\"sl\":\"ensemble-de-decoupoirs-hexagonaux-en-inox-6-mcx-ateco-27091\",\"sn\":\"\",\"idxP\":3},{\"mq\":\"Ateco\",\"nm\":\"Ensemble de d\u00E9coupoir ovale cannel\u00E9s en inox 9 mcx\",\"nme\":\"Stainless Steel Oval Flutted Cutter Set of 9 Piece\",\"attr\":\"\",\"sku\":\"27107\",\"l2\":\"Accessoire de p\u00E2tisserie\",\"sl\":\"ensemble-de-decoupoir-ovale-canneles-en-inox-9-mcx-ateco-27107\",\"sn\":\"\",\"idxP\":2},{\"mq\":\"Ateco\",\"nm\":\"Moule \u00E0 g\u00E2teau rond 5,5\\\" D x 3\\\" H\",\"nme\":\"Round Cake Mold 5.5\\\" D x 3\\\" H\",\"attr\":\"\",\"sku\":\"27154\",\"l2\":\"Accessoire de p\u00E2tisserie\",\"sl\":\"moule-a-gateau-rond-55-d-x-3-h-ateco-27154\",\"sn\":\"moules\",\"idxP\":1},{\"mq\":\"Ateco\",\"nm\":\"Moule pyramide 3,5\\\"\",\"nme\":\"Pyramid Mold 3.5\\\"\",\"attr\":\"\",\"sku\":\"27116\",\"l2\":\"Accessoire de p\u00E2tisserie\",\"sl\":\"moule-pyramide-35-ateco-27116\",\"sn\":\"moules\",\"idxP\":2},{\"mq\":\"Ateco\",\"nm\":\"Moule carr\u00E9 2,75\\\"\",\"nme\":\"Square Mold 2.75\\\"\",\"attr\":\"\",\"sku\":\"27123\",\"l2\":\"Accessoire de p\u00E2tisserie\",\"sl\":\"moule-carre-275-ateco-27123\",\"sn\":\"moules\",\"idxP\":5},{\"mq\":\"Ateco\",\"nm\":\"Ensemble de moules ronds 2,75'' D 4 morceaux\",\"nme\":\"Food Molding Round Set 2.75'' D 4 Pieces\",\"attr\":\"\",\"sku\":\"27159\",\"l2\":\"Accessoire de p\u00E2tisserie\",\"sl\":\"ensemble-de-moules-ronds-275-d-4-morceaux-ateco-27159\",\"sn\":\"moules\",\"idxP\":1},{\"mq\":\"Ateco\",\"nm\":\"Poche \u00E0 p\u00E2tisserie jetable doux 12\\\"\",\"nme\":\"Soft Disposable Pastry Bag 12\\\"\",\"attr\":\"\",\"sku\":\"27171\",\"l2\":\"Accessoire de p\u00E2tisserie\",\"sl\":\"poche-a-patisserie-jetable-doux-12-ateco-27171\",\"sn\":\"\",\"idxP\":7},{\"mq\":\"Ateco\",\"nm\":\"Grand moule pyramide en inox 4,75\\\"\",\"nme\":\"Stainless Steel Large Pyramid Mold 4.75\\\"\",\"attr\":\"\",\"sku\":\"27117\",\"l2\":\"Accessoire de p\u00E2tisserie\",\"sl\":\"grand-moule-pyramide-en-inox-475-ateco-27117\",\"sn\":\"moules\",\"idxP\":2},{\"mq\":\"Ateco\",\"nm\":\"Moule \u00E0 g\u00E2teau rond 4\\\"x3\\\"\",\"nme\":\"Round Cake Mold 4\\\"x3\\\"\",\"attr\":\"\",\"sku\":\"27143\",\"l2\":\"Accessoire de p\u00E2tisserie\",\"sl\":\"moule-a-gateau-rond-4x3-ateco-27143\",\"sn\":\"moules\",\"idxP\":3},{\"mq\":\"Ateco\",\"nm\":\"Ensemble de d\u00E9coupoir cannel\u00E9s larme en inox 5 mcx\",\"nme\":\"Stainless Steel Flutted Tear Drop Cut Set 5 Piece\",\"attr\":\"\",\"sku\":\"27097\",\"l2\":\"Accessoire de p\u00E2tisserie\",\"sl\":\"ensemble-de-decoupoir-canneles-larme-en-inox-5-mcx-ateco-27097\",\"sn\":\"\",\"idxP\":1},{\"mq\":\"Ateco\",\"nm\":\"Ensemble de d\u00E9coupoirs ronds cannel\u00E9s 11 morceaux\",\"nme\":\"Fluted Round Set of 11 Pieces\",\"attr\":\"\",\"sku\":\"27105\",\"l2\":\"Accessoire de p\u00E2tisserie\",\"sl\":\"ensemble-de-decoupoirs-ronds-canneles-11-morceaux-ateco-27105\",\"sn\":\"\",\"idxP\":1},{\"mq\":\"Ateco\",\"nm\":\"Moule anneau ajustable\",\"nme\":\"Round Adjustable Ring\",\"attr\":\"\",\"sku\":\"27118\",\"l2\":\"Accessoire de p\u00E2tisserie\",\"sl\":\"moule-anneau-ajustable-ateco-27118\",\"sn\":\"moules\",\"idxP\":3},{\"mq\":\"Ateco\",\"nm\":\"Moule \u00E0 g\u00E2teau rond 2,375\\\" D x 1,75\\\" H\",\"nme\":\"Round Cake Mold 2.375\\\" D x 1.75\\\" H\",\"attr\":\"\",\"sku\":\"27124\",\"l2\":\"Accessoire de p\u00E2tisserie\",\"sl\":\"moule-a-gateau-rond-2375-d-x-175-h-ateco-27124\",\"sn\":\"moules\",\"idxP\":3},{\"mq\":\"Ateco\",\"nm\":\"Moule rond 3,5''\",\"nme\":\"Round Mold 3.5''\",\"attr\":\"\",\"sku\":\"27161\",\"l2\":\"Accessoire de p\u00E2tisserie\",\"sl\":\"moule-rond-35-ateco-27161\",\"sn\":\"moules\",\"idxP\":5},{\"mq\":\"Ateco\",\"nm\":\"Moule rond 2\\\"\",\"nme\":\"Round Form 2\\\"\",\"attr\":\"\",\"sku\":\"27166\",\"l2\":\"Accessoire de p\u00E2tisserie\",\"sl\":\"moule-rond-2-ateco-27166\",\"sn\":\"moules\",\"idxP\":4},{\"mq\":\"Ateco\",\"nm\":\"Petit moule pyramide 2,25\\\"\",\"nme\":\"Small Pyramid Mold 2.25\\\"\",\"attr\":\"\",\"sku\":\"27115\",\"l2\":\"Accessoire de p\u00E2tisserie\",\"sl\":\"petit-moule-pyramide-225-ateco-27115\",\"sn\":\"moules\",\"idxP\":6},{\"mq\":\"Ateco\",\"nm\":\"Moule \u00E0 d\u00E9couper carr\u00E9 2\\\"\",\"nme\":\"Square Form Cutter 2\\\"\",\"attr\":\"\",\"sku\":\"27122\",\"l2\":\"Accessoire de p\u00E2tisserie\",\"sl\":\"moule-a-decouper-carre-2-ateco-27122\",\"sn\":\"moules\",\"idxP\":5},{\"mq\":\"Ateco\",\"nm\":\"Poche \u00E0 p\u00E2tisserie jetable doux 18\\\"\",\"nme\":\"Soft Disposable Pastry Bag 18\\\"\",\"attr\":\"\",\"sku\":\"27172\",\"l2\":\"Accessoire de p\u00E2tisserie\",\"sl\":\"poche-a-patisserie-jetable-doux-18-ateco-27172\",\"sn\":\"\",\"idxP\":5},{\"mq\":\"Ateco\",\"nm\":\"Moule \u00E0 g\u00E2teau rond 3,125\\\" D x 3\\\" H\",\"nme\":\"Round Cake Mold 3.125\\\" D x 3\\\" H\",\"attr\":\"\",\"sku\":\"27135\",\"l2\":\"Accessoire de p\u00E2tisserie\",\"sl\":\"moule-a-gateau-rond-3125-d-x-3-h-ateco-27135\",\"sn\":\"moules\",\"idxP\":8},{\"mq\":\"Ateco\",\"nm\":\"Moule \u00E0 g\u00E2teau rond 2\\\" D x 3\\\" H\",\"nme\":\"Round Cake Mold 2\\\" D x 3\\\" H\",\"attr\":\"\",\"sku\":\"27169\",\"l2\":\"Accessoire de p\u00E2tisserie\",\"sl\":\"moule-a-gateau-rond-2-d-x-3-h-ateco-27169\",\"sn\":\"moules\",\"idxP\":5},{\"mq\":\"Ateco\",\"nm\":\"Moule \u00E0 g\u00E2teau rond 4\\\" D x 1,75\\\" H\",\"nme\":\"Round Cake Mold 4\\\" D x 1.75\\\" H\",\"attr\":\"\",\"sku\":\"27129\",\"l2\":\"Accessoire de p\u00E2tisserie\",\"sl\":\"moule-a-gateau-rond-4-d-x-175-h-ateco-27129\",\"sn\":\"moules\",\"idxP\":7},{\"mq\":\"Ateco\",\"nm\":\"Moule rond 3\\\"\",\"nme\":\"Round Form Mold 3\\\"\",\"attr\":\"\",\"sku\":\"27162\",\"l2\":\"Accessoire de p\u00E2tisserie\",\"sl\":\"moule-rond-3-ateco-27162\",\"sn\":\"moules\",\"idxP\":5},{\"mq\":\"Browne\",\"nm\":\"Cuill\u00E8re \u00E0 th\u00E9 Royal 5,7\\\" \\\/ 14,3 cm\",\"nme\":\"Royal Teaspoon 5.7\\\" \\\/ 14.3 cm\",\"attr\":\"\",\"sku\":\"23989\",\"l2\":\"Ustensile de table\",\"sl\":\"cuillere-a-the-royal-57-143-cm-browne-23989\",\"sn\":\"\",\"idxP\":29},{\"mq\":\"Browne\",\"nm\":\"Cuill\u00E8re \u00E0 th\u00E9 Celine 6,4\\\" \\\/ 16,2 cm\",\"nme\":\"Celine Teaspoon 6.4\\\" \\\/ 16.2 cm\",\"attr\":\"\",\"sku\":\"23995\",\"l2\":\"Ustensile de table\",\"sl\":\"cuillere-a-the-celine-64-162-cm-browne-23995\",\"sn\":\"\",\"idxP\":39},{\"mq\":\"Browne\",\"nm\":\"Cuill\u00E8re \u00E0 soupe ronde Windsor 6,5\\\" \\\/ 16,5 cm\",\"nme\":\"Windsor Round Soup Spoon 6.5\\\" \\\/ 16.5 cm\",\"attr\":\"\",\"sku\":\"23981\",\"l2\":\"Ustensile de table\",\"sl\":\"cuillere-a-soupe-ronde-windsor-65-165-cm-browne-23981\",\"sn\":\"\",\"idxP\":18},{\"mq\":\"Browne\",\"nm\":\"Cuill\u00E8re \u00E0 th\u00E9 Windsor 6\\\" \\\/ 15,2 cm\",\"nme\":\"Windsor Teaspoon 6\\\" \\\/ 15.2 cm\",\"attr\":\"\",\"sku\":\"23983\",\"l2\":\"Ustensile de table\",\"sl\":\"cuillere-a-the-windsor-6-152-cm-browne-23983\",\"sn\":\"\",\"idxP\":27},{\"mq\":\"Browne\",\"nm\":\"Cuill\u00E8re \u00E0 dessert Celine 7,3\\\" \\\/ 18,4 cm\",\"nme\":\"Celine Dessert Spoon 7.3\\\" \\\/ 18.4 cm\",\"attr\":\"\",\"sku\":\"23991\",\"l2\":\"Ustensile de table\",\"sl\":\"cuillere-a-dessert-celine-73-184-cm-browne-23991\",\"sn\":\"\",\"idxP\":24},{\"mq\":\"Browne\",\"nm\":\"Cuill\u00E8re \u00E0 dessert Windsor 7,3\\\" \\\/ 18,4 cm\",\"nme\":\"Windsor Dessert Spoon 7.3\\\" \\\/ 18.4 cm\",\"attr\":\"\",\"sku\":\"23979\",\"l2\":\"Ustensile de table\",\"sl\":\"cuillere-a-dessert-windsor-73-184-cm-browne-23979\",\"sn\":\"\",\"idxP\":27},{\"mq\":\"Browne\",\"nm\":\"Cuill\u00E8re \u00E0 dessert Royal 7,1\\\" \\\/ 18,1 cm\",\"nme\":\"Royal Dessert Spoon 7.1\\\" \\\/ 18.1 cm\",\"attr\":\"\",\"sku\":\"23985\",\"l2\":\"Ustensile de table\",\"sl\":\"cuillere-a-dessert-royal-71-181-cm-browne-23985\",\"sn\":\"\",\"idxP\":12},{\"mq\":\"Bialetti\",\"nm\":\"Joint et filtre pour cafeti\u00E8re 9 tasses\",\"nme\":\"Rubber Rings for 9 Cup Bialetti\",\"attr\":\"\",\"sku\":\"23588\",\"l2\":\"Service de table\",\"sl\":\"joint-et-filtre-pour-cafetiere-9-tasses-bialetti-23588\",\"sn\":\"\",\"idxP\":10},{\"mq\":\"Sagetra\",\"nm\":\"Cuill\u00E8re \u00E0 servir en inox 11''\",\"nme\":\"Stainless Steel Serving Spoon 11''\",\"attr\":\"\",\"sku\":\"22814\",\"l2\":\"Ustensiles et accessoires\",\"sl\":\"cuillere-a-servir-en-inox-11-sagetra-22814\",\"sn\":\"\",\"idxP\":17},{\"mq\":\"Browne\",\"nm\":\"Cuill\u00E8re \u00E0 soupe Royal 6,9\\\" \\\/ 17,5 cm\",\"nme\":\"Royal Soup Spoon 6.9\\\" \\\/ 17.5 cm\",\"attr\":\"\",\"sku\":\"23988\",\"l2\":\"Ustensile de table\",\"sl\":\"cuillere-a-soupe-royal-69-175-cm-browne-23988\",\"sn\":\"\",\"idxP\":10},{\"mq\":\"Browne\",\"nm\":\"Cuill\u00E8re \u00E0 soupe ronde Celine 7\\\" \\\/ 17,8 cm\",\"nme\":\"Celine Round Soup Spoon 7\\\" \\\/ 17.8 cm\",\"attr\":\"\",\"sku\":\"23994\",\"l2\":\"Ustensile de table\",\"sl\":\"cuillere-a-soupe-ronde-celine-7-178-cm-browne-23994\",\"sn\":\"\",\"idxP\":20},{\"mq\":\"Eurodib\",\"nm\":\"Hachoir \u00E0 viande professionnel\",\"nme\":\"Meat Grinder\",\"attr\":\"\",\"sku\":\"26244\",\"l2\":\"Ustensiles et accessoires\",\"sl\":\"hachoir-a-viande-professionnel-eurodib-26244\",\"sn\":\"commercial\",\"idxP\":18},{\"mq\":\"Bialetti\",\"nm\":\"Joint et filtre pour cafeti\u00E8re 12 tasses\",\"nme\":\"Rubber Rings for 12 Cup Bialetti\",\"attr\":\"\",\"sku\":\"23589\",\"l2\":\"Service de table\",\"sl\":\"joint-et-filtre-pour-cafetiere-12-tasses-bialetti-23589\",\"sn\":\"\",\"idxP\":11},{\"mq\":\"Bialetti\",\"nm\":\"Joint et filtre pour cafeti\u00E8re 3 tasses\",\"nme\":\"Rubber Rings for 3 Cup Bialetti\",\"attr\":\"\",\"sku\":\"23586\",\"l2\":\"Service de table\",\"sl\":\"joint-et-filtre-pour-cafetiere-3-tasses-bialetti-23586\",\"sn\":\"\",\"idxP\":10},{\"mq\":\"Bialetti\",\"nm\":\"Joint et filtre pour cafeti\u00E8re 6 tasses\",\"nme\":\"Rubber Rings for 6 Cup Bialetti\",\"attr\":\"\",\"sku\":\"23587\",\"l2\":\"Service de table\",\"sl\":\"joint-et-filtre-pour-cafetiere-6-tasses-bialetti-23587\",\"sn\":\"\",\"idxP\":9},{\"mq\":\"Victorinox\",\"nm\":\"Protecteur pour lame 20cm \u00E0 25cm\",\"nme\":\"Knifesafe 20cm to 25cm\",\"attr\":\"\",\"sku\":\"29758\",\"l2\":\"Couteau de chef\",\"sl\":\"protecteur-pour-lame-20cm-a-25cm-victorinox-29758\",\"sn\":\"\",\"idxP\":7},{\"mq\":\"Adamo\",\"nm\":\"R\u00F4tissoire en aluminium plate rectangle 45cm\",\"nme\":\"Aluminum Rectangular Roaster 45cm\",\"attr\":\"\",\"sku\":\"26314\",\"l2\":\"Batterie de cuisine\",\"sl\":\"rotissoire-en-aluminium-plate-rectangle-45cm-adamo-26314\",\"sn\":\"\",\"idxP\":7},{\"mq\":\"Victorinox\",\"nm\":\"Protecteur pour lame 15cm \u00E0 20cm\",\"nme\":\"Knifesafe 15cm to 20cm\",\"attr\":\"\",\"sku\":\"29759\",\"l2\":\"Couteau de chef\",\"sl\":\"protecteur-pour-lame-15cm-a-20cm-victorinox-29759\",\"sn\":\"\",\"idxP\":13},{\"mq\":\"Orly\",\"nm\":\"R\u00E2pe 4 c\u00F4t\u00E9s anti-adh\u00E9sive rouge\",\"nme\":\"Red Anti-Adhesive 4 Side Rape\",\"attr\":\"\",\"sku\":\"20824\",\"l2\":\"Ustensiles et accessoires\",\"sl\":\"rape-4-cotes-anti-adhesive-rouge-orly-20824\",\"sn\":\"\",\"idxP\":13},{\"mq\":\"Orly\",\"nm\":\"Braisi\u00E8re 15L  Stock Pot\",\"nme\":\"Braiser 15L Stock Pot\",\"attr\":\"\",\"sku\":\"21479\",\"l2\":\"Batterie de cuisine\",\"sl\":\"braisiere-15l-stock-pot-orly-21479\",\"sn\":\"\",\"idxP\":18},{\"mq\":\"Orly\",\"nm\":\"R\u00E2pe pyramide 4 c\u00F4t\u00E9s\",\"nme\":\"Pyramid 4 Sides Grater\",\"attr\":\"\",\"sku\":\"20822\",\"l2\":\"Ustensiles et accessoires\",\"sl\":\"rape-pyramide-4-cotes-orly-20822\",\"sn\":\"\",\"idxP\":5},{\"mq\":\"Orly\",\"nm\":\"Moule \u00E0 quiche 9,5\\\"\",\"nme\":\"Quiche Mold 9.5\\\"\",\"attr\":\"\",\"sku\":\"20876\",\"l2\":\"Accessoire de p\u00E2tisserie\",\"sl\":\"moule-a-quiche-95-orly-20876\",\"sn\":\"moules\",\"idxP\":15},{\"mq\":\"Orly\",\"nm\":\"Casserole strauss tough pan 7L\",\"nme\":\"Strauss Tough Pan Casserole 7L\",\"attr\":\"\u00C9cologique\",\"sku\":\"21482\",\"l2\":\"Batterie de cuisine\",\"sl\":\"casserole-strauss-tough-pan-7l-orly-21482\",\"sn\":\"\",\"idxP\":29},{\"mq\":\"Orly\",\"nm\":\"Spatule \u00E0 cr\u00E8pe\",\"nme\":\"Crepe Wooden 20x15\\\"\",\"attr\":\"\",\"sku\":\"22836\",\"l2\":\"Ustensiles et accessoires\",\"sl\":\"spatule-a-crepe-orly-22836\",\"sn\":\"\",\"idxP\":24},{\"mq\":\"Orly\",\"nm\":\"Anti-\u00E9clabousseur 33 cm\",\"nme\":\"Screen Splatter 33 cm\",\"attr\":\"\",\"sku\":\"26818\",\"l2\":\"Accessoire de cuisine\",\"sl\":\"anti-eclabousseur-33-cm-orly-26818\",\"sn\":\"\",\"idxP\":4},{\"mq\":\"Orly\",\"nm\":\"R\u00E2pe pyramide 4 c\u00F4t\u00E9s rouge 8\\\"\",\"nme\":\"Red 4 Side Pyramide Rape 8\\\"\",\"attr\":\"\",\"sku\":\"20825\",\"l2\":\"Ustensiles et accessoires\",\"sl\":\"rape-pyramide-4-cotes-rouge-8-orly-20825\",\"sn\":\"\",\"idxP\":10},{\"mq\":\"Orly\",\"nm\":\"Casserole Strauss Pro 2,5L\",\"nme\":\"Pot Strauss Pro 2.5 L\",\"attr\":\"\",\"sku\":\"38301\",\"l2\":\"Batterie de cuisine\",\"sl\":\"casserole-strauss-pro-25l-orly-38301\",\"sn\":\"\",\"idxP\":14},{\"mq\":\"Orly\",\"nm\":\"Balance digitale 5 kg max.\",\"nme\":\"Digital Kitchen Scale 5 kg max.\",\"attr\":\"\",\"sku\":\"20842\",\"l2\":\"Accessoire de cuisine\",\"sl\":\"balance-digitale-5-kg-max.-orly-20842\",\"sn\":\"\",\"idxP\":15},{\"mq\":\"Orly\",\"nm\":\"Moule \u00E0 mini muffins\",\"nme\":\"Mini Muffins Mold\",\"attr\":\"\",\"sku\":\"20867\",\"l2\":\"Accessoire de p\u00E2tisserie\",\"sl\":\"moule-a-mini-muffins-orly-20867\",\"sn\":\"moules\",\"idxP\":15},{\"mq\":\"Orly\",\"nm\":\"Moule blanc \u00E0 ravioli\",\"nme\":\"Ravioli White Mold\",\"attr\":\"\",\"sku\":\"20811\",\"l2\":\"Accessoire de p\u00E2tisserie\",\"sl\":\"moule-blanc-a-ravioli-orly-20811\",\"sn\":\"moules\",\"idxP\":5},{\"mq\":\"Orly\",\"nm\":\"Casserole strauss tough pan 4.5L\",\"nme\":\"Strauss Tough Pan Casserole 4.5L\",\"attr\":\"\",\"sku\":\"21481\",\"l2\":\"Batterie de cuisine\",\"sl\":\"casserole-strauss-tough-pan-4.5l-orly-21481\",\"sn\":\"\",\"idxP\":22},{\"mq\":\"Orly\",\"nm\":\"Casserole \u00E0 sauce Strauss Pro\",\"nme\":\"Saucepan Strauss Pro\",\"attr\":\"\",\"sku\":\"38298\",\"l2\":\"Batterie de cuisine\",\"sl\":\"casserole-a-sauce-strauss-pro-orly-38298\",\"sn\":\"\",\"idxP\":11},{\"mq\":\"Orly\",\"nm\":\"Casserole pour les sauces Strauss Pro 1,2L\",\"nme\":\"Saucepan Strauss Pro 1.2 L\",\"attr\":\"\",\"sku\":\"38297\",\"l2\":\"Batterie de cuisine\",\"sl\":\"casserole-pour-les-sauces-strauss-pro-12l-orly-38297\",\"sn\":\"\",\"idxP\":17},{\"mq\":\"Orly\",\"nm\":\"M\u00E9langeur \u00E0 main \u00E9lectrique en acier inoxydable\",\"nme\":\"Stainless Steel Electric Hand Blender\",\"attr\":\"\",\"sku\":\"26095\",\"l2\":\"Ustensiles et accessoires\",\"sl\":\"melangeur-a-main-electrique-en-acier-inoxydable-orly-26095\",\"sn\":\"\",\"idxP\":5},{\"mq\":\"Orly\",\"nm\":\"Casserole Strauss Pro 2,5L\",\"nme\":\"Saucepan Strauss Pro 2.5 L\",\"attr\":\"\",\"sku\":\"38312\",\"l2\":\"Batterie de cuisine\",\"sl\":\"casserole-strauss-pro-25l-orly-38312\",\"sn\":\"\",\"idxP\":4},{\"mq\":\"Orly\",\"nm\":\"Sauteuse et couvercle Strauss Pro 5L\",\"nme\":\"5L Saute Pan with Cover Strauss Pro\",\"attr\":\"\",\"sku\":\"38296\",\"l2\":\"Batterie de cuisine\",\"sl\":\"sauteuse-et-couvercle-strauss-pro-5l-orly-38296\",\"sn\":\"\",\"idxP\":31},{\"mq\":\"Orly\",\"nm\":\"Casserole Strauss Pro 7L\",\"nme\":\"Saucepan Strauss Pro 7 L\",\"attr\":\"\",\"sku\":\"38314\",\"l2\":\"Batterie de cuisine\",\"sl\":\"casserole-strauss-pro-7l-orly-38314\",\"sn\":\"\",\"idxP\":19},{\"mq\":\"Orly\",\"nm\":\"Casserole Strauss Pro 3,8L\",\"nme\":\"Saucepan Strauss Pro 3.8 L\",\"attr\":\"\",\"sku\":\"38313\",\"l2\":\"Batterie de cuisine\",\"sl\":\"casserole-strauss-pro-38l-orly-38313\",\"sn\":\"\",\"idxP\":13},{\"mq\":\"Orly\",\"nm\":\"Marmite Strauss Pro 13,5L\",\"nme\":\"Cooking Pot Strauss Pro 13.5L\",\"attr\":\"\",\"sku\":\"38320\",\"l2\":\"Batterie de cuisine\",\"sl\":\"marmite-strauss-pro-135l-orly-38320\",\"sn\":\"\",\"idxP\":29},{\"mq\":\"Orly\",\"nm\":\"Casserole \u00E0 sauce Strauss Pro\",\"nme\":\"Saucepan Strauss Pro\",\"attr\":\"\",\"sku\":\"38302\",\"l2\":\"Batterie de cuisine\",\"sl\":\"casserole-a-sauce-strauss-pro-orly-38302\",\"sn\":\"\",\"idxP\":13},{\"mq\":\"Orly\",\"nm\":\"Marmite Strauss Pro 36L\",\"nme\":\"Cooking Pot Strauss Pro 36L\",\"attr\":\"\",\"sku\":\"38325\",\"l2\":\"Batterie de cuisine\",\"sl\":\"marmite-strauss-pro-36l-orly-38325\",\"sn\":\"\",\"idxP\":19},{\"mq\":\"Orly\",\"nm\":\"Marmite Strauss Pro 17L\",\"nme\":\"Cooking Pot Strauss Pro 17L\",\"attr\":\"\",\"sku\":\"38321\",\"l2\":\"Batterie de cuisine\",\"sl\":\"marmite-strauss-pro-17l-orly-38321\",\"sn\":\"\",\"idxP\":27},{\"mq\":\"Orly\",\"nm\":\"Marmite strauss pro \u00E0 induction 21L\",\"nme\":\"Cooking Pot Strauss Pro 21L\",\"attr\":\"\",\"sku\":\"38322\",\"l2\":\"Batterie de cuisine\",\"sl\":\"marmite-strauss-pro-a-induction-21l-orly-38322\",\"sn\":\"\",\"idxP\":23},{\"mq\":\"Orly\",\"nm\":\"Moule \u00E0 muffin 12 caissettes en silicone\",\"nme\":\"Muffin Mold 12 Silicon Cups\",\"attr\":\"\",\"sku\":\"20866\",\"l2\":\"Accessoire de p\u00E2tisserie\",\"sl\":\"moule-a-muffin-12-caissettes-en-silicone-orly-20866\",\"sn\":\"moules\",\"idxP\":12},{\"mq\":\"Orly\",\"nm\":\"Moule \u00E0 g\u00E2teau carr\u00E9 9\\\"x9\\\"\",\"nme\":\"Square Cake Mold 9\\\"x9\\\"\",\"attr\":\"\",\"sku\":\"20873\",\"l2\":\"Accessoire de p\u00E2tisserie\",\"sl\":\"moule-a-gateau-carre-9x9-orly-20873\",\"sn\":\"moules\",\"idxP\":19},{\"mq\":\"Orly\",\"nm\":\"Marmite Strauss Pro 24L\",\"nme\":\"Cooking Pot Strauss Pro 24L\",\"attr\":\"\",\"sku\":\"38323\",\"l2\":\"Batterie de cuisine\",\"sl\":\"marmite-strauss-pro-24l-orly-38323\",\"sn\":\"\",\"idxP\":19},{\"mq\":\"Orly\",\"nm\":\"Casserole \u00E0 sauce Strauss Pro 3L\",\"nme\":\"Saucepan Strauss Pro 3 L\",\"attr\":\"\",\"sku\":\"38299\",\"l2\":\"Batterie de cuisine\",\"sl\":\"casserole-a-sauce-strauss-pro-3l-orly-38299\",\"sn\":\"\",\"idxP\":11},{\"mq\":\"Orly\",\"nm\":\"Nettoyeur pour l'inox et le cuivre\",\"nme\":\"Stainless Steel and Copper Cleaner\",\"attr\":\"\",\"sku\":\"38330\",\"l2\":\"Batterie de cuisine\",\"sl\":\"nettoyeur-pour-linox-et-le-cuivre-orly-38330\",\"sn\":\"\",\"idxP\":13},{\"mq\":\"Orly\",\"nm\":\"Braisi\u00E8re 12L.  Strauss Pro\",\"nme\":\"Cooking Pot Strauss Pro 12L\",\"attr\":\"\",\"sku\":\"38327\",\"l2\":\"Batterie de cuisine\",\"sl\":\"braisiere-12l.-strauss-pro-orly-38327\",\"sn\":\"\",\"idxP\":23},{\"mq\":\"Orly\",\"nm\":\"Moule \u00E0 6 muffins g\u00E9ants\",\"nme\":\"6 Jumbo Muffins Pan\",\"attr\":\"\",\"sku\":\"38385\",\"l2\":\"Accessoire de p\u00E2tisserie\",\"sl\":\"moule-a-6-muffins-geants-orly-38385\",\"sn\":\"moules\",\"idxP\":27},{\"mq\":\"Orly\",\"nm\":\"Plaque \u00E0 biscuit 15\\\"x10\\\"\",\"nme\":\"Baking Sheet 15\\\"x10\\\"\",\"attr\":\"\",\"sku\":\"38380\",\"l2\":\"Accessoire de p\u00E2tisserie\",\"sl\":\"plaque-a-biscuit-15x10-orly-38380\",\"sn\":\"\",\"idxP\":25},{\"mq\":\"Orly\",\"nm\":\"Moule charni\u00E8re 23 cm \\\/ 9\\\"\",\"nme\":\"Springform Pan 23 cm \\\/ 9\\\"\",\"attr\":\"\",\"sku\":\"38392\",\"l2\":\"Accessoire de p\u00E2tisserie\",\"sl\":\"moule-charniere-23-cm-9-orly-38392\",\"sn\":\"moules\",\"idxP\":38},{\"mq\":\"Orly\",\"nm\":\"Plaque \u00E0 biscuit 13\\\"\",\"nme\":\"Sheet Cookie 13\\\"\",\"attr\":\"\",\"sku\":\"38379\",\"l2\":\"Accessoire de p\u00E2tisserie\",\"sl\":\"plaque-a-biscuit-13-orly-38379\",\"sn\":\"\",\"idxP\":24},{\"mq\":\"Orly\",\"nm\":\"Moule \u00E0 quiche 28 cm \\\/ 11\\\"\",\"nme\":\"Quiche Pan 28 cm \\\/ 11\\\"\",\"attr\":\"\",\"sku\":\"38399\",\"l2\":\"Accessoire de p\u00E2tisserie\",\"sl\":\"moule-a-quiche-28-cm-11-orly-38399\",\"sn\":\"moules\",\"idxP\":23},{\"mq\":\"Orly\",\"nm\":\"Moule \u00E0 quiche mini \\\/ 4\\\"\",\"nme\":\"Mini Quiche Pan 4\\\"\",\"attr\":\"\",\"sku\":\"38400\",\"l2\":\"Accessoire de p\u00E2tisserie\",\"sl\":\"moule-a-quiche-mini-4-orly-38400\",\"sn\":\"moules\",\"idxP\":52},{\"mq\":\"Orly\",\"nm\":\"Presse citron\",\"nme\":\"Lemon Squeezer\",\"attr\":\"\",\"sku\":\"38448\",\"l2\":\"Ustensiles et accessoires\",\"sl\":\"presse-citron-orly-38448\",\"sn\":\"citrons\",\"idxP\":30},{\"mq\":\"Orly\",\"nm\":\"Marmite Strauss Pro 28,5L\",\"nme\":\"Cooking Pot Le Stock Pot 28.5L\",\"attr\":\"\",\"sku\":\"38324\",\"l2\":\"Batterie de cuisine\",\"sl\":\"marmite-strauss-pro-285l-orly-38324\",\"sn\":\"\",\"idxP\":16},{\"mq\":\"Orly\",\"nm\":\"Moule \u00E0 gateau des anges 9,5\\\"\",\"nme\":\"Angel Food Removable Pan 9.5\\\"\",\"attr\":\"\",\"sku\":\"38390\",\"l2\":\"Accessoire de p\u00E2tisserie\",\"sl\":\"moule-a-gateau-des-anges-95-orly-38390\",\"sn\":\"moules\",\"idxP\":21},{\"mq\":\"Orly\",\"nm\":\"Braisi\u00E8re 15L.  Strauss Pro\",\"nme\":\"Braiser 15L. Strauss Pro\",\"attr\":\"\",\"sku\":\"38328\",\"l2\":\"Batterie de cuisine\",\"sl\":\"braisiere-15l.-strauss-pro-orly-38328\",\"sn\":\"\",\"idxP\":7},{\"mq\":\"Orly\",\"nm\":\"Moule \u00E0 12 muffins\",\"nme\":\"12 Muffins Pan La P\u00E2tisserie\",\"attr\":\"\",\"sku\":\"38383\",\"l2\":\"Accessoire de p\u00E2tisserie\",\"sl\":\"moule-a-12-muffins-orly-38383\",\"sn\":\"moules\",\"idxP\":25},{\"mq\":\"Orly\",\"nm\":\"Moule charni\u00E8re mini 5\\\"\",\"nme\":\"Springform Pan Mini 5\\\"\",\"attr\":\"\",\"sku\":\"38394\",\"l2\":\"Accessoire de p\u00E2tisserie\",\"sl\":\"moule-charniere-mini-5-orly-38394\",\"sn\":\"moules\",\"idxP\":31},{\"mq\":\"Orly\",\"nm\":\"Plaque \u00E0 biscuit 17\\\"x11\\\"\",\"nme\":\"Baking Sheet 17\\\"x11\\\"\",\"attr\":\"\",\"sku\":\"38381\",\"l2\":\"Accessoire de p\u00E2tisserie\",\"sl\":\"plaque-a-biscuit-17x11-orly-38381\",\"sn\":\"\",\"idxP\":35},{\"mq\":\"Orly\",\"nm\":\"Moule charni\u00E8re 20 cm \\\/ 8\\\"\",\"nme\":\"Springform Pan 20 cm \\\/ 8\\\"\",\"attr\":\"\",\"sku\":\"38391\",\"l2\":\"Accessoire de p\u00E2tisserie\",\"sl\":\"moule-charniere-20-cm-8-orly-38391\",\"sn\":\"moules\",\"idxP\":47},{\"mq\":\"Orly\",\"nm\":\"Presse-agrumes\",\"nme\":\"Citrus Juicer\",\"attr\":\"\",\"sku\":\"38449\",\"l2\":\"Ustensiles et accessoires\",\"sl\":\"presse-agrumes-orly-38449\",\"sn\":\"\",\"idxP\":26},{\"mq\":\"Orly\",\"nm\":\"Po\u00EAlon Tough Pan 20 cm \\\/ 7,8\\\"\",\"nme\":\"Fry Pan Tough Pan 20 cm \\\/ 7.8\\\"\",\"attr\":\"\u00C9cologique\",\"sku\":\"39281\",\"l2\":\"Batterie de cuisine\",\"sl\":\"poelon-tough-pan-20-cm-78-orly-39281\",\"sn\":\"\",\"idxP\":25},{\"mq\":\"Orly\",\"nm\":\"Presse \u00E0 biscuit Strauss\",\"nme\":\"Strauss Cookie Press\",\"attr\":\"\",\"sku\":\"38415\",\"l2\":\"Accessoire de p\u00E2tisserie\",\"sl\":\"presse-a-biscuit-strauss-orly-38415\",\"sn\":\"\",\"idxP\":22},{\"mq\":\"Orly\",\"nm\":\"Balance de cuisine digitale acier inoxydable 5kg\",\"nme\":\"Stainless Steel Digital Scale 5kg\",\"attr\":\"\",\"sku\":\"38463\",\"l2\":\"Accessoire de cuisine\",\"sl\":\"balance-de-cuisine-digitale-acier-inoxydable-5kg-orly-38463\",\"sn\":\"\",\"idxP\":26},{\"mq\":\"Orly\",\"nm\":\"Po\u00EAlon Tough Pan 24 cm \\\/ 9,4\\\"\",\"nme\":\"Fry Pan Tough Pan 24 cm \\\/ 9.4\\\"\",\"attr\":\"\u00C9cologique\",\"sku\":\"39282\",\"l2\":\"Batterie de cuisine\",\"sl\":\"poelon-tough-pan-24-cm-94-orly-39282\",\"sn\":\"\",\"idxP\":22},{\"mq\":\"Orly\",\"nm\":\"Po\u00EAlon 28cm\",\"nme\":\"Frypan 28cm\",\"attr\":\"\",\"sku\":\"39283\",\"l2\":\"Batterie de cuisine\",\"sl\":\"poelon-28cm-orly-39283\",\"sn\":\"\",\"idxP\":25},{\"mq\":\"Orly\",\"nm\":\"Po\u00EAlon 32cm\",\"nme\":\"Frypan 32cm\",\"attr\":\"\",\"sku\":\"39284\",\"l2\":\"Batterie de cuisine\",\"sl\":\"poelon-32cm-orly-39284\",\"sn\":\"\",\"idxP\":29},{\"mq\":\"Orly\",\"nm\":\"Moule \u00E0 g\u00E2teau rectangulaire 13\\\"x9\\\"\",\"nme\":\"Rectangular Cake Pan 13\\\"x9\\\"\",\"attr\":\"\",\"sku\":\"38397\",\"l2\":\"Accessoire de p\u00E2tisserie\",\"sl\":\"moule-a-gateau-rectangulaire-13x9-orly-38397\",\"sn\":\"moules\",\"idxP\":26},{\"mq\":\"Orly\",\"nm\":\"Ouvre-bo\u00EEte\",\"nme\":\"Can Opener\",\"attr\":\"\",\"sku\":\"42078\",\"l2\":\"Ustensiles et accessoires\",\"sl\":\"ouvre-boite-orly-42078\",\"sn\":\"\",\"idxP\":20},{\"mq\":\"Orly\",\"nm\":\"Moule \u00E0 24 muffins mini\",\"nme\":\"24 Mini Muffins Pan\",\"attr\":\"\",\"sku\":\"38386\",\"l2\":\"Accessoire de p\u00E2tisserie\",\"sl\":\"moule-a-24-muffins-mini-orly-38386\",\"sn\":\"moules\",\"idxP\":16},{\"mq\":\"Orly\",\"nm\":\"D\u00E9coupe pizza 6 cm\",\"nme\":\"Pizza Cutter 6 cm\",\"attr\":\"\",\"sku\":\"42076\",\"l2\":\"Accessoire pour pizza\",\"sl\":\"decoupe-pizza-6-cm-orly-42076\",\"sn\":\"\",\"idxP\":5},{\"mq\":\"Sagetra\",\"nm\":\"Fouet fran\u00E7ais 20\\\"\",\"nme\":\"Stainless Piano Whip 20\\\"\",\"attr\":\"\",\"sku\":\"24112\",\"l2\":\"Ustensiles et accessoires\",\"sl\":\"fouet-francais-20-sagetra-24112\",\"sn\":\"\",\"idxP\":9},{\"mq\":\"Sagetra\",\"nm\":\"Fouet fran\u00E7ais 22''\",\"nme\":\"Stainless Piano Whip 22''\",\"attr\":\"\",\"sku\":\"24113\",\"l2\":\"Ustensiles et accessoires\",\"sl\":\"fouet-francais-22-sagetra-24113\",\"sn\":\"\",\"idxP\":9},{\"mq\":\"Danesco\",\"nm\":\"Ensemble d'accessoires de bar 5 morceaux\",\"nme\":\"Cocktail Bar Set 5 Pieces\",\"attr\":\"\",\"sku\":\"26772\",\"l2\":\"Ustensiles et accessoires\",\"sl\":\"ensemble-daccessoires-de-bar-5-morceaux-danesco-26772\",\"sn\":\"\",\"idxP\":7},{\"mq\":\"Danesco\",\"nm\":\"Verre \u00E0 martini en inox 250 ml\",\"nme\":\"Stainless Steel Martini Glass\",\"attr\":\"\",\"sku\":\"26767\",\"l2\":\"Verrerie\",\"sl\":\"verre-a-martini-en-inox-250-ml-danesco-26767\",\"sn\":\"\",\"idxP\":10},{\"mq\":\"Browne\",\"nm\":\"Bol \u00E0 fruit blanc 4\\\" 7\\\/8\",\"nme\":\"White Fruit Bowl 4\\\" 7\\\/8\",\"attr\":\"\",\"sku\":\"24656\",\"l2\":\"Vaisselle\",\"sl\":\"bol-a-fruit-blanc-4-78-browne-24656\",\"sn\":\"\",\"idxP\":48},{\"mq\":\"Browne\",\"nm\":\"Bol en porcelaine Palm 5\\\" \\\/ 12,7 cm\",\"nme\":\"Palm Porcelain Cereal Bowl 5\\\" \\\/ 12.7 cm\",\"attr\":\"\",\"sku\":\"24655\",\"l2\":\"Vaisselle\",\"sl\":\"bol-en-porcelaine-palm-5-127-cm-browne-24655\",\"sn\":\"\",\"idxP\":24},{\"mq\":\"Danesco\",\"nm\":\"Coupe \u00E0 vin en inox 10 oz \\\/ 300 ml\",\"nme\":\"Stainless Steel Wine Goblet 10 oz \\\/ 300 ml\",\"attr\":\"\",\"sku\":\"26768\",\"l2\":\"Verrerie\",\"sl\":\"coupe-a-vin-en-inox-10-oz-300-ml-danesco-26768\",\"sn\":\"\",\"idxP\":19},{\"mq\":\"Labell\",\"nm\":\"Planche \u00E0 cuisson en c\u00E8dre 16\\\"x7.25\\\"x16\\\"\",\"nme\":\"Cedar Grilling Plank 16\\\"x7.25\\\"x16\\\"\",\"attr\":\"\",\"sku\":\"21958\",\"l2\":\"Planche\",\"sl\":\"planche-a-cuisson-en-cedre-16x7.25x16-labell-21958\",\"sn\":\"\",\"idxP\":8},{\"mq\":\"Oxo Danesco\",\"nm\":\"Tranche-pomme\",\"nme\":\"Apple Wedge\",\"attr\":\"\",\"sku\":\"22072\",\"l2\":\"Ustensiles et accessoires\",\"sl\":\"tranche-pomme-oxo-danesco-22072\",\"sn\":\"apples, pommes\",\"idxP\":6},{\"mq\":\"Oxo Danesco\",\"nm\":\"Denoyauteur cerise et olive\",\"nme\":\"Cherry & Olive Pitter\",\"attr\":\"\",\"sku\":\"22078\",\"l2\":\"Ustensiles et accessoires\",\"sl\":\"denoyauteur-cerise-et-olive-oxo-danesco-22078\",\"sn\":\"\",\"idxP\":11},{\"mq\":\"Oxo Danesco\",\"nm\":\"Roulette \u00E0 pizza\",\"nme\":\"Jumbo Wheel Pizza\",\"attr\":\"\",\"sku\":\"22087\",\"l2\":\"Accessoire pour pizza\",\"sl\":\"roulette-a-pizza-oxo-danesco-22087\",\"sn\":\"\",\"idxP\":18},{\"mq\":\"Labell\",\"nm\":\"Traitement initial pour planche \u00E0 d\u00E9couper en bois\",\"nme\":\"Hardwood Cutting Board Initial Treatment\",\"attr\":\"\",\"sku\":\"21952\",\"l2\":\"Planche\",\"sl\":\"traitement-initial-pour-planche-a-decouper-en-bois-labell-21952\",\"sn\":\"\",\"idxP\":26},{\"mq\":\"Labell\",\"nm\":\"Planche d'\u00E9caillage \u00E0 hu\u00EEtres\",\"nme\":\"Oyster Chipping Board\",\"attr\":\"\",\"sku\":\"21960\",\"l2\":\"Planche\",\"sl\":\"planche-decaillage-a-huitres-labell-21960\",\"sn\":\"\",\"idxP\":17},{\"mq\":\"Oxo Danesco\",\"nm\":\"Ouvre-bocal avec base antid\u00E9rapante\",\"nme\":\"Jar Opener with Base Pad\",\"attr\":\"\",\"sku\":\"22092\",\"l2\":\"Ustensiles et accessoires\",\"sl\":\"ouvre-bocal-avec-base-antiderapante-oxo-danesco-22092\",\"sn\":\"\",\"idxP\":10},{\"mq\":\"Oxo Danesco\",\"nm\":\"Double cuill\u00E8re parisienne pour melon\",\"nme\":\"Double Melon Baller\",\"attr\":\"\",\"sku\":\"22076\",\"l2\":\"Ustensiles et accessoires\",\"sl\":\"double-cuillere-parisienne-pour-melon-oxo-danesco-22076\",\"sn\":\"\",\"idxP\":12},{\"mq\":\"Oxo Danesco\",\"nm\":\"Presse-agrumes\",\"nme\":\"Reamer\",\"attr\":\"\",\"sku\":\"22074\",\"l2\":\"Ustensiles et accessoires\",\"sl\":\"presse-agrumes-oxo-danesco-22074\",\"sn\":\"\",\"idxP\":7},{\"mq\":\"Oxo Danesco\",\"nm\":\"Spatule en silicone 24 cm \\\/ 9,5\\\"\",\"nme\":\"Silicone Spatula 24cm \\\/ 9.5\\\"\",\"attr\":\"\",\"sku\":\"22113\",\"l2\":\"Ustensiles et accessoires\",\"sl\":\"spatule-en-silicone-24-cm-95-oxo-danesco-22113\",\"sn\":\"\",\"idxP\":11},{\"mq\":\"Oxo Danesco\",\"nm\":\"Tasse gradu\u00E9e incurv\u00E9e\",\"nme\":\"Angled Measuring Cup\",\"attr\":\"\",\"sku\":\"22118\",\"l2\":\"Accessoire de cuisine\",\"sl\":\"tasse-graduee-incurvee-oxo-danesco-22118\",\"sn\":\"\",\"idxP\":20},{\"mq\":\"Labell\",\"nm\":\"Planche de cuisson en \u00E9rable 16\\\"x7,25\\\"x5\\\/16\\\"\",\"nme\":\"Maple BBQ Grilling Planks 16\\\"x7.25\\\"x5\\\/16\\\"\",\"attr\":\"\",\"sku\":\"21959\",\"l2\":\"Planche\",\"sl\":\"planche-de-cuisson-en-erable-16x725x516-labell-21959\",\"sn\":\"\",\"idxP\":9},{\"mq\":\"Oxo Danesco\",\"nm\":\"\u00C9plucheur pivotant\",\"nme\":\"Swivel Peeler\",\"attr\":\"\",\"sku\":\"22066\",\"l2\":\"Ustensiles et accessoires\",\"sl\":\"eplucheur-pivotant-oxo-danesco-22066\",\"sn\":\"\",\"idxP\":23},{\"mq\":\"Sagetra\",\"nm\":\"Support \u00E0 g\u00E2teau 13\\\"\",\"nme\":\"Cake Stand 33 cm \\\/ 13\\\"\",\"attr\":\"\",\"sku\":\"22101\",\"l2\":\"Accessoire de p\u00E2tisserie\",\"sl\":\"support-a-gateau-13-sagetra-22101\",\"sn\":\"\",\"idxP\":22},{\"mq\":\"Oxo Danesco\",\"nm\":\"Cuill\u00E8re \u00E0 cr\u00E8me glac\u00E9e Oxo Danesco\",\"nme\":\"Oxo Danesco Ice Cream Spoon\",\"attr\":\"\",\"sku\":\"22122\",\"l2\":\"Ustensiles et accessoires\",\"sl\":\"cuillere-a-creme-glacee-oxo-danesco-oxo-danesco-22122\",\"sn\":\"\",\"idxP\":14},{\"mq\":\"Oxo Danesco\",\"nm\":\"Bac \u00E0 glacon\",\"nme\":\"Ice Cube Tray\",\"attr\":\"\",\"sku\":\"22137\",\"l2\":\"Ustensiles et accessoires\",\"sl\":\"bac-a-glacon-oxo-danesco-22137\",\"sn\":\"plateau\",\"idxP\":8},{\"mq\":\"Oxo Danesco\",\"nm\":\"D\u00E9capsuleur Oxo Danesco\",\"nme\":\"Bottle Opener Danesco\",\"attr\":\"\",\"sku\":\"22091\",\"l2\":\"Ustensiles et accessoires\",\"sl\":\"decapsuleur-oxo-danesco-oxo-danesco-22091\",\"sn\":\"\",\"idxP\":14},{\"mq\":\"Oxo Danesco\",\"nm\":\"Tasse gradu\u00E9e incurv\u00E9e mini 60 ml\",\"nme\":\"Mini Angled Measuring 1\\\/4 Cup \\\/ 60 ml\",\"attr\":\"\",\"sku\":\"22117\",\"l2\":\"Accessoire de cuisine\",\"sl\":\"tasse-graduee-incurvee-mini-60-ml-oxo-danesco-22117\",\"sn\":\"\",\"idxP\":22},{\"mq\":\"Sagetra\",\"nm\":\"Marmite aluminium bordure renforc\u00E9e 40 Qt 4 mm\",\"nme\":\"Aluminium Stock Pot Reinforced Rim 40 Qt 4 mm\",\"attr\":\"\",\"sku\":\"22009\",\"l2\":\"Batterie de cuisine\",\"sl\":\"marmite-aluminium-bordure-renforcee-40-qt-4-mm-sagetra-22009\",\"sn\":\"\",\"idxP\":8},{\"mq\":\"Oxo Danesco\",\"nm\":\"Ouvre-bo\u00EEte\",\"nme\":\"Can Opener\",\"attr\":\"\",\"sku\":\"22090\",\"l2\":\"Ustensiles et accessoires\",\"sl\":\"ouvre-boite-oxo-danesco-22090\",\"sn\":\"\",\"idxP\":25},{\"mq\":\"Oxo Danesco\",\"nm\":\"Petit contenant carr\u00E9\",\"nme\":\"Small Square Mini Container POP 0.4 L\",\"attr\":\"\",\"sku\":\"22143\",\"l2\":\"Contenant et pot\",\"sl\":\"petit-contenant-carre-oxo-danesco-22143\",\"sn\":\"\",\"idxP\":11},{\"mq\":\"Oxo Danesco\",\"nm\":\"Petit contenant rectangulaire\",\"nme\":\"Rectangular Small Container POP 0.6 L\",\"attr\":\"\",\"sku\":\"22144\",\"l2\":\"Contenant et pot\",\"sl\":\"petit-contenant-rectangulaire-oxo-danesco-22144\",\"sn\":\"\",\"idxP\":12},{\"mq\":\"Oxo Danesco\",\"nm\":\"Contenant moyen carr\u00E9 court\",\"nme\":\"Square Medium Short Container POP 2.6 L\",\"attr\":\"\",\"sku\":\"22151\",\"l2\":\"Contenant et pot\",\"sl\":\"contenant-moyen-carre-court-oxo-danesco-22151\",\"sn\":\"\",\"idxP\":17},{\"mq\":\"Oxo Danesco\",\"nm\":\"Contenant rectangulaire\",\"nme\":\"Rectangular Short Container POP 1.6 L\",\"attr\":\"\",\"sku\":\"22146\",\"l2\":\"Contenant et pot\",\"sl\":\"contenant-rectangulaire-oxo-danesco-22146\",\"sn\":\"\",\"idxP\":14},{\"mq\":\"Oxo Danesco\",\"nm\":\"Grand contenant carr\u00E9 5.7L\",\"nme\":\"Large Square Tall Container 5.7 L\",\"attr\":\"\",\"sku\":\"22158\",\"l2\":\"Contenant et pot\",\"sl\":\"grand-contenant-carre-5.7l-oxo-danesco-22158\",\"sn\":\"\",\"idxP\":16},{\"mq\":\"Sagetra\",\"nm\":\"Grille gla\u00E7age fils acier plaqu\u00E9 chrome 17x25 1\\\/2\",\"nme\":\"Mesh Icing Grate Chrome Plated Steel Wire25x17x1,5\",\"attr\":\"\",\"sku\":\"23431\",\"l2\":\"Accessoire de p\u00E2tisserie\",\"sl\":\"grille-glacage-fils-acier-plaque-chrome-17x25-12-sagetra-23431\",\"sn\":\"\",\"idxP\":22},{\"mq\":\"Oxo Danesco\",\"nm\":\"Contenant haut rectangulaire\",\"nme\":\"Rectangular Tall Container POP 2.6 L\",\"attr\":\"\",\"sku\":\"22154\",\"l2\":\"Contenant et pot\",\"sl\":\"contenant-haut-rectangulaire-oxo-danesco-22154\",\"sn\":\"\",\"idxP\":15},{\"mq\":\"Oxo Danesco\",\"nm\":\"Grand contenant carr\u00E9 4.2L\",\"nme\":\"Square Large Container POP 4.2 L\",\"attr\":\"\",\"sku\":\"22157\",\"l2\":\"Contenant et pot\",\"sl\":\"grand-contenant-carre-4.2l-oxo-danesco-22157\",\"sn\":\"\",\"idxP\":19},{\"mq\":\"Sagetra\",\"nm\":\"Douille \u00E0 p\u00E2tisserie \u00E9toile ouverte 0,69 \\\/ 17,5 cm\",\"nme\":\"Pastry Tube Open Star 0,69\\\" \\\/ 17,5 cm\",\"attr\":\"\",\"sku\":\"23477\",\"l2\":\"Accessoire de p\u00E2tisserie\",\"sl\":\"douille-a-patisserie-etoile-ouverte-069-175-cm-sagetra-23477\",\"sn\":\"\",\"idxP\":20},{\"mq\":\"Oxo Danesco\",\"nm\":\"Pince acier inoxydable 41cm\\\/16\\\"\",\"nme\":\"41cm\\\/16\\\" Stainless Steel Tongs\",\"attr\":\"\",\"sku\":\"22136\",\"l2\":\"Ustensiles et accessoires\",\"sl\":\"pince-acier-inoxydable-41cm16-oxo-danesco-22136\",\"sn\":\"\",\"idxP\":14},{\"mq\":\"Sagetra\",\"nm\":\"Douille \u00E0 p\u00E2tisserie \u00E9toile ouverte 0,50\\\" \\\/ 13 cm\",\"nme\":\"Pastry Tube Open Star 0,50\\\" \\\/ 13 cm\",\"attr\":\"\",\"sku\":\"23474\",\"l2\":\"Accessoire de p\u00E2tisserie\",\"sl\":\"douille-a-patisserie-etoile-ouverte-050-13-cm-sagetra-23474\",\"sn\":\"\",\"idxP\":23},{\"mq\":\"Oxo Danesco\",\"nm\":\"Contenant haut rectangulaire\",\"nme\":\"Rectangular Tall Container POP 3.5 L\",\"attr\":\"\",\"sku\":\"22156\",\"l2\":\"Contenant et pot\",\"sl\":\"contenant-haut-rectangulaire-oxo-danesco-22156\",\"sn\":\"\",\"idxP\":13},{\"mq\":\"Sagetra\",\"nm\":\"Grille \u00E0 gla\u00E7age fils d'acier plaqu\u00E9 chrome 14 1\\\/2\",\"nme\":\"Mesh Icing Grate Rack Steel Wire 14,5x20,5x1,5\",\"attr\":\"\",\"sku\":\"23432\",\"l2\":\"Accessoire de p\u00E2tisserie\",\"sl\":\"grille-a-glacage-fils-dacier-plaque-chrome-14-12-sagetra-23432\",\"sn\":\"\",\"idxP\":26},{\"mq\":\"Oxo Danesco\",\"nm\":\"Contenant court carr\u00E9 POP 1 L\",\"nme\":\"Square Short Container POP 1 L\",\"attr\":\"\",\"sku\":\"22145\",\"l2\":\"Contenant et pot\",\"sl\":\"contenant-court-carre-pop-1-l-oxo-danesco-22145\",\"sn\":\"\",\"idxP\":11},{\"mq\":\"Sagetra\",\"nm\":\"Douille \u00E0 p\u00E2tisserie simple 0.69\\\" \\\/ 17,5 mm\",\"nme\":\"Stainless Steel Pastry Tube Plain 0.69\\\" \\\/ 17.5 mm\",\"attr\":\"\",\"sku\":\"23481\",\"l2\":\"Accessoire de p\u00E2tisserie\",\"sl\":\"douille-a-patisserie-simple-0.69-175-mm-sagetra-23481\",\"sn\":\"\",\"idxP\":19},{\"mq\":\"Oxo Danesco\",\"nm\":\"Brosse bouteille flexible\",\"nme\":\"Flexible Neck Bottle Brush 33 cm \\\/ 13\\\"\",\"attr\":\"\",\"sku\":\"22141\",\"l2\":\"Ustensiles et accessoires\",\"sl\":\"brosse-bouteille-flexible-oxo-danesco-22141\",\"sn\":\"\",\"idxP\":11},{\"mq\":\"Sagetra\",\"nm\":\"Douille \u00E0 p\u00E2tisserie \u00E9toile ouverte 0,57 \\\/ 14,5 cm\",\"nme\":\"Pastry Tube Open Star 0,57\\\" \\\/ 14.5 cm\",\"attr\":\"\",\"sku\":\"23475\",\"l2\":\"Accessoire de p\u00E2tisserie\",\"sl\":\"douille-a-patisserie-etoile-ouverte-057-145-cm-sagetra-23475\",\"sn\":\"\",\"idxP\":22},{\"mq\":\"Oxo Danesco\",\"nm\":\"Contenant haut carr\u00E9\",\"nme\":\"Rectangular Tall Container POP 2.1 L\",\"attr\":\"\",\"sku\":\"22153\",\"l2\":\"Contenant et pot\",\"sl\":\"contenant-haut-carre-oxo-danesco-22153\",\"sn\":\"\",\"idxP\":12},{\"mq\":\"Sagetra\",\"nm\":\"Douille \u00E0 p\u00E2tisserie simple 0,63\\\" \\\/ 16 cm\",\"nme\":\"Plain Pastry Tube 0,63\\\" \\\/ 16 cm\",\"attr\":\"\",\"sku\":\"23480\",\"l2\":\"Accessoire de p\u00E2tisserie\",\"sl\":\"douille-a-patisserie-simple-063-16-cm-sagetra-23480\",\"sn\":\"\",\"idxP\":20},{\"mq\":\"Sagetra\",\"nm\":\"Douille \u00E0 p\u00E2tisserie simple 0.50\\\" \\\/ 13 mm\",\"nme\":\"Stainless Steel Pastry Tube Plain 0.50\\\" \\\/ 13 mm\",\"attr\":\"\",\"sku\":\"23478\",\"l2\":\"Accessoire de p\u00E2tisserie\",\"sl\":\"douille-a-patisserie-simple-0.50-13-mm-sagetra-23478\",\"sn\":\"\",\"idxP\":17},{\"mq\":\"Sagetra\",\"nm\":\"Louche 240 ml \\\/ 8 oz en acier inoxydable\",\"nme\":\"Ladle 240 ml \\\/ 8 oz stainless steel\",\"attr\":\"\",\"sku\":\"24501\",\"l2\":\"Ustensiles et accessoires\",\"sl\":\"louche-240-ml-8-oz-en-acier-inoxydable-sagetra-24501\",\"sn\":\"\",\"idxP\":14},{\"mq\":\"Sagetra\",\"nm\":\"M\u00E9langeur en inox 60\\\"\",\"nme\":\"Stainless Steel Mixing Paddle 60\\\"\",\"attr\":\"\",\"sku\":\"25173\",\"l2\":\"Ustensiles et accessoires\",\"sl\":\"melangeur-en-inox-60-sagetra-25173\",\"sn\":\"\",\"idxP\":3},{\"mq\":\"Sagetra\",\"nm\":\"Couvercle alimentaire 12-18L\",\"nme\":\"Food Cover 12-18L\",\"attr\":\"\",\"sku\":\"25185\",\"l2\":\"Contenant et pot\",\"sl\":\"couvercle-alimentaire-12-18l-sagetra-25185\",\"sn\":\"\",\"idxP\":6},{\"mq\":\"Sagetra\",\"nm\":\"Grille \u00E0 beigne fils d'acier plaqu\u00E9 nickel 23\\\"x23\\\"\",\"nme\":\"Doughnut Screen Nickel Plated Steel Wire 23''x23''\",\"attr\":\"\",\"sku\":\"23433\",\"l2\":\"Accessoire de p\u00E2tisserie\",\"sl\":\"grille-a-beigne-fils-dacier-plaque-nickel-23x23-sagetra-23433\",\"sn\":\"\",\"idxP\":12},{\"mq\":\"Sagetra\",\"nm\":\"Louche une pi\u00E8ce 150 ml \\\/ 5 oz\",\"nme\":\"One Piece Ladle 150 ml \\\/ 5 oz\",\"attr\":\"\",\"sku\":\"24498\",\"l2\":\"Ustensiles et accessoires\",\"sl\":\"louche-une-piece-150-ml-5-oz-sagetra-24498\",\"sn\":\"\",\"idxP\":12},{\"mq\":\"Sagetra\",\"nm\":\"Louche une pi\u00E8ce 30 ml \\\/ 1 oz\",\"nme\":\"One Piece Ladle 30 ml \\\/ 1 oz\",\"attr\":\"\",\"sku\":\"24503\",\"l2\":\"Ustensiles et accessoires\",\"sl\":\"louche-une-piece-30-ml-1-oz-sagetra-24503\",\"sn\":\"\",\"idxP\":15},{\"mq\":\"Sagetra\",\"nm\":\"Louche une pi\u00E8ce 180 ml \\\/ 6 oz\",\"nme\":\"One Piece Ladle 180 ml \\\/ 6 oz\",\"attr\":\"\",\"sku\":\"24499\",\"l2\":\"Ustensiles et accessoires\",\"sl\":\"louche-une-piece-180-ml-6-oz-sagetra-24499\",\"sn\":\"\",\"idxP\":11},{\"mq\":\"Sagetra\",\"nm\":\"D\u00E9coupoir cannel\u00E9 7''\",\"nme\":\"Fluted Round Cutter 7''\",\"attr\":\"\",\"sku\":\"24956\",\"l2\":\"Ustensiles et accessoires\",\"sl\":\"decoupoir-cannele-7-sagetra-24956\",\"sn\":\"\",\"idxP\":14},{\"mq\":\"Sagetra\",\"nm\":\"Couvercle bleu rond en poly\u00E9thyl\u00E8ne\",\"nme\":\"Polyethylene Round Blue Cover Blue\",\"attr\":\"\",\"sku\":\"25195\",\"l2\":\"Contenant et pot\",\"sl\":\"couvercle-bleu-rond-en-polyethylene-sagetra-25195\",\"sn\":\"\",\"idxP\":10},{\"mq\":\"Sagetra\",\"nm\":\"Grille fils d'acier plaqu\u00E9 chrome 18\\\"x12 1\\\/2\\\"\",\"nme\":\"Ribbed Grate Chrome Plated Steel Wire 18\\\"x12 1\\\/2\\\"\",\"attr\":\"\",\"sku\":\"25190\",\"l2\":\"Accessoire de p\u00E2tisserie\",\"sl\":\"grille-fils-dacier-plaque-chrome-18x12-12-sagetra-25190\",\"sn\":\"\",\"idxP\":24},{\"mq\":\"Sagetra\",\"nm\":\"Couvercle Rond en Polyethylene Vert\",\"nme\":\"Polyethylene Round Blue Cover Green\",\"attr\":\"\",\"sku\":\"25196\",\"l2\":\"Contenant et pot\",\"sl\":\"couvercle-rond-en-polyethylene-vert-sagetra-25196\",\"sn\":\"\",\"idxP\":11},{\"mq\":\"Sagetra\",\"nm\":\"Douille \u00E0 p\u00E2tisserie \u00E9toile ouverte 0,63\\\" \\\/ 16 cm\",\"nme\":\"Pastry Tube Open Star 0,63\\\" \\\/ 16 cm\",\"attr\":\"\",\"sku\":\"23476\",\"l2\":\"Accessoire de p\u00E2tisserie\",\"sl\":\"douille-a-patisserie-etoile-ouverte-063-16-cm-sagetra-23476\",\"sn\":\"\",\"idxP\":19},{\"mq\":\"Sagetra\",\"nm\":\"R\u00E9cipient antiblocage demi grandeur long 2.5\\\"\",\"nme\":\"Anti-Jam Rectangular Pan Half Size long 2.5\\\"\",\"attr\":\"\",\"sku\":\"23976\",\"l2\":\"Buffet\",\"sl\":\"recipient-antiblocage-demi-grandeur-long-2.5-sagetra-23976\",\"sn\":\"\",\"idxP\":12},{\"mq\":\"Sagetra\",\"nm\":\"Conteneur alimentaire rond polycarbonate 6 Qt\",\"nme\":\"Round Polycarbonate Food Storage Container 6 Qt\",\"attr\":\"\",\"sku\":\"25199\",\"l2\":\"Contenant et pot\",\"sl\":\"conteneur-alimentaire-rond-polycarbonate-6-qt-sagetra-25199\",\"sn\":\"\",\"idxP\":16},{\"mq\":\"Sagetra\",\"nm\":\"Louche une pi\u00E8ce 60 ml \\\/ 2 oz\",\"nme\":\"One Piece Ladle 60 ml \\\/ 2 oz\",\"attr\":\"\",\"sku\":\"24496\",\"l2\":\"Ustensiles et accessoires\",\"sl\":\"louche-une-piece-60-ml-2-oz-sagetra-24496\",\"sn\":\"\",\"idxP\":15},{\"mq\":\"Sagetra\",\"nm\":\"Louche une pi\u00E8ce 480 ml \\\/ 16 oz\",\"nme\":\"One Piece Ladle 480 ml \\\/ 16 oz\",\"attr\":\"\",\"sku\":\"24502\",\"l2\":\"Ustensiles et accessoires\",\"sl\":\"louche-une-piece-480-ml-16-oz-sagetra-24502\",\"sn\":\"\",\"idxP\":10},{\"mq\":\"Sagetra\",\"nm\":\"Fouet style fran\u00E7ais 18\\\"\",\"nme\":\"French Hotel Whisk 18\\\"\",\"attr\":\"\",\"sku\":\"25187\",\"l2\":\"Ustensiles et accessoires\",\"sl\":\"fouet-style-francais-18-sagetra-25187\",\"sn\":\"\",\"idxP\":18},{\"mq\":\"Sagetra\",\"nm\":\"Grille \u00E0 pizza bordure lisse 18\\\"\",\"nme\":\"Pizza Screen 18\\\" Seamless Rim\",\"attr\":\"\",\"sku\":\"25569\",\"l2\":\"Accessoire pour pizza\",\"sl\":\"grille-a-pizza-bordure-lisse-18-sagetra-25569\",\"sn\":\"\",\"idxP\":20},{\"mq\":\"Sagetra\",\"nm\":\"Louche une pi\u00E8ce 210 ml \\\/ 7 oz\",\"nme\":\"One Piece Ladle 210 ml \\\/ 7 oz\",\"attr\":\"\",\"sku\":\"24500\",\"l2\":\"Ustensiles et accessoires\",\"sl\":\"louche-une-piece-210-ml-7-oz-sagetra-24500\",\"sn\":\"\",\"idxP\":10},{\"mq\":\"Sagetra\",\"nm\":\"Faux-fond pour r\u00E9cipent en polycarb.NSF grand\",\"nme\":\"False Bottom for Food Pan Polycarb. NSF Full Size\",\"attr\":\"\",\"sku\":\"25559\",\"l2\":\"Buffet\",\"sl\":\"faux-fond-pour-recipent-en-polycarb.nsf-grand-sagetra-25559\",\"sn\":\"\",\"idxP\":9},{\"mq\":\"Sagetra\",\"nm\":\"Douille \u00E0 p\u00E2tisserie simple 0,57\\\" \\\/ 14,5 cm\",\"nme\":\"Plain Pastry Tube 0,57\\\" \\\/ 14,5 cm\",\"attr\":\"\",\"sku\":\"23479\",\"l2\":\"Accessoire de p\u00E2tisserie\",\"sl\":\"douille-a-patisserie-simple-057-145-cm-sagetra-23479\",\"sn\":\"\",\"idxP\":22},{\"mq\":\"Sagetra\",\"nm\":\"Louche une pi\u00E8ce 90 ml \\\/ 3 oz\",\"nme\":\"One Piece Ladle 90 ml \\\/ 3 oz\",\"attr\":\"\",\"sku\":\"24497\",\"l2\":\"Ustensiles et accessoires\",\"sl\":\"louche-une-piece-90-ml-3-oz-sagetra-24497\",\"sn\":\"\",\"idxP\":9},{\"mq\":\"Sagetra\",\"nm\":\"Grille fils d'acier plaqu\u00E9 chrome 16 1\\\/4\\\"x25\\\"x1\\\"\",\"nme\":\"Ribbed Grate Chrome Plated Steel Wire16.25x25x1\",\"attr\":\"\",\"sku\":\"25172\",\"l2\":\"Accessoire de p\u00E2tisserie\",\"sl\":\"grille-fils-dacier-plaque-chrome-16-14x25x1-sagetra-25172\",\"sn\":\"\",\"idxP\":21},{\"mq\":\"Sagetra\",\"nm\":\"Grille \u00E0 pizza bordure lisse 16\\\"\",\"nme\":\"Pizza Screen 16\\\" Seamless Rim\",\"attr\":\"\",\"sku\":\"25568\",\"l2\":\"Accessoire pour pizza\",\"sl\":\"grille-a-pizza-bordure-lisse-16-sagetra-25568\",\"sn\":\"\",\"idxP\":25},{\"mq\":\"Sagetra\",\"nm\":\"Conteneur alimentaire rond polycarbonate 22 Qt\",\"nme\":\"Round Polycarbonate Food Storage Container 22 Qt\",\"attr\":\"\",\"sku\":\"25197\",\"l2\":\"Contenant et pot\",\"sl\":\"conteneur-alimentaire-rond-polycarbonate-22-qt-sagetra-25197\",\"sn\":\"\",\"idxP\":8},{\"mq\":\"Sagetra\",\"nm\":\"Grille \u00E0 pizza bordure lisse 14\\\"\",\"nme\":\"Pizza Screen Seamless Rim 14\\\"\",\"attr\":\"\",\"sku\":\"25567\",\"l2\":\"Accessoire pour pizza\",\"sl\":\"grille-a-pizza-bordure-lisse-14-sagetra-25567\",\"sn\":\"\",\"idxP\":36},{\"mq\":\"Sagetra\",\"nm\":\"Coupe p\u00E2te 6\\\"x4\\\"\",\"nme\":\"Dough Cutter 6\\\"x4\\\"\",\"attr\":\"\",\"sku\":\"25907\",\"l2\":\"Ustensiles et accessoires\",\"sl\":\"coupe-pate-6x4-sagetra-25907\",\"sn\":\"\",\"idxP\":38},{\"mq\":\"Sagetra\",\"nm\":\"Couteau \u00E0 beurre 3 5\\\/8\\\"\",\"nme\":\"Butter Spreader 3 5\\\/8\\\"\",\"attr\":\"\",\"sku\":\"25712\",\"l2\":\"Ustensile de table\",\"sl\":\"couteau-a-beurre-3-58-sagetra-25712\",\"sn\":\"\",\"idxP\":75},{\"mq\":\"Sagetra\",\"nm\":\"Couvercle plein r\u00E9cipient antiblocage grandeur 1\\\/2\",\"nme\":\"Solid Cover Anti-Jam Rectangular Pan 1\\\/2 Size\",\"attr\":\"\",\"sku\":\"31178\",\"l2\":\"Buffet\",\"sl\":\"couvercle-plein-recipient-antiblocage-grandeur-12-sagetra-31178\",\"sn\":\"\",\"idxP\":26},{\"mq\":\"Sagetra\",\"nm\":\"Couvercle pour bain-marie 1 1\\\/4 Qt\",\"nme\":\"Bain-Marie Cover 1 1\\\/4 Qt\",\"attr\":\"\",\"sku\":\"39274\",\"l2\":\"Buffet\",\"sl\":\"couvercle-pour-bain-marie-1-14-qt-sagetra-39274\",\"sn\":\"\",\"idxP\":9},{\"mq\":\"Sanelli\",\"nm\":\"\u00C9plucheur \u00E0 pomme de terre 3\\\"\",\"nme\":\"Potato Peeler 3\\\"\",\"attr\":\"\",\"sku\":\"39690\",\"l2\":\"Ustensiles et accessoires\",\"sl\":\"eplucheur-a-pomme-de-terre-3-sanelli-39690\",\"sn\":\"pommes\",\"idxP\":11},{\"mq\":\"Sagetra\",\"nm\":\"\u00C9cumoire ronde \u00E0 maille 7'' x 20''\",\"nme\":\"Round Wire Skimmer 7'' x 20''\",\"attr\":\"\",\"sku\":\"25901\",\"l2\":\"Ustensiles et accessoires\",\"sl\":\"ecumoire-ronde-a-maille-7-x-20-sagetra-25901\",\"sn\":\"\",\"idxP\":21},{\"mq\":\"Sagetra\",\"nm\":\"Palette \u00E0 tourner perfor\u00E9e 8 1\\\/4\\\" x 3\\\"\",\"nme\":\"Perforated Flexible Turner 8 1\\\/4\\\" x 3\\\"\",\"attr\":\"\",\"sku\":\"25906\",\"l2\":\"Ustensiles et accessoires\",\"sl\":\"palette-a-tourner-perforee-8-14-x-3-sagetra-25906\",\"sn\":\"\",\"idxP\":19},{\"mq\":\"Sagetra\",\"nm\":\"Couvercle bain-marie 6 Qt\",\"nme\":\"Bain-Marie Cover 6 Qt\",\"attr\":\"\",\"sku\":\"39278\",\"l2\":\"Buffet\",\"sl\":\"couvercle-bain-marie-6-qt-sagetra-39278\",\"sn\":\"\",\"idxP\":4},{\"mq\":\"Sagetra\",\"nm\":\"Feuille de cuisson en silicone grandeur 1\\\/4\",\"nme\":\"Silicone Baking Mat Size 1\\\/4\",\"attr\":\"\",\"sku\":\"39691\",\"l2\":\"Accessoire de p\u00E2tisserie\",\"sl\":\"feuille-de-cuisson-en-silicone-grandeur-14-sagetra-39691\",\"sn\":\"\",\"idxP\":30},{\"mq\":\"Sagetra\",\"nm\":\"Couvercle plein r\u00E9cipient antiblocage grandeur 1\\\/1\",\"nme\":\"Solid Cover Anti-Jam Rectangular Pan 1\\\/1 Size\",\"attr\":\"\",\"sku\":\"31176\",\"l2\":\"Buffet\",\"sl\":\"couvercle-plein-recipient-antiblocage-grandeur-11-sagetra-31176\",\"sn\":\"\",\"idxP\":34},{\"mq\":\"Sagetra\",\"nm\":\"Couvercle \u00E0 rainures r\u00E9cipient antiblocage 1\\\/6\",\"nme\":\"Slotted Cover Anti-Jam Rectangular Pan 1\\\/6 Size\",\"attr\":\"\",\"sku\":\"31193\",\"l2\":\"Buffet\",\"sl\":\"couvercle-a-rainures-recipient-antiblocage-16-sagetra-31193\",\"sn\":\"\",\"idxP\":22},{\"mq\":\"Sagetra\",\"nm\":\"Couvercle pour bain-marie 8 1\\\/4 Qt\",\"nme\":\"Bain-Marie Cover 8 1\\\/4 Qt\",\"attr\":\"\",\"sku\":\"39279\",\"l2\":\"Buffet\",\"sl\":\"couvercle-pour-bain-marie-8-14-qt-sagetra-39279\",\"sn\":\"\",\"idxP\":5},{\"mq\":\"Sagetra\",\"nm\":\"Doseur en inox 1 x 1 1\\\/2 oz\",\"nme\":\"Stainless Steel Jiggers 1 x 1 1\\\/2 oz\",\"attr\":\"\",\"sku\":\"27004\",\"l2\":\"Ustensiles et accessoires\",\"sl\":\"doseur-en-inox-1-x-1-12-oz-sagetra-27004\",\"sn\":\"\",\"idxP\":37},{\"mq\":\"Sagetra\",\"nm\":\"Couvercle bain-marie 2 Qt \\\/ 4 7\\\/8\\\"\",\"nme\":\"Bain-Marie Cover 2 Qt \\\/ 4 7\\\/8\\\"\",\"attr\":\"\",\"sku\":\"39275\",\"l2\":\"Buffet\",\"sl\":\"couvercle-bain-marie-2-qt-4-78-sagetra-39275\",\"sn\":\"\",\"idxP\":3},{\"mq\":\"Sagetra\",\"nm\":\"Feuille de cuisson en silicone pleine grandeur\",\"nme\":\"Silicone Baking Mat Full Size\",\"attr\":\"\",\"sku\":\"39696\",\"l2\":\"Accessoire de p\u00E2tisserie\",\"sl\":\"feuille-de-cuisson-en-silicone-pleine-grandeur-sagetra-39696\",\"sn\":\"\",\"idxP\":31},{\"mq\":\"Sagetra\",\"nm\":\"Couvercle plein r\u00E9cipient antiblocage grandeur 1\\\/6\",\"nme\":\"Solid Cover for Anti-Jam Rectangular Pan 1\\\/6 Size\",\"attr\":\"\",\"sku\":\"31192\",\"l2\":\"Buffet\",\"sl\":\"couvercle-plein-recipient-antiblocage-grandeur-16-sagetra-31192\",\"sn\":\"\",\"idxP\":25},{\"mq\":\"Sagetra\",\"nm\":\"Couvercle bain-marie 4 1\\\/4 Qt \\\/ 6 1\\\/2\\\"\",\"nme\":\"Bain-Marie Cover 4 1\\\/4 Qt \\\/ 6 1\\\/2\\\"\",\"attr\":\"\",\"sku\":\"39277\",\"l2\":\"Buffet\",\"sl\":\"couvercle-bain-marie-4-14-qt-6-12-sagetra-39277\",\"sn\":\"\",\"idxP\":7},{\"mq\":\"Sagetra\",\"nm\":\"Feuille de cuisson en silicone grandeur 1\\\/2\",\"nme\":\"Silicone Baking Mat Size 1\\\/2\",\"attr\":\"\",\"sku\":\"39692\",\"l2\":\"Accessoire de p\u00E2tisserie\",\"sl\":\"feuille-de-cuisson-en-silicone-grandeur-12-sagetra-39692\",\"sn\":\"\",\"idxP\":29},{\"mq\":\"Sagetra\",\"nm\":\"Fourchette de chef courb\u00E9e 13''\",\"nme\":\"Curved Carving Fork 13''\",\"attr\":\"\",\"sku\":\"39698\",\"l2\":\"Ustensile de table\",\"sl\":\"fourchette-de-chef-courbee-13-sagetra-39698\",\"sn\":\"\",\"idxP\":2},{\"mq\":\"Sanelli\",\"nm\":\"Fusil \u00E0 aiguiser 12\\\"\",\"nme\":\"Sharpening Steel 12\\\"\",\"attr\":\"\",\"sku\":\"39700\",\"l2\":\"Couteau de chef\",\"sl\":\"fusil-a-aiguiser-12-sanelli-39700\",\"sn\":\"\",\"idxP\":4},{\"mq\":\"Sagetra\",\"nm\":\"Louche une pi\u00E8ce en inox 4 oz\",\"nme\":\"Stainless Steel One Piece Ladle 4 oz\",\"attr\":\"\",\"sku\":\"40109\",\"l2\":\"Ustensiles et accessoires\",\"sl\":\"louche-une-piece-en-inox-4-oz-sagetra-40109\",\"sn\":\"\",\"idxP\":20},{\"mq\":\"Sagetra\",\"nm\":\"Pilon \u00E0 patate rond 5\\\" D 24\\\" L\",\"nme\":\"Round Potato Masher with Wood Handle 5\\\" D 24\\\" L\",\"attr\":\"\",\"sku\":\"23429\",\"l2\":\"Ustensiles et accessoires\",\"sl\":\"pilon-a-patate-rond-5-d-24-l-sagetra-23429\",\"sn\":\"patates\",\"idxP\":4},{\"mq\":\"Sagetra\",\"nm\":\"Grille \u00E0 pizza bordure lisse 12\\\"\",\"nme\":\"Pizza Screen 12\\\" Seamless Rim\",\"attr\":\"\",\"sku\":\"25566\",\"l2\":\"Accessoire pour pizza\",\"sl\":\"grille-a-pizza-bordure-lisse-12-sagetra-25566\",\"sn\":\"\",\"idxP\":19},{\"mq\":\"Sagetra\",\"nm\":\"Couvercle plein r\u00E9cipient antiblocage grandeur 1\\\/3\",\"nme\":\"Solid Cover Anti-Jam Rectangular Pan 1\\\/3 Size\",\"attr\":\"\",\"sku\":\"31180\",\"l2\":\"Buffet\",\"sl\":\"couvercle-plein-recipient-antiblocage-grandeur-13-sagetra-31180\",\"sn\":\"\",\"idxP\":21},{\"mq\":\"Sagetra\",\"nm\":\"Couvercle pour bain-marie 3 1\\\/2 Qt\",\"nme\":\"Bain-Marie Cover 3 1\\\/2 Qt\",\"attr\":\"\",\"sku\":\"39276\",\"l2\":\"Buffet\",\"sl\":\"couvercle-pour-bain-marie-3-12-qt-sagetra-39276\",\"sn\":\"\",\"idxP\":2},{\"mq\":\"Sagetra\",\"nm\":\"Fouet en forme de globe 48\\\"\",\"nme\":\"Whips Globe 48\\\"\",\"attr\":\"\",\"sku\":\"40107\",\"l2\":\"Ustensiles et accessoires\",\"sl\":\"fouet-en-forme-de-globe-48-sagetra-40107\",\"sn\":\"\",\"idxP\":1},{\"mq\":\"Sagetra\",\"nm\":\"Pelle \u00E0 main 58 oz\",\"nme\":\"Kitchen Bottom Scoop 58 oz\",\"attr\":\"\",\"sku\":\"24802\",\"l2\":\"Ustensiles et accessoires\",\"sl\":\"pelle-a-main-58-oz-sagetra-24802\",\"sn\":\"\",\"idxP\":13},{\"mq\":\"Sagetra\",\"nm\":\"Bac \u00E0 aliment en polycarbonate NSF1\\\/4 grandeurx6\\\"\",\"nme\":\"Deep Food Pan Polycarbonate NSF 1\\\/4 Size x 6\\\"\",\"attr\":\"\",\"sku\":\"25649\",\"l2\":\"Buffet\",\"sl\":\"bac-a-aliment-en-polycarbonate-nsf14-grandeurx6-sagetra-25649\",\"sn\":\"\",\"idxP\":8},{\"mq\":\"Sagetra\",\"nm\":\"M\u00E9langeur \u00E0 p\u00E2te en acier inox 4-1\\\/2 x4-1\\\/2x 1-3\\\/4\",\"nme\":\"Stainless Steel Pastry Blender 4-1\\\/2x4-1\\\/2x1-3\\\/4\",\"attr\":\"\",\"sku\":\"29067\",\"l2\":\"Accessoire de p\u00E2tisserie\",\"sl\":\"melangeur-a-pate-en-acier-inox-4-12-x4-12x-1-34-sagetra-29067\",\"sn\":\"\",\"idxP\":10},{\"mq\":\"Sagetra\",\"nm\":\"Couvercle \u00E0 rainures r\u00E9cipient antiblocage 1\\\/3\",\"nme\":\"Slotted Cover Food Pan Polycarbonate 1\\\/3 Size\",\"attr\":\"\",\"sku\":\"31181\",\"l2\":\"Buffet\",\"sl\":\"couvercle-a-rainures-recipient-antiblocage-13-sagetra-31181\",\"sn\":\"\",\"idxP\":19},{\"mq\":\"Sagetra\",\"nm\":\"Feuille de cuisson en silicone grandeur 2\\\/3\",\"nme\":\"Silicone Baking Mat 2\\\/3 Size\",\"attr\":\"\",\"sku\":\"39693\",\"l2\":\"Accessoire de p\u00E2tisserie\",\"sl\":\"feuille-de-cuisson-en-silicone-grandeur-23-sagetra-39693\",\"sn\":\"\",\"idxP\":44},{\"mq\":\"Sagetra\",\"nm\":\"Pelle \u00E0 main 12 oz\",\"nme\":\"Kitchen Bottom Scoop 12 oz\",\"attr\":\"\",\"sku\":\"24803\",\"l2\":\"Ustensiles et accessoires\",\"sl\":\"pelle-a-main-12-oz-sagetra-24803\",\"sn\":\"\",\"idxP\":27},{\"mq\":\"Sagetra\",\"nm\":\"Pelle \u00E0 main 24 oz\",\"nme\":\"Kitchen Bottom Scoop 24 oz\",\"attr\":\"\",\"sku\":\"24804\",\"l2\":\"Ustensiles et accessoires\",\"sl\":\"pelle-a-main-24-oz-sagetra-24804\",\"sn\":\"\",\"idxP\":22},{\"mq\":\"Sagetra\",\"nm\":\"\u00C9queute tomate 4 1\\\/8\\\"\",\"nme\":\"Tomato Wiz 4 1\\\/8\\\"\",\"attr\":\"\",\"sku\":\"25902\",\"l2\":\"Ustensiles et accessoires\",\"sl\":\"equeute-tomate-4-18-sagetra-25902\",\"sn\":\"tomates\",\"idxP\":29},{\"mq\":\"Sagetra\",\"nm\":\"\u00C9cumoire ronde en maille 5'' x 19 1\\\/2''\",\"nme\":\"Round Wire Skimmer 5'' x 19 1\\\/2''\",\"attr\":\"\",\"sku\":\"25903\",\"l2\":\"Ustensiles et accessoires\",\"sl\":\"ecumoire-ronde-en-maille-5-x-19-12-sagetra-25903\",\"sn\":\"\",\"idxP\":15},{\"mq\":\"Sagetra\",\"nm\":\"Couvercle \u00E0 rainures r\u00E9cipient antiblocage 1\\\/2\",\"nme\":\"Slotted Cover Anti-Jam Rectangular Pan Half Size\",\"attr\":\"\",\"sku\":\"31179\",\"l2\":\"Buffet\",\"sl\":\"couvercle-a-rainures-recipient-antiblocage-12-sagetra-31179\",\"sn\":\"\",\"idxP\":20},{\"mq\":\"Sagetra\",\"nm\":\"Pilon \u00E0 patate rond 4 1\\\/2\\\" D 18\\\" L\",\"nme\":\"Round Potato Masher with Wood Handle 4.5\\\" D 18\\\" L\",\"attr\":\"\",\"sku\":\"23435\",\"l2\":\"Ustensiles et accessoires\",\"sl\":\"pilon-a-patate-rond-4-12-d-18-l-sagetra-23435\",\"sn\":\"patates\",\"idxP\":7},{\"mq\":\"Sagetra\",\"nm\":\"Grattoir \u00E0 t\u00F4le en inox\",\"nme\":\"Stainless Steel Pan Scraper\",\"attr\":\"\",\"sku\":\"40108\",\"l2\":\"Accessoire de p\u00E2tisserie\",\"sl\":\"grattoir-a-tole-en-inox-sagetra-40108\",\"sn\":\"\",\"idxP\":36},{\"mq\":\"Sagetra\",\"nm\":\"Pelle \u00E0 main 38 oz\",\"nme\":\"Kitchen Bottom Scoop 38 oz\",\"attr\":\"\",\"sku\":\"24805\",\"l2\":\"Ustensiles et accessoires\",\"sl\":\"pelle-a-main-38-oz-sagetra-24805\",\"sn\":\"\",\"idxP\":15},{\"mq\":\"Sagetra\",\"nm\":\"Pichet plastique \u00E0 eau 32 oz\",\"nme\":\"Plastic Water Pitcher 32 oz\",\"attr\":\"\",\"sku\":\"25136\",\"l2\":\"Service de table\",\"sl\":\"pichet-plastique-a-eau-32-oz-sagetra-25136\",\"sn\":\"\",\"idxP\":22},{\"mq\":\"Sagetra\",\"nm\":\"Bac \u00E0 aliment polycarbonate grandeur 1\\\/4 x 4\\\"\",\"nme\":\"Food Pan Polycarbonate 1\\\/4 Size x 4\\\" Deep\",\"attr\":\"\",\"sku\":\"25647\",\"l2\":\"Buffet\",\"sl\":\"bac-a-aliment-polycarbonate-grandeur-14-x-4-sagetra-25647\",\"sn\":\"\",\"idxP\":17},{\"mq\":\"Sagetra\",\"nm\":\"Bac \u00E0 aliment polycarbonate grandeur 1\\\/2 x 6\\\"\",\"nme\":\"Food Pan Polycarbonate 1\\\/2 Size x 6\\\" Deep\",\"attr\":\"\",\"sku\":\"25642\",\"l2\":\"Buffet\",\"sl\":\"bac-a-aliment-polycarbonate-grandeur-12-x-6-sagetra-25642\",\"sn\":\"\",\"idxP\":16},{\"mq\":\"Sagetra\",\"nm\":\"Passoire en maille double 8'' \\\/ 20 cm\",\"nme\":\"Double Mesh Strainer 8'' \\\/ 20 cm\",\"attr\":\"\",\"sku\":\"40114\",\"l2\":\"Accessoire de cuisine\",\"sl\":\"passoire-en-maille-double-8-20-cm-sagetra-40114\",\"sn\":\"\",\"idxP\":21},{\"mq\":\"Sagetra\",\"nm\":\"Palette \u00E0 tourner inox 8 1\\\/4\\\" x 3\\\"\",\"nme\":\"Flexible Turner 8 1\\\/4\\\" x 3\\\"\",\"attr\":\"\",\"sku\":\"40110\",\"l2\":\"Ustensiles et accessoires\",\"sl\":\"palette-a-tourner-inox-8-14-x-3-sagetra-40110\",\"sn\":\"\",\"idxP\":36},{\"mq\":\"Sagetra\",\"nm\":\"Pelle \u00E0 frites avec 2 poign\u00E9es\",\"nme\":\"2 Handle French Fry Bagger\",\"attr\":\"\",\"sku\":\"24801\",\"l2\":\"Ustensiles et accessoires\",\"sl\":\"pelle-a-frites-avec-2-poignees-sagetra-24801\",\"sn\":\"\",\"idxP\":10},{\"mq\":\"Sagetra\",\"nm\":\"Bac \u00E0 aliment polycarbonate grandeur 1\\\/6 x 2 1\\\/2\\\"\",\"nme\":\"Food Pan Polycarbonate 1\\\/6 Size x 2-1\\\/2\\\" Deep\",\"attr\":\"\",\"sku\":\"25664\",\"l2\":\"Buffet\",\"sl\":\"bac-a-aliment-polycarbonate-grandeur-16-x-2-12-sagetra-25664\",\"sn\":\"\",\"idxP\":10},{\"mq\":\"Yaxell\",\"nm\":\"Aiguiseur \u00E0 couteaux #3000\\\/8000\",\"nme\":\"Knife Sharpener #3000\\\/8000\",\"attr\":\"\",\"sku\":\"39769\",\"l2\":\"Couteau de chef\",\"sl\":\"aiguiseur-a-couteaux-30008000-yaxell-39769\",\"sn\":\"\",\"idxP\":1}], [{\"mq\":\"Sagetra\",\"nm\":\"Pelle \u00E0 main 85 oz\",\"nme\":\"Kitchen Bottom Scoop 85 oz\",\"attr\":\"\",\"sku\":\"24806\",\"l2\":\"Ustensile de table\",\"sl\":\"pelle-a-main-85-oz-sagetra-24806\",\"sn\":\"\",\"idxP\":6},{\"mq\":\"Sagetra\",\"nm\":\"Bac \u00E0 aliment polycarbonate 1\\\/9 grandeur x 2 1\\\/2\\\"\",\"nme\":\"Food Pan Polycarbonate 1\\\/9 Size x 2 1\\\/2\\\" Deep\",\"attr\":\"\",\"sku\":\"25667\",\"l2\":\"Buffet\",\"sl\":\"bac-a-aliment-polycarbonate-19-grandeur-x-2-12-sagetra-25667\",\"sn\":\"\",\"idxP\":18},{\"mq\":\"Sagetra\",\"nm\":\"Bac \u00E0 aliment polycarbonate grandeur 1\\\/9 x 4\\\"\",\"nme\":\"Food Pan Polycarbonate 1\\\/9 Size x 4\\\" Deep\",\"attr\":\"\",\"sku\":\"25668\",\"l2\":\"Buffet\",\"sl\":\"bac-a-aliment-polycarbonate-grandeur-19-x-4-sagetra-25668\",\"sn\":\"\",\"idxP\":17},{\"mq\":\"Sagetra\",\"nm\":\"Bac \u00E0 aliment polycarbonate grandeur 1\\\/6 x 4\\\"\",\"nme\":\"Food Pan Polycarbonate 1\\\/6 Size x 4\\\" Deep\",\"attr\":\"\",\"sku\":\"25665\",\"l2\":\"Buffet\",\"sl\":\"bac-a-aliment-polycarbonate-grandeur-16-x-4-sagetra-25665\",\"sn\":\"\",\"idxP\":4},{\"mq\":\"Sagetra\",\"nm\":\"Mini panier \u00E0 frire\",\"nme\":\"Mini Fryer Basket 4'' x 3 1\\\/4''\",\"attr\":\"\",\"sku\":\"25137\",\"l2\":\"Service de table\",\"sl\":\"mini-panier-a-frire-sagetra-25137\",\"sn\":\"\",\"idxP\":16},{\"mq\":\"Sagetra\",\"nm\":\"Pelle \u00E0 main 5 oz\",\"nme\":\"Kitchen Bottom Scoop 5 oz\",\"attr\":\"\",\"sku\":\"24807\",\"l2\":\"Ustensiles et accessoires\",\"sl\":\"pelle-a-main-5-oz-sagetra-24807\",\"sn\":\"\",\"idxP\":34},{\"mq\":\"Sagetra\",\"nm\":\"R\u00E9cipient antiblocage grandeur 1\\\/4 x 2 1\\\/2\\\"\",\"nme\":\"Food Pan Polycarbonate 1\\\/4 Size x 2-1\\\/2\\\" Deep\",\"attr\":\"\",\"sku\":\"25646\",\"l2\":\"Buffet\",\"sl\":\"recipient-antiblocage-grandeur-14-x-2-12-sagetra-25646\",\"sn\":\"\",\"idxP\":14},{\"mq\":\"Sagetra\",\"nm\":\"Barre interm\u00E9diaire pleine grandeur 20\\\"\",\"nme\":\"Full Size Adapter Bar 20''\",\"attr\":\"\",\"sku\":\"24613\",\"l2\":\"Buffet\",\"sl\":\"barre-intermediaire-pleine-grandeur-20-sagetra-24613\",\"sn\":\"\",\"idxP\":11},{\"mq\":\"Sagetra\",\"nm\":\"Planche \u00E0 d\u00E9couper brune 12\\\"x18\\\"\",\"nme\":\"Brown Cutting Board 12\\\"x18\\\"\",\"attr\":\"\",\"sku\":\"24954\",\"l2\":\"Planche\",\"sl\":\"planche-a-decouper-brune-12x18-sagetra-24954\",\"sn\":\"\",\"idxP\":16},{\"mq\":\"Sagetra\",\"nm\":\"Planche \u00E0 d\u00E9couper blanche 15\\\"x20\\\"\",\"nme\":\"White Cutting Board 15\\\"x20\\\"\",\"attr\":\"\",\"sku\":\"24944\",\"l2\":\"Planche\",\"sl\":\"planche-a-decouper-blanche-15x20-sagetra-24944\",\"sn\":\"\",\"idxP\":37},{\"mq\":\"Sagetra\",\"nm\":\"Pelle \u00E0 tarte 4 3\\\/4\\\"\",\"nme\":\"Pie Server 4 3\\\/4\\\"\",\"attr\":\"\",\"sku\":\"25905\",\"l2\":\"Ustensiles et accessoires\",\"sl\":\"pelle-a-tarte-4-34-sagetra-25905\",\"sn\":\"\",\"idxP\":22},{\"mq\":\"Browne\",\"nm\":\"Plaque \u00E0 biscuits 15X21\",\"nme\":\"Bun Pan 15\\\"x21\\\"\",\"attr\":\"\",\"sku\":\"39952\",\"l2\":\"Accessoire de p\u00E2tisserie\",\"sl\":\"plaque-a-biscuits-15x21-sagetra-39952\",\"sn\":\"\",\"idxP\":100},{\"mq\":\"Sagetra\",\"nm\":\"Barre interm\u00E9diaire demi grandeur 12''\",\"nme\":\"Adapter Bar Half Size 12''\",\"attr\":\"\",\"sku\":\"24612\",\"l2\":\"Buffet\",\"sl\":\"barre-intermediaire-demi-grandeur-12-sagetra-24612\",\"sn\":\"\",\"idxP\":13},{\"mq\":\"Sagetra\",\"nm\":\"Planche \u00E0 d\u00E9couper brune 15\\\"x20\\\"\",\"nme\":\"Brown Cutting Board 15\\\"x20\\\"\",\"attr\":\"\",\"sku\":\"24953\",\"l2\":\"Planche\",\"sl\":\"planche-a-decouper-brune-15x20-sagetra-24953\",\"sn\":\"\",\"idxP\":13},{\"mq\":\"Sagetra\",\"nm\":\"Spatule droite en acier inoxydable 12\\\"x1,75''\",\"nme\":\"Stainless Steel Straight Spatula 12\\\"x1.75''\",\"attr\":\"\",\"sku\":\"29004\",\"l2\":\"Ustensiles et accessoires\",\"sl\":\"spatule-droite-en-acier-inoxydable-12x175-sagetra-29004\",\"sn\":\"\",\"idxP\":19},{\"mq\":\"Sagetra\",\"nm\":\"Cylindre \u00E0 coutellerie en inox\",\"nme\":\"Stainless Steel Cutlery Cylinder\",\"attr\":\"\",\"sku\":\"40106\",\"l2\":\"Ustensile de table\",\"sl\":\"cylindre-a-coutellerie-en-inox-sagetra-40106\",\"sn\":\"\",\"idxP\":19},{\"mq\":\"Sagetra\",\"nm\":\"Bac \u00E0 aliment en polycarbon.NSF pleine grandx2-1\\\/2\",\"nme\":\"Food Pan Polycarbonate NSF Full Size x 2-1\\\/2\\\" Deep\",\"attr\":\"\",\"sku\":\"25560\",\"l2\":\"Buffet\",\"sl\":\"bac-a-aliment-en-polycarbon.nsf-pleine-grandx2-12-sagetra-25560\",\"sn\":\"\",\"idxP\":11},{\"mq\":\"Sagetra\",\"nm\":\"Shaker \u00E0 cocktail en acier inoxydable\",\"nme\":\"Stainless Steel Cocktail Shaker\",\"attr\":\"\",\"sku\":\"25708\",\"l2\":\"Ustensiles et accessoires\",\"sl\":\"shaker-a-cocktail-en-acier-inoxydable-sagetra-25708\",\"sn\":\"\",\"idxP\":13},{\"mq\":\"Sagetra\",\"nm\":\"Spatule droite en acier inoxydable 8''x1,25''\",\"nme\":\"Straight Spatula 8'' x 1.25''\",\"attr\":\"\",\"sku\":\"29003\",\"l2\":\"Ustensiles et accessoires\",\"sl\":\"spatule-droite-en-acier-inoxydable-8x125-sagetra-29003\",\"sn\":\"\",\"idxP\":23},{\"mq\":\"Browne\",\"nm\":\"Plaque \u00E0 biscuits 18X26\",\"nme\":\"Bun Pan 18\\\"X26\\\"\",\"attr\":\"\",\"sku\":\"39954\",\"l2\":\"Accessoire de p\u00E2tisserie\",\"sl\":\"plaque-a-biscuits-18x26-sagetra-39954\",\"sn\":\"\",\"idxP\":66},{\"mq\":\"Sagetra\",\"nm\":\"Planche \u00E0 d\u00E9couper bleue 15\\\"x20\\\"\",\"nme\":\"Blue Cutting Board 15\\\"x20\\\"\",\"attr\":\"\",\"sku\":\"24947\",\"l2\":\"Planche\",\"sl\":\"planche-a-decouper-bleue-15x20-sagetra-24947\",\"sn\":\"\",\"idxP\":22},{\"mq\":\"Sagetra\",\"nm\":\"Spatule droite en acier inoxydable 6\\\"\",\"nme\":\"Stainless Steel Straight Spatula 6\\\"x1.5''\",\"attr\":\"\",\"sku\":\"29002\",\"l2\":\"Ustensiles et accessoires\",\"sl\":\"spatule-droite-en-acier-inoxydable-6-sagetra-29002\",\"sn\":\"\",\"idxP\":23},{\"mq\":\"Sagetra\",\"nm\":\"Sucrier verseur 12 oz\",\"nme\":\"Glass Sugar Pourer 12 oz\",\"attr\":\"\",\"sku\":\"34495\",\"l2\":\"Service de table\",\"sl\":\"sucrier-verseur-12-oz-sagetra-34495\",\"sn\":\"\",\"idxP\":18},{\"mq\":\"Sagetra\",\"nm\":\"Planche \u00E0 d\u00E9couper jaune 12\\\"x18\\\"\",\"nme\":\"Yellow Cutting Board 12\\\"x18\\\"\",\"attr\":\"\",\"sku\":\"40123\",\"l2\":\"Planche\",\"sl\":\"planche-a-decouper-jaune-12x18-sagetra-40123\",\"sn\":\"\",\"idxP\":36},{\"mq\":\"Sanelli\",\"nm\":\"Fusil \u00E0 aiguiser 8 3\\\/4\\\"\",\"nme\":\"Steel Sharpener 8 3\\\/4\\\"\",\"attr\":\"\",\"sku\":\"39701\",\"l2\":\"Couteau de chef\",\"sl\":\"fusil-a-aiguiser-8-34-sanelli-39701\",\"sn\":\"\",\"idxP\":2},{\"mq\":\"Sagetra\",\"nm\":\"Bac \u00E0 aliment polycarbonate grandeur 1\\\/3 x 6\\\"\",\"nme\":\"Food Pan Polycarbonate 1\\\/3 Size x 6\\\" Deep\",\"attr\":\"\",\"sku\":\"25645\",\"l2\":\"Buffet\",\"sl\":\"bac-a-aliment-polycarbonate-grandeur-13-x-6-sagetra-25645\",\"sn\":\"\",\"idxP\":14},{\"mq\":\"Sagetra\",\"nm\":\"Planche \u00E0 d\u00E9couper blanche 12\\\"x18\\\"\",\"nme\":\"White Cutting Board 12\\\"x18\\\"\",\"attr\":\"\",\"sku\":\"24943\",\"l2\":\"Planche\",\"sl\":\"planche-a-decouper-blanche-12x18-sagetra-24943\",\"sn\":\"\",\"idxP\":47},{\"mq\":\"Trudeau\",\"nm\":\"Pichet en verre avec couvercle 1.8L\",\"nme\":\"Glass Picher with Lid 1.8L\",\"attr\":\"\",\"sku\":\"22830\",\"l2\":\"Service de table\",\"sl\":\"pichet-en-verre-avec-couvercle-1.8l-trudeau-22830\",\"sn\":\"\",\"idxP\":5},{\"mq\":\"Sagetra\",\"nm\":\"Pince tout-usage 9\\\"\",\"nme\":\"Utility Tong 9''\",\"attr\":\"\",\"sku\":\"40120\",\"l2\":\"Ustensiles et accessoires\",\"sl\":\"pince-tout-usage-9-sagetra-40120\",\"sn\":\"\",\"idxP\":57},{\"mq\":\"Sagetra\",\"nm\":\"Panier \u00E0 beigne broche d'acier plaqu\u00E9 16x26x2\",\"nme\":\"Doughnut Basket Nickel Plated Steel Wire 16\\\"x26\\\"x2\",\"attr\":\"\",\"sku\":\"23430\",\"l2\":\"Accessoire de p\u00E2tisserie\",\"sl\":\"panier-a-beigne-broche-dacier-plaque-16x26x2-sagetra-23430\",\"sn\":\"\",\"idxP\":9},{\"mq\":\"Sagetra\",\"nm\":\"Planche \u00E0 d\u00E9couper jaune 15\\\"x20\\\"\",\"nme\":\"Yellow Cutting Board 15\\\"x20\\\"\",\"attr\":\"\",\"sku\":\"24946\",\"l2\":\"Planche\",\"sl\":\"planche-a-decouper-jaune-15x20-sagetra-24946\",\"sn\":\"\",\"idxP\":22},{\"mq\":\"Sagetra\",\"nm\":\"Panier \u00E0 beigne broche d'acier plaqu\u00E9 nickel 12x18\",\"nme\":\"Doughnut Basket Nickel Plated Steel Wire 12x18\\\"x2\\\"\",\"attr\":\"\",\"sku\":\"40112\",\"l2\":\"Accessoire de p\u00E2tisserie\",\"sl\":\"panier-a-beigne-broche-dacier-plaque-nickel-12x18-sagetra-40112\",\"sn\":\"\",\"idxP\":11},{\"mq\":\"Sagetra\",\"nm\":\"Spatule lame courb\u00E9e en inox 7,75''x1,25''\",\"nme\":\"Offset Curved Spatula 7.75''x1.25''\",\"attr\":\"\",\"sku\":\"40125\",\"l2\":\"Ustensiles et accessoires\",\"sl\":\"spatule-lame-courbee-en-inox-775x125-sagetra-40125\",\"sn\":\"\",\"idxP\":30},{\"mq\":\"Sagetra\",\"nm\":\"Pot \u00E0 fromage rap\u00E9 6 oz\",\"nme\":\"Grated Cheese Glass Jar 6 oz\",\"attr\":\"\",\"sku\":\"23712\",\"l2\":\"Service de table\",\"sl\":\"pot-a-fromage-rape-6-oz-sagetra-23712\",\"sn\":\"fromages\",\"idxP\":23},{\"mq\":\"Sagetra\",\"nm\":\"R\u00E9cipient antiblocage demi grandeur long 4\\\"\",\"nme\":\"Anti-Jam Rectangular Pan Half long Size 4\\\"\",\"attr\":\"\",\"sku\":\"23977\",\"l2\":\"Buffet\",\"sl\":\"recipient-antiblocage-demi-grandeur-long-4-sagetra-23977\",\"sn\":\"\",\"idxP\":12},{\"mq\":\"Browne\",\"nm\":\"Couteau \u00E0 d\u00EEner Windsor 8,1\\\" \\\/ 22,6 cm\",\"nme\":\"Windsor Dinner Knife 8.1\\\" \\\/ 20.6 cm\",\"attr\":\"\",\"sku\":\"23982\",\"l2\":\"Couteau de chef\",\"sl\":\"couteau-a-diner-windsor-81-226-cm-browne-23982\",\"sn\":\"\",\"idxP\":22},{\"mq\":\"Browne\",\"nm\":\"Couteau santoku cannole\",\"nme\":\"Santoku Fluted Knife\",\"attr\":\"\",\"sku\":\"24002\",\"l2\":\"Couteau de chef\",\"sl\":\"couteau-santoku-cannole-browne-24002\",\"sn\":\"\",\"idxP\":1},{\"mq\":\"Browne\",\"nm\":\"Couteau hachoir pour viande 6\\\"\",\"nme\":\"Meat Chopper Knife\",\"attr\":\"\",\"sku\":\"24005\",\"l2\":\"Couteau de chef\",\"sl\":\"couteau-hachoir-pour-viande-6-browne-24005\",\"sn\":\"\",\"idxP\":4},{\"mq\":\"Sagetra\",\"nm\":\"Planche \u00E0 d\u00E9couper rouge 15\\\"x20\\\"\",\"nme\":\"Red Cutting Board 15\\\"x20\\\"\",\"attr\":\"\",\"sku\":\"40124\",\"l2\":\"Planche\",\"sl\":\"planche-a-decouper-rouge-15x20-sagetra-40124\",\"sn\":\"\",\"idxP\":40},{\"mq\":\"Browne\",\"nm\":\"Couteau de cuisinier et du chef 9.5\\\"\",\"nme\":\"Cook and Chef Knife 9.5\\\"\",\"attr\":\"\",\"sku\":\"24001\",\"l2\":\"Couteau de chef\",\"sl\":\"couteau-de-cuisinier-et-du-chef-9.5-browne-24001\",\"sn\":\"\",\"idxP\":4},{\"mq\":\"Global\",\"nm\":\"Couteau \u00E0 pain en acier 8,75\\\" \\\/ 22 cm\",\"nme\":\"Stainless Steel Bread Knife 8.75\\\" \\\/ 22 cm\",\"attr\":\"\",\"sku\":\"24007\",\"l2\":\"Couteau de chef\",\"sl\":\"couteau-a-pain-en-acier-875-22-cm-global-24007\",\"sn\":\"\",\"idxP\":1},{\"mq\":\"Oxo Danesco\",\"nm\":\"Injecteur \u00E0 saveur\",\"nme\":\"Flavour Injector\",\"attr\":\"\",\"sku\":\"22966\",\"l2\":\"Ustensiles et accessoires\",\"sl\":\"injecteur-a-saveur-oxo-danesco-22966\",\"sn\":\"\",\"idxP\":22},{\"mq\":\"Sevy\",\"nm\":\"Ouvre-bo\u00EEte Swing Away\",\"nme\":\"Swing Away Can Opener\",\"attr\":\"\",\"sku\":\"23442\",\"l2\":\"Ustensiles et accessoires\",\"sl\":\"ouvre-boite-swing-away-sevy-23442\",\"sn\":\"\",\"idxP\":35},{\"mq\":\"Browne\",\"nm\":\"Fourchette \u00E0 salade Royal 6\\\" \\\/ 15,2 cm\",\"nme\":\"Royal Salad Fork 6\\\" \\\/ 15.2 cm\",\"attr\":\"\",\"sku\":\"23986\",\"l2\":\"Ustensile de table\",\"sl\":\"fourchette-a-salade-royal-6-152-cm-browne-23986\",\"sn\":\"\",\"idxP\":14},{\"mq\":\"Browne\",\"nm\":\"Porte-couteaux magn\u00E9tique\",\"nme\":\"Magnetic Knife Rack\",\"attr\":\"\",\"sku\":\"24000\",\"l2\":\"Couteau de chef\",\"sl\":\"porte-couteaux-magnetique-browne-24000\",\"sn\":\"\",\"idxP\":13},{\"mq\":\"Browne\",\"nm\":\"Fourchette \u00E0 salade Windsor 6,3\\\" \\\/ 15,8 cm\",\"nme\":\"Windsor Salad Fork 6.3\\\" \\\/ 15.8 cm\",\"attr\":\"\",\"sku\":\"23980\",\"l2\":\"Ustensile de table\",\"sl\":\"fourchette-a-salade-windsor-63-158-cm-browne-23980\",\"sn\":\"\",\"idxP\":27},{\"mq\":\"Browne\",\"nm\":\"Fourchette \u00E0 d\u00EEner Celine 7,3\\\" \\\/ 18,4 cm\",\"nme\":\"Celine Dinner Fork 7.3\\\" \\\/ 18.4 cm\",\"attr\":\"\",\"sku\":\"23990\",\"l2\":\"Ustensile de table\",\"sl\":\"fourchette-a-diner-celine-73-184-cm-browne-23990\",\"sn\":\"\",\"idxP\":47},{\"mq\":\"Browne\",\"nm\":\"Fourchette \u00E0 salade Celine 6,5\\\" \\\/ 16,5 cm\",\"nme\":\"Celine Salad Fork 6.5\\\" \\\/ 16.5 cm\",\"attr\":\"\",\"sku\":\"23992\",\"l2\":\"Ustensile de table\",\"sl\":\"fourchette-a-salade-celine-65-165-cm-browne-23992\",\"sn\":\"\",\"idxP\":16},{\"mq\":\"Browne\",\"nm\":\"Couteau \u00E0 l\u00E9gumes 7\\\"\",\"nme\":\"Vegetable Knife 7\\\"\",\"attr\":\"\",\"sku\":\"24003\",\"l2\":\"Couteau de chef\",\"sl\":\"couteau-a-legumes-7-browne-24003\",\"sn\":\"\",\"idxP\":3},{\"mq\":\"Browne\",\"nm\":\"Couteau \u00E0 \u00E9plucher 3\\\"\",\"nme\":\"Peeling Knife 3\\\"\",\"attr\":\"\",\"sku\":\"24006\",\"l2\":\"Couteau de chef\",\"sl\":\"couteau-a-eplucher-3-browne-24006\",\"sn\":\"\",\"idxP\":2},{\"mq\":\"Global\",\"nm\":\"Couteau de chef 9\\\" \\\/ 20 cm\",\"nme\":\"Cooks Knife 9\\\" \\\/ 20 cm\",\"attr\":\"\",\"sku\":\"24004\",\"l2\":\"Couteau de chef\",\"sl\":\"couteau-de-chef-9-20-cm-global-24004\",\"sn\":\"\",\"idxP\":11},{\"mq\":\"Adamo\",\"nm\":\"Peigne d\u00E9coratif de gla\u00E7age 13 x 11 cm\",\"nme\":\"Icing Decorating Comb 13 x 11 cm\",\"attr\":\"\",\"sku\":\"24076\",\"l2\":\"Accessoire de p\u00E2tisserie\",\"sl\":\"peigne-decoratif-de-glacage-13-x-11-cm-adamo-24076\",\"sn\":\"\",\"idxP\":10},{\"mq\":\"Ateco\",\"nm\":\"D\u00E9coupoir \u00E0 beigne 2 1\\\/2\\\"\",\"nme\":\"Doughnut Cutter 2 1\\\/2\\\"\",\"attr\":\"\",\"sku\":\"26918\",\"l2\":\"Accessoire de p\u00E2tisserie\",\"sl\":\"decoupoir-a-beigne-2-12-ateco-26918\",\"sn\":\"\",\"idxP\":12},{\"mq\":\"Ateco\",\"nm\":\"D\u00E9coupoir \u00E0 beigne 3 1\\\/2\\\"\",\"nme\":\"Doughnut Cutter 3 1\\\/2\\\"\",\"attr\":\"\",\"sku\":\"26919\",\"l2\":\"Accessoire de p\u00E2tisserie\",\"sl\":\"decoupoir-a-beigne-3-12-ateco-26919\",\"sn\":\"\",\"idxP\":12},{\"mq\":\"Sagetra\",\"nm\":\"Tasse \u00E0 lait malt\u00E9 avec poign\u00E9e 30 oz\",\"nme\":\"Malt Cup with Plastic Handle 30 oz\",\"attr\":\"\",\"sku\":\"40127\",\"l2\":\"Service de table\",\"sl\":\"tasse-a-lait-malte-avec-poignee-30-oz-sagetra-40127\",\"sn\":\"\",\"idxP\":10},{\"mq\":\"Browne\",\"nm\":\"Couteau \u00E0 d\u00EEner dentel\u00E9 Royal 8,7\\\" \\\/ 21,9 cm\",\"nme\":\"Royal Serrated Dinner Knife 8.7\\\" \\\/ 21.9 cm\",\"attr\":\"\",\"sku\":\"23987\",\"l2\":\"Couteau de chef\",\"sl\":\"couteau-a-diner-dentele-royal-87-219-cm-browne-23987\",\"sn\":\"\",\"idxP\":16},{\"mq\":\"Browne\",\"nm\":\"Couteau \u00E0 d\u00EEner dentel\u00E9 Celine 9\\\" \\\/ 22,9 cm\",\"nme\":\"Celine Serrated Dinner Knife 9\\\" \\\/ 22.9 cm\",\"attr\":\"\",\"sku\":\"23993\",\"l2\":\"Couteau de chef\",\"sl\":\"couteau-a-diner-dentele-celine-9-229-cm-browne-23993\",\"sn\":\"\",\"idxP\":19},{\"mq\":\"Adamo\",\"nm\":\"Couteau hachoir \u00E0 \u00E9mincer 26 cm\",\"nme\":\"Chopper Knife 26 cm\",\"attr\":\"\",\"sku\":\"24077\",\"l2\":\"Ustensile de table\",\"sl\":\"couteau-hachoir-a-emincer-26-cm-adamo-24077\",\"sn\":\"\",\"idxP\":10},{\"mq\":\"Ateco\",\"nm\":\"Ensemble de d\u00E9coupoirs plastiques football 7 mcx\",\"nme\":\"Football Shape Plastic Cutters Set of 7 Pieces\",\"attr\":\"\",\"sku\":\"26921\",\"l2\":\"Accessoire de p\u00E2tisserie\",\"sl\":\"ensemble-de-decoupoirs-plastiques-football-7-mcx-ateco-26921\",\"sn\":\"\",\"idxP\":2},{\"mq\":\"Global\",\"nm\":\"Couperet en acier 8'' \\\/ 20,3 cm\",\"nme\":\"Stainless Steel Meat Chopper 8'' \\\/ 20.3 cm\",\"attr\":\"\",\"sku\":\"24009\",\"l2\":\"Couteau de chef\",\"sl\":\"couperet-en-acier-8-203-cm-global-24009\",\"sn\":\"\",\"idxP\":6},{\"mq\":\"Adamo\",\"nm\":\"Coupe p\u00E2tes farfalle 40 mm\",\"nme\":\"Farfalle Pasta Mold Cut 40 mm\",\"attr\":\"\",\"sku\":\"24064\",\"l2\":\"Ustensiles et accessoires\",\"sl\":\"coupe-pates-farfalle-40-mm-adamo-24064\",\"sn\":\"\",\"idxP\":11},{\"mq\":\"Adamo\",\"nm\":\"Aiguiseur \u00E0 couteaux 8 cm\",\"nme\":\"Knife Sharpener 8 cm\",\"attr\":\"\",\"sku\":\"24061\",\"l2\":\"Couteau de chef\",\"sl\":\"aiguiseur-a-couteaux-8-cm-adamo-24061\",\"sn\":\"\",\"idxP\":16},{\"mq\":\"Elements\",\"nm\":\"Braisi\u00E8re en inox 24 L\",\"nme\":\"Stainless Steel Stock Pot Deep 24 L\",\"attr\":\"\",\"sku\":\"26989\",\"l2\":\"Batterie de cuisine\",\"sl\":\"braisiere-en-inox-24-l-elements-26989\",\"sn\":\"\",\"idxP\":6},{\"mq\":\"Browne\",\"nm\":\"Casserole profonde en inox 4,5L\",\"nme\":\"Stainless Steel Deep Sauce Pan 4.5L\",\"attr\":\"\",\"sku\":\"26954\",\"l2\":\"Batterie de cuisine\",\"sl\":\"casserole-profonde-en-inox-45l-browne-26954\",\"sn\":\"\",\"idxP\":3},{\"mq\":\"Browne\",\"nm\":\"Casserole en inox 5L\",\"nme\":\"Deep Sauce Pan 5L\",\"attr\":\"\",\"sku\":\"26955\",\"l2\":\"Batterie de cuisine\",\"sl\":\"casserole-en-inox-5l-browne-26955\",\"sn\":\"\",\"idxP\":3},{\"mq\":\"Elements\",\"nm\":\"Marmite avec couvercle 60 L\",\"nme\":\"Stainless Steel Sauce Pot 60 L\",\"attr\":\"\",\"sku\":\"26987\",\"l2\":\"Batterie de cuisine\",\"sl\":\"marmite-avec-couvercle-60-l-elements-26987\",\"sn\":\"\",\"idxP\":10},{\"mq\":\"Sagetra\",\"nm\":\"Brochette ovale en inox 10\\\" x12\",\"nme\":\"Stainless Steel Oval Skewer 10\\\"\",\"attr\":\"\",\"sku\":\"24657\",\"l2\":\"Ustensiles et accessoires\",\"sl\":\"brochette-ovale-en-inox-10-x12-sagetra-24657\",\"sn\":\"\",\"idxP\":33},{\"mq\":\"Browne\",\"nm\":\"Casserole profonde en inox 3,5L\",\"nme\":\"Stainless Steel Deep Sauce Pan 3.5L\",\"attr\":\"\",\"sku\":\"26953\",\"l2\":\"Batterie de cuisine\",\"sl\":\"casserole-profonde-en-inox-35l-browne-26953\",\"sn\":\"\",\"idxP\":4},{\"mq\":\"Browne\",\"nm\":\"Marmite avec couvercle 20L\",\"nme\":\"Stainless Steel Sauce Pot 20L\",\"attr\":\"\",\"sku\":\"26956\",\"l2\":\"Batterie de cuisine\",\"sl\":\"marmite-avec-couvercle-20l-browne-26956\",\"sn\":\"\",\"idxP\":8},{\"mq\":\"Sagetra\",\"nm\":\"Bouteille \u00E0 pression rouge 32 oz \\\/ 910 ml\",\"nme\":\"Squeeze Red Bottle 32 oz \\\/ 910 ml\",\"attr\":\"\",\"sku\":\"25155\",\"l2\":\"Contenant et pot\",\"sl\":\"bouteille-a-pression-rouge-32-oz-910-ml-sagetra-25155\",\"sn\":\"\",\"idxP\":19},{\"mq\":\"Sagetra\",\"nm\":\"Brochette ovale en inox 8\\\"\",\"nme\":\"Stainless Steel Oval Skewer 8\\\"\",\"attr\":\"\",\"sku\":\"24658\",\"l2\":\"Ustensiles et accessoires\",\"sl\":\"brochette-ovale-en-inox-8-sagetra-24658\",\"sn\":\"\",\"idxP\":49},{\"mq\":\"Sagetra\",\"nm\":\"Bouchon pour bouteille en plastique rouge\",\"nme\":\"Red Seal Tip for Squeeze Bottle\",\"attr\":\"\",\"sku\":\"25194\",\"l2\":\"Contenant et pot\",\"sl\":\"bouchon-pour-bouteille-en-plastique-rouge-sagetra-25194\",\"sn\":\"\",\"idxP\":31},{\"mq\":\"Sagetra\",\"nm\":\"Couvercle \u00E0 g\u00E2teau en plastique 12\\\"x6,4\\\"\",\"nme\":\"Plastic Cake Cover 12\\\"x6.4\\\"\",\"attr\":\"\",\"sku\":\"29537\",\"l2\":\"Accessoire de p\u00E2tisserie\",\"sl\":\"couvercle-a-gateau-en-plastique-12x64-sagetra-29537\",\"sn\":\"\",\"idxP\":24},{\"mq\":\"Browne\",\"nm\":\"Marmite avec couvercle 32L\",\"nme\":\"Stainless Steel Sauce Pot 32L\",\"attr\":\"\",\"sku\":\"26958\",\"l2\":\"Batterie de cuisine\",\"sl\":\"marmite-avec-couvercle-32l-browne-26958\",\"sn\":\"\",\"idxP\":11},{\"mq\":\"Sagetra\",\"nm\":\"Pince tout-usage 16'' \\\/ 1 mm\",\"nme\":\"Utility Tong 16'' \\\/ 1 mm\",\"attr\":\"\",\"sku\":\"25183\",\"l2\":\"Ustensiles et accessoires\",\"sl\":\"pince-tout-usage-16-1-mm-sagetra-25183\",\"sn\":\"\",\"idxP\":21},{\"mq\":\"Sagetra\",\"nm\":\"Assiette \u00E0 pizza \u00E0 bord roul\u00E9 6\\\"\",\"nme\":\"Pizza Pan 6\\\" with Beaded Edge\",\"attr\":\"\",\"sku\":\"37361\",\"l2\":\"Accessoire pour pizza\",\"sl\":\"assiette-a-pizza-a-bord-roule-6-sagetra-37361\",\"sn\":\"\",\"idxP\":11},{\"mq\":\"Sagetra\",\"nm\":\"Assiette \u00E0 pizza \u00E0 bord roul\u00E9 16\\\"\",\"nme\":\"Pizza Pan 16\\\" with Beaded Edge\",\"attr\":\"\",\"sku\":\"37371\",\"l2\":\"Accessoire pour pizza\",\"sl\":\"assiette-a-pizza-a-bord-roule-16-sagetra-37371\",\"sn\":\"\",\"idxP\":25},{\"mq\":\"Sagetra\",\"nm\":\"Bol \u00E0 salade rond en bois 6\\\"\",\"nme\":\"Round Wooden Salad Bowl 6\\\"\",\"attr\":\"\",\"sku\":\"25669\",\"l2\":\"Accessoire de cuisine\",\"sl\":\"bol-a-salade-rond-en-bois-6-sagetra-25669\",\"sn\":\"\",\"idxP\":35},{\"mq\":\"Sagetra\",\"nm\":\"Distributeur huile et vinaigre en verre 6 oz\",\"nme\":\"Oil and Vinegar Glass Square Dispenser 6 oz\",\"attr\":\"\",\"sku\":\"25873\",\"l2\":\"Service de table\",\"sl\":\"distributeur-huile-et-vinaigre-en-verre-6-oz-sagetra-25873\",\"sn\":\"\",\"idxP\":27},{\"mq\":\"Sagetra\",\"nm\":\"Assiette \u00E0 pizza \u00E0 bord roul\u00E9 14\\\"\",\"nme\":\"Pizza Pan 14\\\" with Beaded Edge\",\"attr\":\"\",\"sku\":\"37369\",\"l2\":\"Accessoire pour pizza\",\"sl\":\"assiette-a-pizza-a-bord-roule-14-sagetra-37369\",\"sn\":\"\",\"idxP\":29},{\"mq\":\"Browne\",\"nm\":\"Marmite avec couvercle 24L\",\"nme\":\"Stainless Steel Sauce Pot 24L\",\"attr\":\"\",\"sku\":\"26957\",\"l2\":\"Batterie de cuisine\",\"sl\":\"marmite-avec-couvercle-24l-browne-26957\",\"sn\":\"\",\"idxP\":5},{\"mq\":\"Sagetra\",\"nm\":\"Bouteille \u00E0 pression jaune 16 oz \\\/ 455 ml\",\"nme\":\"Squeeze Yellow Bottle 16 oz \\\/ 455 ml\",\"attr\":\"\",\"sku\":\"25154\",\"l2\":\"Contenant et pot\",\"sl\":\"bouteille-a-pression-jaune-16-oz-455-ml-sagetra-25154\",\"sn\":\"\",\"idxP\":15},{\"mq\":\"Sagetra\",\"nm\":\"Bouteille \u00E0 pression claire 24oz \\\/ 750ml\",\"nme\":\"Plastic Wide Mouth Clear Squeeze Bottle 24 oz\",\"attr\":\"\",\"sku\":\"25179\",\"l2\":\"Contenant et pot\",\"sl\":\"bouteille-a-pression-claire-24oz-750ml-sagetra-25179\",\"sn\":\"transparent\",\"idxP\":63},{\"mq\":\"Sagetra\",\"nm\":\"Spatule lame unie 6\\\"x3\\\"\",\"nme\":\"Turner Solid Blade 6\\\"x3\\\"\",\"attr\":\"\",\"sku\":\"23434\",\"l2\":\"Ustensiles et accessoires\",\"sl\":\"spatule-lame-unie-6x3-sagetra-23434\",\"sn\":\"\",\"idxP\":23},{\"mq\":\"Sagetra\",\"nm\":\"Bouteille \u00E0 pression jaune 32 oz \\\/ 910 ml\",\"nme\":\"Squeeze Yellow Bottle 32 oz \\\/ 910 ml\",\"attr\":\"\",\"sku\":\"25174\",\"l2\":\"Contenant et pot\",\"sl\":\"bouteille-a-pression-jaune-32-oz-910-ml-sagetra-25174\",\"sn\":\"\",\"idxP\":19},{\"mq\":\"Sagetra\",\"nm\":\"Bol \u00E0 salade rond en bois 12\\\"\",\"nme\":\"Wood Round Salad Bowl 12\\\"\",\"attr\":\"\",\"sku\":\"25671\",\"l2\":\"Accessoire de cuisine\",\"sl\":\"bol-a-salade-rond-en-bois-12-sagetra-25671\",\"sn\":\"\",\"idxP\":32},{\"mq\":\"Sagetra\",\"nm\":\"Assiette \u00E0 pizza rigide perfor\u00E9e 15\\\"\",\"nme\":\"Perforated Rigid Pizza Pan 15\\\"\",\"attr\":\"\",\"sku\":\"37352\",\"l2\":\"Accessoire pour pizza\",\"sl\":\"assiette-a-pizza-rigide-perforee-15-sagetra-37352\",\"sn\":\"\",\"idxP\":29},{\"mq\":\"Sagetra\",\"nm\":\"Puisette \u00E0 caf\u00E9 32 oz \\\/ 960 ml\",\"nme\":\"Coffee Dipper 32 oz \\\/ 960 ml\",\"attr\":\"\",\"sku\":\"24506\",\"l2\":\"Service de table\",\"sl\":\"puisette-a-cafe-32-oz-960-ml-sagetra-24506\",\"sn\":\"\",\"idxP\":4},{\"mq\":\"Sagetra\",\"nm\":\"Cuill\u00E8re en bois 14\\\"\",\"nme\":\"Wood Spoon 14\\\"\",\"attr\":\"\",\"sku\":\"25188\",\"l2\":\"Ustensiles et accessoires\",\"sl\":\"cuillere-en-bois-14-sagetra-25188\",\"sn\":\"\",\"idxP\":35},{\"mq\":\"Sagetra\",\"nm\":\"Fouet piano 16\\\"\",\"nme\":\"Piano Wire Whisks 16\\\"\",\"attr\":\"\",\"sku\":\"25189\",\"l2\":\"Ustensiles et accessoires\",\"sl\":\"fouet-piano-16-sagetra-25189\",\"sn\":\"\",\"idxP\":20},{\"mq\":\"Sagetra\",\"nm\":\"Bol \u00E0 salade rond en bois 10\\\"\",\"nme\":\"Wood Round Salad Bowl 10\\\"\",\"attr\":\"\",\"sku\":\"25670\",\"l2\":\"Accessoire de cuisine\",\"sl\":\"bol-a-salade-rond-en-bois-10-sagetra-25670\",\"sn\":\"\",\"idxP\":29},{\"mq\":\"Sagetra\",\"nm\":\"Assiette \u00E0 pizza rigide perfor\u00E9e 14\\\"\",\"nme\":\"Perforated Rigid Pizza Pan 14\\\"\",\"attr\":\"\",\"sku\":\"37351\",\"l2\":\"Accessoire pour pizza\",\"sl\":\"assiette-a-pizza-rigide-perforee-14-sagetra-37351\",\"sn\":\"\",\"idxP\":29},{\"mq\":\"Sagetra\",\"nm\":\"Assiette \u00E0 pizza \u00E0 bord roul\u00E9 8\\\"\",\"nme\":\"Pizza Pan 8\\\" with Beaded Edge\",\"attr\":\"\",\"sku\":\"37363\",\"l2\":\"Accessoire pour pizza\",\"sl\":\"assiette-a-pizza-a-bord-roule-8-sagetra-37363\",\"sn\":\"\",\"idxP\":16},{\"mq\":\"Sagetra\",\"nm\":\"Assiette \u00E0 pizza \u00E0 bord roul\u00E9 18\\\"\",\"nme\":\"Pizza Pan 18\\\" with Beaded Edge\",\"attr\":\"\",\"sku\":\"37373\",\"l2\":\"Accessoire pour pizza\",\"sl\":\"assiette-a-pizza-a-bord-roule-18-sagetra-37373\",\"sn\":\"\",\"idxP\":15},{\"mq\":\"Sagetra\",\"nm\":\"Passoire maille 7 1\\\/4\\\" \\\/ 18 cm\",\"nme\":\"Single Fine Mesh Strainer 7 1\\\/4\\\" \\\/ 18 cm\",\"attr\":\"\",\"sku\":\"40116\",\"l2\":\"Accessoire de cuisine\",\"sl\":\"passoire-maille-7-14-18-cm-sagetra-40116\",\"sn\":\"\",\"idxP\":29},{\"mq\":\"Edgemaker\",\"nm\":\"Aiguiseur professionnel noir\",\"nme\":\"Black Commercial Sharpener\",\"attr\":\"\",\"sku\":\"48990\",\"l2\":\"Couteau de chef\",\"sl\":\"aiguiseur-professionnel-noir-edgemaker-48990\",\"sn\":\"commercial\",\"idxP\":20},{\"mq\":\"Browne\",\"nm\":\"Marmite avec couvercle 40L\",\"nme\":\"Stainless Steel Sauce Pot 40L\",\"attr\":\"\",\"sku\":\"26961\",\"l2\":\"Batterie de cuisine\",\"sl\":\"marmite-avec-couvercle-40l-browne-26961\",\"sn\":\"\",\"idxP\":8},{\"mq\":\"Sagetra\",\"nm\":\"Pince tout-usage noire 16'' \\\/ 0,9 mm\",\"nme\":\"Black Utility Tong 16'' \\\/ 0,9 mm\",\"attr\":\"\",\"sku\":\"25184\",\"l2\":\"Ustensiles et accessoires\",\"sl\":\"pince-tout-usage-noire-16-09-mm-sagetra-25184\",\"sn\":\"\",\"idxP\":20},{\"mq\":\"Sagetra\",\"nm\":\"Assiette \u00E0 pizza \u00E0 bord roul\u00E9 17\\\"\",\"nme\":\"Pizza Pan 17\\\" with Beaded Edge\",\"attr\":\"\",\"sku\":\"37372\",\"l2\":\"Accessoire pour pizza\",\"sl\":\"assiette-a-pizza-a-bord-roule-17-sagetra-37372\",\"sn\":\"\",\"idxP\":14},{\"mq\":\"Sagetra\",\"nm\":\"Assiette \u00E0 pizza \u00E0 bord roul\u00E9 20\\\"\",\"nme\":\"Pizza Pan 20\\\" with Beaded Edge\",\"attr\":\"\",\"sku\":\"37375\",\"l2\":\"Accessoire pour pizza\",\"sl\":\"assiette-a-pizza-a-bord-roule-20-sagetra-37375\",\"sn\":\"\",\"idxP\":10},{\"mq\":\"Sagetra\",\"nm\":\"Pot \u00E0 sirop en verre 14 oz\",\"nme\":\"Syrup Dispenser 14 oz\",\"attr\":\"\",\"sku\":\"28672\",\"l2\":\"Service de table\",\"sl\":\"pot-a-sirop-en-verre-14-oz-sagetra-28672\",\"sn\":\"\",\"idxP\":26},{\"mq\":\"Sagetra\",\"nm\":\"Assiette \u00E0 pizza rigide perfor\u00E9e 16\\\"\",\"nme\":\"Perforated Rigid Pizza Pan 16\\\"\",\"attr\":\"\",\"sku\":\"37353\",\"l2\":\"Accessoire pour pizza\",\"sl\":\"assiette-a-pizza-rigide-perforee-16-sagetra-37353\",\"sn\":\"\",\"idxP\":30},{\"mq\":\"Sagetra\",\"nm\":\"R\u00E9cipient bain-marie rond 1 1\\\/4 Qt \\\/ 4 1\\\/8\\\"\",\"nme\":\"Bain-Marie 1 1\\\/4 Qt\",\"attr\":\"\",\"sku\":\"39268\",\"l2\":\"Buffet\",\"sl\":\"recipient-bain-marie-rond-1-14-qt-4-18-sagetra-39268\",\"sn\":\"\",\"idxP\":8},{\"mq\":\"Sagetra\",\"nm\":\"Assiette \u00E0 pizza rigide perfor\u00E9e 6\\\"\",\"nme\":\"Perforated Rigid Pizza Pan 6\\\"\",\"attr\":\"\",\"sku\":\"37339\",\"l2\":\"Accessoire pour pizza\",\"sl\":\"assiette-a-pizza-rigide-perforee-6-sagetra-37339\",\"sn\":\"\",\"idxP\":19},{\"mq\":\"Sagetra\",\"nm\":\"Assiette \u00E0 pizza \u00E0 bord roul\u00E9 13\\\"\",\"nme\":\"Pizza Pan 13\\\" with Beaded Edge\",\"attr\":\"\",\"sku\":\"37368\",\"l2\":\"Accessoire pour pizza\",\"sl\":\"assiette-a-pizza-a-bord-roule-13-sagetra-37368\",\"sn\":\"\",\"idxP\":22},{\"mq\":\"Sagetra\",\"nm\":\"Assiette \u00E0 pizza \u00E0 bord roul\u00E9 19\\\"\",\"nme\":\"Pizza Pan 19\\\" with Beaded Edge\",\"attr\":\"\",\"sku\":\"37374\",\"l2\":\"Accessoire pour pizza\",\"sl\":\"assiette-a-pizza-a-bord-roule-19-sagetra-37374\",\"sn\":\"\",\"idxP\":2},{\"mq\":\"Sagetra\",\"nm\":\"Bain-marie 3 1\\\/2 Qt\",\"nme\":\"Bain-Marie 3 1\\\/2 Qt\",\"attr\":\"\",\"sku\":\"39270\",\"l2\":\"Buffet\",\"sl\":\"bain-marie-3-12-qt-sagetra-39270\",\"sn\":\"\",\"idxP\":8},{\"mq\":\"Sagetra\",\"nm\":\"Bain-marie 4 1\\\/4 Qt\",\"nme\":\"Bain-Marie 4 1\\\/4 Qt\",\"attr\":\"\",\"sku\":\"39271\",\"l2\":\"Buffet\",\"sl\":\"bain-marie-4-14-qt-sagetra-39271\",\"sn\":\"\",\"idxP\":6},{\"mq\":\"Sagetra\",\"nm\":\"Assiette \u00E0 pizza \u00E0 bord roul\u00E9 15\\\"\",\"nme\":\"Pizza Pan with Beaded Edge 15\\\"\",\"attr\":\"\",\"sku\":\"37370\",\"l2\":\"Accessoire pour pizza\",\"sl\":\"assiette-a-pizza-a-bord-roule-15-sagetra-37370\",\"sn\":\"\",\"idxP\":20},{\"mq\":\"Yaxell\",\"nm\":\"Aiguiseur \u00E0 couteaux noir\",\"nme\":\"Water Sharpener\",\"attr\":\"\",\"sku\":\"39730\",\"l2\":\"Couteau de chef\",\"sl\":\"aiguiseur-a-couteaux-noir-yaxell-39730\",\"sn\":\"\",\"idxP\":0},{\"mq\":\"Sagetra\",\"nm\":\"Bain-marie 8 1\\\/4 Qt\",\"nme\":\"Bain-Marie 8 1\\\/4 Qt\",\"attr\":\"\",\"sku\":\"39273\",\"l2\":\"Buffet\",\"sl\":\"bain-marie-8-14-qt-sagetra-39273\",\"sn\":\"\",\"idxP\":6},{\"mq\":\"Sagetra\",\"nm\":\"Tasse \u00E0 lait malt\u00E9 sans poign\u00E9e 30 oz\",\"nme\":\"Malt Cup without Handle 30 oz\",\"attr\":\"\",\"sku\":\"40126\",\"l2\":\"Service de table\",\"sl\":\"tasse-a-lait-malte-sans-poignee-30-oz-sagetra-40126\",\"sn\":\"\",\"idxP\":4},{\"mq\":\"Sagetra\",\"nm\":\"Bain-marie 2 Qt\",\"nme\":\"Bain-Marie 2 Qt\",\"attr\":\"\",\"sku\":\"39269\",\"l2\":\"Buffet\",\"sl\":\"bain-marie-2-qt-sagetra-39269\",\"sn\":\"\",\"idxP\":9},{\"mq\":\"Sagetra\",\"nm\":\"Bain-marie 6 Qt\",\"nme\":\"Bain-Marie 6 Qt\",\"attr\":\"\",\"sku\":\"39272\",\"l2\":\"Buffet\",\"sl\":\"bain-marie-6-qt-sagetra-39272\",\"sn\":\"\",\"idxP\":5},{\"mq\":\"Kayali\",\"nm\":\"Verre haut Bristol 11,5oz \\\/ 340ml\",\"nme\":\"Bristol Tumbler 11.5 oz \\\/ 340 ml\",\"attr\":\"\",\"sku\":\"38582\",\"l2\":\"Verrerie\",\"sl\":\"verre-haut-bristol-115oz-340ml-kayali-38582\",\"sn\":\"\",\"idxP\":21},{\"mq\":\"Vitrex\",\"nm\":\"Tasse en porcelaine blanche 8 oz \\\/ 236 ml\",\"nme\":\"White Porcelain Cup 8 oz \\\/ 236 ml\",\"attr\":\"\",\"sku\":\"39660\",\"l2\":\"Vaisselle\",\"sl\":\"tasse-en-porcelaine-blanche-8-oz-236-ml-kayali-39660\",\"sn\":\"\",\"idxP\":10},{\"mq\":\"Cuisinox\",\"nm\":\"Support pour seau \u00E0 champagne\",\"nme\":\"Stand for Wine Bucket\",\"attr\":\"\",\"sku\":\"24585\",\"l2\":\"Ustensiles et accessoires\",\"sl\":\"support-pour-seau-a-champagne-cuisinox-24585\",\"sn\":\"\",\"idxP\":2},{\"mq\":\"Browne\",\"nm\":\"Gabarit d\u00E9coupe tarte en aluminium 8 parts\",\"nme\":\"Cast Aluminum Pie Marker 8 Pieces\",\"attr\":\"\",\"sku\":\"26928\",\"l2\":\"Accessoire de p\u00E2tisserie\",\"sl\":\"gabarit-decoupe-tarte-en-aluminium-8-parts-browne-26928\",\"sn\":\"\",\"idxP\":3},{\"mq\":\"Labell\",\"nm\":\"Planche 12\\\"x16\\\"x3\\\/4\\\"\",\"nme\":\"Board 12\\\"x16\\\"x3\\\/4\\\"\",\"attr\":\"\",\"sku\":\"27189\",\"l2\":\"Planche\",\"sl\":\"planche-12x16x34-labell-27189\",\"sn\":\"\",\"idxP\":13},{\"mq\":\"Kayali\",\"nm\":\"Assiette ronde \u00E0 bord mince en porcelaine 9,5\\\"\",\"nme\":\"Slim Rim Porcelain Round Plate 9,5\\\"\",\"attr\":\"\",\"sku\":\"38533\",\"l2\":\"Vaisselle\",\"sl\":\"assiette-ronde-a-bord-mince-en-porcelaine-95-kayali-38533\",\"sn\":\"\",\"idxP\":10},{\"mq\":\"Browne\",\"nm\":\"Spatule 14po haute temp\u00E9rature\",\"nme\":\"spatule 14po haute temp\u00E9rature\",\"attr\":\"\",\"sku\":\"26938\",\"l2\":\"Ustensiles et accessoires\",\"sl\":\"spatule-14po-haute-temperature-browne-26938\",\"sn\":\"\",\"idxP\":30},{\"mq\":\"Kayali\",\"nm\":\"Cuill\u00E8re pour diner style restaurant\",\"nme\":\"Diner Spoon Restaurant Style\",\"attr\":\"\",\"sku\":\"38557\",\"l2\":\"Ustensile de table\",\"sl\":\"cuillere-pour-diner-style-restaurant-kayali-38557\",\"sn\":\"\",\"idxP\":23},{\"mq\":\"Labell\",\"nm\":\"Planche utilitaire 18\\\"x24\\\"x1\\\"\",\"nme\":\"Utility Board 18\\\"x24\\\"x1\\\"\",\"attr\":\"\",\"sku\":\"27195\",\"l2\":\"Planche\",\"sl\":\"planche-utilitaire-18x24x1-labell-27195\",\"sn\":\"\",\"idxP\":21},{\"mq\":\"Kayali\",\"nm\":\"Cuill\u00E8re diner filet deluxe\",\"nme\":\"Dinner Spoon Filet Deluxe\",\"attr\":\"\",\"sku\":\"38556\",\"l2\":\"Ustensile de table\",\"sl\":\"cuillere-diner-filet-deluxe-kayali-38556\",\"sn\":\"\",\"idxP\":21},{\"mq\":\"Browne\",\"nm\":\"Spatule 10po haute temp\u00E9rature\",\"nme\":\"10 \\\" high temperature spatula\",\"attr\":\"\",\"sku\":\"26936\",\"l2\":\"Ustensiles et accessoires\",\"sl\":\"spatule-10po-haute-temperature-browne-26936\",\"sn\":\"\",\"idxP\":35},{\"mq\":\"Browne\",\"nm\":\"Spatule r\u00E9sistant \u00E0 la chaleur 10\\\" \\\/ 25,4 cm\",\"nme\":\"Heat Resistant Scraper 10\\\" \\\/ 25.4 cm\",\"attr\":\"\",\"sku\":\"26940\",\"l2\":\"Ustensiles et accessoires\",\"sl\":\"spatule-resistant-a-la-chaleur-10-254-cm-browne-26940\",\"sn\":\"\",\"idxP\":24},{\"mq\":\"Browne\",\"nm\":\"Gabarit d\u00E9coupe tarte en aluminium 12 parts\",\"nme\":\"Cast Aluminum Pie Marker 12 Pieces\",\"attr\":\"\",\"sku\":\"26933\",\"l2\":\"Accessoire de p\u00E2tisserie\",\"sl\":\"gabarit-decoupe-tarte-en-aluminium-12-parts-browne-26933\",\"sn\":\"\",\"idxP\":2},{\"mq\":\"Browne\",\"nm\":\"Spatule r\u00E9sistant \u00E0 la chaleur 14\\\" \\\/ 35,5 cm\",\"nme\":\"Heat Resistant One-Piece Scraper 14\\\" \\\/ 35.5 cm\",\"attr\":\"\",\"sku\":\"26941\",\"l2\":\"Ustensiles et accessoires\",\"sl\":\"spatule-resistant-a-la-chaleur-14-355-cm-browne-26941\",\"sn\":\"\",\"idxP\":32},{\"mq\":\"Browne\",\"nm\":\"Spatule r\u00E9sistant \u00E0 la chaleur 16\\\" \\\/ 40,6 cm\",\"nme\":\"Heat Resistant One-Piece Scraper 16\\\" \\\/ 40.6 cm\",\"attr\":\"\",\"sku\":\"26942\",\"l2\":\"Ustensiles et accessoires\",\"sl\":\"spatule-resistant-a-la-chaleur-16-406-cm-browne-26942\",\"sn\":\"\",\"idxP\":27},{\"mq\":\"Kayali\",\"nm\":\"Bol en porcelaine 12on\",\"nme\":\"Porcelain Bowl 12oz\",\"attr\":\"\",\"sku\":\"27223\",\"l2\":\"Vaisselle\",\"sl\":\"bol-en-porcelaine-12on-kayali-27223\",\"sn\":\"\",\"idxP\":29},{\"mq\":\"Kayali\",\"nm\":\"Tasse en verre 11,5 oz \\\/ 340 ml\",\"nme\":\"Glass Mug 11.5 oz \\\/ 340 ml\",\"attr\":\"\",\"sku\":\"27234\",\"l2\":\"Verrerie\",\"sl\":\"tasse-en-verre-115-oz-340-ml-kayali-27234\",\"sn\":\"\",\"idxP\":40},{\"mq\":\"Labell\",\"nm\":\"Planche avec rainure 12\\\"x18\\\"x3\\\/4\\\"\",\"nme\":\"Board with Groove 12\\\"x18\\\"x3\\\/4\\\"\",\"attr\":\"\",\"sku\":\"27193\",\"l2\":\"Planche\",\"sl\":\"planche-avec-rainure-12x18x34-labell-27193\",\"sn\":\"\",\"idxP\":9},{\"mq\":\"Kayali\",\"nm\":\"Verre \u00E0 vin Windsor 10 oz \\\/ 295 ml\",\"nme\":\"Wine Glass Windsor 10 oz \\\/ 295 ml\",\"attr\":\"\",\"sku\":\"27236\",\"l2\":\"Verrerie\",\"sl\":\"verre-a-vin-windsor-10-oz-295-ml-kayali-27236\",\"sn\":\"\",\"idxP\":12},{\"mq\":\"Browne\",\"nm\":\"Spatule 16po haute temp\u00E9rature\",\"nme\":\"16\\\" high temperature spatula\",\"attr\":\"\",\"sku\":\"26939\",\"l2\":\"Ustensiles et accessoires\",\"sl\":\"spatule-16po-haute-temperature-browne-26939\",\"sn\":\"\",\"idxP\":34},{\"mq\":\"Browne\",\"nm\":\"Casserole avec couvercle 6,75L\",\"nme\":\"Saucepan with Lid\",\"attr\":\"\",\"sku\":\"26951\",\"l2\":\"Batterie de cuisine\",\"sl\":\"casserole-avec-couvercle-675l-browne-26951\",\"sn\":\"\",\"idxP\":6},{\"mq\":\"Labell\",\"nm\":\"Planche avec rainure 13\\\"x19\\\"x3\\\/4\\\"\",\"nme\":\"Board with Groove 13\\\"x19\\\"x3\\\/4\\\"\",\"attr\":\"\",\"sku\":\"27194\",\"l2\":\"Planche\",\"sl\":\"planche-avec-rainure-13x19x34-labell-27194\",\"sn\":\"\",\"idxP\":16},{\"mq\":\"Kayali\",\"nm\":\"Bol \u00E0 fruit en porcelaine 6,5\\\"\",\"nme\":\"Porcelain Fruit Bowl 6.5\\\"\",\"attr\":\"\",\"sku\":\"27230\",\"l2\":\"Vaisselle\",\"sl\":\"bol-a-fruit-en-porcelaine-65-kayali-27230\",\"sn\":\"\",\"idxP\":32},{\"mq\":\"Elements\",\"nm\":\"Braisi\u00E8re en inox 19 L\",\"nme\":\"Stainless Steel Brazier 19 L\",\"attr\":\"\",\"sku\":\"26988\",\"l2\":\"Batterie de cuisine\",\"sl\":\"braisiere-en-inox-19-l-elements-26988\",\"sn\":\"\",\"idxP\":6},{\"mq\":\"Kayali\",\"nm\":\"Assiette bol \u00E0 p\u00E2tes en porcelaine 11 3\\\/4\\\"\",\"nme\":\"Pasta Bowl Porcelain Plate 11 3\\\/4\\\"\",\"attr\":\"\",\"sku\":\"27233\",\"l2\":\"Vaisselle\",\"sl\":\"assiette-bol-a-pates-en-porcelaine-11-34-kayali-27233\",\"sn\":\"\",\"idxP\":18},{\"mq\":\"Lapaco\",\"nm\":\"Moule \u00E0 g\u00E2teau rouge tulipe\",\"nme\":\"Tulip Red Cup Baking\",\"attr\":\"\",\"sku\":\"26079\",\"l2\":\"Accessoire de p\u00E2tisserie\",\"sl\":\"moule-a-gateau-rouge-tulipe-lapaco-26079\",\"sn\":\"moules\",\"idxP\":14},{\"mq\":\"Kayali\",\"nm\":\"Assiette carr\u00E9e 7.75\\\"\",\"nme\":\"Square Plate 7.75\\\"\",\"attr\":\"\",\"sku\":\"27232\",\"l2\":\"Vaisselle\",\"sl\":\"assiette-carree-7.75-kayali-27232\",\"sn\":\"\",\"idxP\":33},{\"mq\":\"Kayali\",\"nm\":\"Cuill\u00E8re \u00E0 th\u00E9 glac\u00E9 Retro\",\"nme\":\"Resto Long Cocktail Spoon\",\"attr\":\"\",\"sku\":\"27237\",\"l2\":\"Ustensiles et accessoires\",\"sl\":\"cuillere-a-the-glace-retro-kayali-27237\",\"sn\":\"\",\"idxP\":7},{\"mq\":\"Kayali\",\"nm\":\"Tasse en verre 10 oz \\\/ 295 ml\",\"nme\":\"Glass Mug 10 oz \\\/ 295 ml\",\"attr\":\"\",\"sku\":\"27240\",\"l2\":\"Vaisselle\",\"sl\":\"tasse-en-verre-10-oz-295-ml-kayali-27240\",\"sn\":\"\",\"idxP\":75},{\"mq\":\"Kayali\",\"nm\":\"Verre haut Bristol 13,5oz \\\/ 400ml\",\"nme\":\"Bristol Tumbler 13.5 oz \\\/ 400 ml\",\"attr\":\"\",\"sku\":\"38580\",\"l2\":\"Verrerie\",\"sl\":\"verre-haut-bristol-135oz-400ml-kayali-38580\",\"sn\":\"\",\"idxP\":25},{\"mq\":\"Browne\",\"nm\":\"Cylindre \u00E0 coutellerie en plastique\",\"nme\":\"Cutlery Plastic Cylinder\",\"attr\":\"\",\"sku\":\"25565\",\"l2\":\"Ustensile de table\",\"sl\":\"cylindre-a-coutellerie-en-plastique-browne-25565\",\"sn\":\"\",\"idxP\":12},{\"mq\":\"Kayali\",\"nm\":\"Mini bols en porcelaine\",\"nme\":\"Porcelain Mini Bowl\",\"attr\":\"\",\"sku\":\"27235\",\"l2\":\"Vaisselle\",\"sl\":\"mini-bols-en-porcelaine-kayali-27235\",\"sn\":\"\",\"idxP\":55},{\"mq\":\"Kayali\",\"nm\":\"Tasse en verre Tarsila 10 oz \\\/ 295 ml\",\"nme\":\"Tarsila Glass Mug 10 oz \\\/ 295 ml\",\"attr\":\"\",\"sku\":\"49400\",\"l2\":\"Vaisselle\",\"sl\":\"tasse-en-verre-tarsila-10-oz-295-ml-kayali-49400\",\"sn\":\"\",\"idxP\":38},{\"mq\":\"Kayali\",\"nm\":\"Verre \u00E0 cr\u00E8me glac\u00E9e 7 oz \\\/ 210 ml\",\"nme\":\"Ice Cream Cup 7 oz \\\/ 210 ml\",\"attr\":\"\",\"sku\":\"27262\",\"l2\":\"Service de table\",\"sl\":\"verre-a-creme-glacee-7-oz-210-ml-kayali-27262\",\"sn\":\"\",\"idxP\":52},{\"mq\":\"Kayali\",\"nm\":\"Tasse pot Masson avec couvercle 5 oz\",\"nme\":\"Masson Jar with Lid 5 oz\",\"attr\":\"\",\"sku\":\"27266\",\"l2\":\"Contenant et pot\",\"sl\":\"tasse-pot-masson-avec-couvercle-5-oz-kayali-27266\",\"sn\":\"\",\"idxP\":33},{\"mq\":\"Kayali\",\"nm\":\"Mini pot masson avec couvercle\",\"nme\":\"Mini Mason Jar with Cover\",\"attr\":\"\",\"sku\":\"27268\",\"l2\":\"Contenant et pot\",\"sl\":\"mini-pot-masson-avec-couvercle-kayali-27268\",\"sn\":\"\",\"idxP\":39},{\"mq\":\"Kayali\",\"nm\":\"Verre \u00E0 whisky Atol 10,5 oz \\\/ 310 ml\",\"nme\":\"Atol Whisky Glass 10.5 oz \\\/ 310 ml\",\"attr\":\"\",\"sku\":\"27259\",\"l2\":\"Verrerie\",\"sl\":\"verre-a-whisky-atol-105-oz-310-ml-kayali-27259\",\"sn\":\"\",\"idxP\":6},{\"mq\":\"Kayali\",\"nm\":\"Petit pot en verre avec clip 8 oz\",\"nme\":\"Clip Glass Jar 8 oz\",\"attr\":\"\",\"sku\":\"27267\",\"l2\":\"Contenant et pot\",\"sl\":\"petit-pot-en-verre-avec-clip-8-oz-kayali-27267\",\"sn\":\"\",\"idxP\":42},{\"mq\":\"Kayali\",\"nm\":\"Mini cuill\u00E8re hors d'oeuvre\",\"nme\":\"Appetizer Mini Spoon\",\"attr\":\"\",\"sku\":\"35008\",\"l2\":\"Vaisselle\",\"sl\":\"mini-cuillere-hors-doeuvre-kayali-35008\",\"sn\":\"\",\"idxP\":28},{\"mq\":\"Lapaco\",\"nm\":\"Moule \u00E0 g\u00E2teau blanc petite tulipe\",\"nme\":\"Small White Tulip Baking Cup\",\"attr\":\"\",\"sku\":\"27297\",\"l2\":\"Accessoire de p\u00E2tisserie\",\"sl\":\"moule-a-gateau-blanc-petite-tulipe-lapaco-27297\",\"sn\":\"moules\",\"idxP\":7},{\"mq\":\"Thermalloy\",\"nm\":\"Sauteuse en aluminium 14\u201Dx2,8\u201D\\\/ 35,5 cm x 7 cm\",\"nme\":\"Aluminium Saut\u00E9 Pan 14\u201Dx2.8\u201D\\\/ 35.5 cm x 7 cm\",\"attr\":\"\",\"sku\":\"39066\",\"l2\":\"Batterie de cuisine\",\"sl\":\"sauteuse-en-aluminium-14x28-355-cm-x-7-cm-thermalloy-39066\",\"sn\":\"\",\"idxP\":4},{\"mq\":\"Kayali\",\"nm\":\"Verre \u00E0 margarita Windsor 11,25 oz \\\/ 330 ml\",\"nme\":\"Margarita Glass 11.25 oz \\\/ 330 ml\",\"attr\":\"\",\"sku\":\"27261\",\"l2\":\"Verrerie\",\"sl\":\"verre-a-margarita-windsor-1125-oz-330-ml-kayali-27261\",\"sn\":\"\",\"idxP\":10},{\"mq\":\"Thermalloy\",\"nm\":\"Sauteuse en aluminium 16\u201Dx3,5\u201D\\\/ 40,6 cm x 8,9 cm\",\"nme\":\"Aluminium Saut\u00E9 Pan 16\u201Dx3.5\u201D\\\/ 40.6 cm x 8.9 cm\",\"attr\":\"\",\"sku\":\"39067\",\"l2\":\"Batterie de cuisine\",\"sl\":\"sauteuse-en-aluminium-16x35-406-cm-x-89-cm-thermalloy-39067\",\"sn\":\"\",\"idxP\":7},{\"mq\":\"Lapaco\",\"nm\":\"Moule \u00E0 g\u00E2teau brune petite tulipe\",\"nme\":\"Small Brown Tulip Baking Cup\",\"attr\":\"\",\"sku\":\"27298\",\"l2\":\"Accessoire de p\u00E2tisserie\",\"sl\":\"moule-a-gateau-brune-petite-tulipe-lapaco-27298\",\"sn\":\"moules\",\"idxP\":17},{\"mq\":\"Thermalloy\",\"nm\":\"Sauteuse en aluminium 10\u201Dx2,5\u201D \\\/ 25,4 cm x 6,4 cm\",\"nme\":\"Aluminium Saut\u00E9 Pan 10\u201Dx2.5\u201D \\\/ 25.4 cm x 6.4 cm\",\"attr\":\"\",\"sku\":\"39064\",\"l2\":\"Batterie de cuisine\",\"sl\":\"sauteuse-en-aluminium-10x25-254-cm-x-64-cm-thermalloy-39064\",\"sn\":\"\",\"idxP\":3},{\"mq\":\"Thermalloy\",\"nm\":\"Po\u00EAle en aluminium 7\u201Dx1,3\u201D \\\/ 18 cm x 3.2 cm\",\"nme\":\"Aluminium Fry Pan 7\u201Dx1.3\u201D \\\/ 18 cm x 3.2 cm\",\"attr\":\"\",\"sku\":\"39068\",\"l2\":\"Batterie de cuisine\",\"sl\":\"poele-en-aluminium-7x13-18-cm-x-3.2-cm-thermalloy-39068\",\"sn\":\"\",\"idxP\":5},{\"mq\":\"Thermalloy\",\"nm\":\"Casserole conique en aluminium 7L\",\"nme\":\"Aluminium Tapered Sauce Pan 7L\",\"attr\":\"\",\"sku\":\"39083\",\"l2\":\"Batterie de cuisine\",\"sl\":\"casserole-conique-en-aluminium-7l-thermalloy-39083\",\"sn\":\"\",\"idxP\":6},{\"mq\":\"Thermalloy\",\"nm\":\"Casserole conique en aluminium 1,5L\",\"nme\":\"Aluminium Tapered Sauce Pan 1.5L\",\"attr\":\"\",\"sku\":\"39078\",\"l2\":\"Batterie de cuisine\",\"sl\":\"casserole-conique-en-aluminium-15l-thermalloy-39078\",\"sn\":\"\",\"idxP\":9},{\"mq\":\"Thermalloy\",\"nm\":\"Casserole conique en aluminium 8,5L\",\"nme\":\"Aluminium Tapered Sauce Pan 8.5L\",\"attr\":\"\",\"sku\":\"39084\",\"l2\":\"Batterie de cuisine\",\"sl\":\"casserole-conique-en-aluminium-85l-thermalloy-39084\",\"sn\":\"\",\"idxP\":7},{\"mq\":\"Kayali\",\"nm\":\"Distributeur \u00E0 sirop avec couvercle 20 oz \\\/ 600 ml\",\"nme\":\"Sirup Dispenser with Lid 20 oz \\\/ 600 ml\",\"attr\":\"\",\"sku\":\"27265\",\"l2\":\"Service de table\",\"sl\":\"distributeur-a-sirop-avec-couvercle-20-oz-600-ml-kayali-27265\",\"sn\":\"\",\"idxP\":40},{\"mq\":\"Thermalloy\",\"nm\":\"Po\u00EAle en aluminium 14\u201Dx2,5\u201D\\\/ 35,6 cm x 6,3 cm\",\"nme\":\"Aluminium Fry Pan 14\u201Dx2,5\u201D\\\/ 35,6 cm x 6,3 cm\",\"attr\":\"\",\"sku\":\"39072\",\"l2\":\"Batterie de cuisine\",\"sl\":\"poele-en-aluminium-14x25-356-cm-x-63-cm-thermalloy-39072\",\"sn\":\"\",\"idxP\":5},{\"mq\":\"Thermalloy\",\"nm\":\"Po\u00EAle en aluminium 8\u201Dx1,5\u201D\\\/ 20 cm x 3,8 cm\",\"nme\":\"Aluminium Fry Pan 8\u201Dx1.5\u201D\\\/ 20 cm x 3.8 cm\",\"attr\":\"\",\"sku\":\"39069\",\"l2\":\"Batterie de cuisine\",\"sl\":\"poele-en-aluminium-8x15-20-cm-x-38-cm-thermalloy-39069\",\"sn\":\"\",\"idxP\":9},{\"mq\":\"Thermalloy\",\"nm\":\"Casserole conique en aluminium 3,3L\",\"nme\":\"Aluminium Tapered Sauce Pan 3.3L\",\"attr\":\"\",\"sku\":\"39080\",\"l2\":\"Batterie de cuisine\",\"sl\":\"casserole-conique-en-aluminium-33l-thermalloy-39080\",\"sn\":\"\",\"idxP\":7},{\"mq\":\"Kayali\",\"nm\":\"Verre \u00E0 martini Windsor 8,5 oz \\\/ 250 ml\",\"nme\":\"Windsor Martini Glass 8,5 oz \\\/ 250 ml\",\"attr\":\"\",\"sku\":\"27260\",\"l2\":\"Verrerie\",\"sl\":\"verre-a-martini-windsor-85-oz-250-ml-kayali-27260\",\"sn\":\"\",\"idxP\":14},{\"mq\":\"Thermalloy\",\"nm\":\"Casserole conique en aluminium 2.75L\",\"nme\":\"Aluminium Tapered Sauce Pan 2.75L\",\"attr\":\"\",\"sku\":\"39079\",\"l2\":\"Batterie de cuisine\",\"sl\":\"casserole-conique-en-aluminium-2.75l-thermalloy-39079\",\"sn\":\"\",\"idxP\":6},{\"mq\":\"Thermalloy\",\"nm\":\"Couvercle en aluminium pour marmite 20L\",\"nme\":\"Aluminum Stock Pot Cover 20L\",\"attr\":\"\",\"sku\":\"39093\",\"l2\":\"Batterie de cuisine\",\"sl\":\"couvercle-en-aluminium-pour-marmite-20l-thermalloy-39093\",\"sn\":\"\",\"idxP\":3},{\"mq\":\"Thermalloy\",\"nm\":\"Couvercle en aluminium pour marmite 40L\",\"nme\":\"Aluminum Stock Pot Cover 40L\",\"attr\":\"\",\"sku\":\"39099\",\"l2\":\"Batterie de cuisine\",\"sl\":\"couvercle-en-aluminium-pour-marmite-40l-thermalloy-39099\",\"sn\":\"\",\"idxP\":6},{\"mq\":\"Bialetti\",\"nm\":\"Cafeti\u00E8re moka 12 tasses\",\"nme\":\"Coffee Pot 12 Cups\",\"attr\":\"\",\"sku\":\"41932\",\"l2\":\"Service de table\",\"sl\":\"cafetiere-moka-12-tasses-bialetti-41932\",\"sn\":\"\",\"idxP\":17},{\"mq\":\"Bialetti\",\"nm\":\"Cafeti\u00E8re moka 9 tasses\",\"nme\":\"Moka Coffee Maker 9 Cups\",\"attr\":\"\",\"sku\":\"35207\",\"l2\":\"Service de table\",\"sl\":\"cafetiere-moka-9-tasses-bialetti-35207\",\"sn\":\"\",\"idxP\":18},{\"mq\":\"Starfrit\",\"nm\":\"M\u00E9langeur personnel 828 ml \\\/ 28 oz\",\"nme\":\"Electric Personal Blender 828 ml \\\/ 28 oz\",\"attr\":\"\",\"sku\":\"27430\",\"l2\":\"Ustensiles et accessoires\",\"sl\":\"melangeur-personnel-828-ml-28-oz-starfrit-27430\",\"sn\":\"\",\"idxP\":29},{\"mq\":\"Thermalloy\",\"nm\":\"Casserole conique en aluminium 5,5L\",\"nme\":\"Aluminium Tapered Sauce Pan 5.5L\",\"attr\":\"\",\"sku\":\"39082\",\"l2\":\"Batterie de cuisine\",\"sl\":\"casserole-conique-en-aluminium-55l-thermalloy-39082\",\"sn\":\"\",\"idxP\":10},{\"mq\":\"Thermalloy\",\"nm\":\"Couvercle en aluminium braisi\u00E8re 24L\",\"nme\":\"Brazier's Aluminium Lid 24L\",\"attr\":\"\",\"sku\":\"39103\",\"l2\":\"Batterie de cuisine\",\"sl\":\"couvercle-en-aluminium-braisiere-24l-thermalloy-39103\",\"sn\":\"raisins\",\"idxP\":0},{\"mq\":\"Thermalloy\",\"nm\":\"Po\u00EAle en aluminium 12\u201Dx2,3\u201D\\\/ 30,5 cm x 5,7 cm\",\"nme\":\"Aluminium Fry Pan 12\u201Dx2.3\u201D\\\/ 30.5 cm x 5.7 cm\",\"attr\":\"\",\"sku\":\"39071\",\"l2\":\"Batterie de cuisine\",\"sl\":\"poele-en-aluminium-12x23-305-cm-x-57-cm-thermalloy-39071\",\"sn\":\"\",\"idxP\":8},{\"mq\":\"Thermalloy\",\"nm\":\"Couvercle en aluminium pour marmite 16L\",\"nme\":\"Aluminum Stock Pot Cover 16L\",\"attr\":\"\",\"sku\":\"39092\",\"l2\":\"Batterie de cuisine\",\"sl\":\"couvercle-en-aluminium-pour-marmite-16l-thermalloy-39092\",\"sn\":\"\",\"idxP\":5},{\"mq\":\"Kayali\",\"nm\":\"Verre On the Rocks 11 oz \\\/ 325 ml\",\"nme\":\"On the Rocks Glass 11 oz \\\/ 325 ml\",\"attr\":\"\",\"sku\":\"39713\",\"l2\":\"Verrerie\",\"sl\":\"verre-on-the-rocks-11-oz-325-ml-kayali-39713\",\"sn\":\"\",\"idxP\":25},{\"mq\":\"Thermalloy\",\"nm\":\"Po\u00EAle en aluminium 10\u201Dx2\u201D\\\/ 25,4 cm x 5 cm\",\"nme\":\"Aluminium Fry Pan 10\u201Dx2\u201D\\\/ 25.4 cm x 5 cm\",\"attr\":\"\",\"sku\":\"39070\",\"l2\":\"Batterie de cuisine\",\"sl\":\"poele-en-aluminium-10x2-254-cm-x-5-cm-thermalloy-39070\",\"sn\":\"\",\"idxP\":11},{\"mq\":\"Thermalloy\",\"nm\":\"Couvercle en aluminium pour marmite 12L\",\"nme\":\"Aluminum Stock Pot Cover 12L\",\"attr\":\"\",\"sku\":\"39091\",\"l2\":\"Batterie de cuisine\",\"sl\":\"couvercle-en-aluminium-pour-marmite-12l-thermalloy-39091\",\"sn\":\"\",\"idxP\":7},{\"mq\":\"Thermalloy\",\"nm\":\"Casserole conique en aluminium 11L\",\"nme\":\"Aluminium Tapered Sauce Pan 11L\",\"attr\":\"\",\"sku\":\"39085\",\"l2\":\"Batterie de cuisine\",\"sl\":\"casserole-conique-en-aluminium-11l-thermalloy-39085\",\"sn\":\"\",\"idxP\":3},{\"mq\":\"Thermalloy\",\"nm\":\"Couvercle en aluminium pour marmite 24L\",\"nme\":\"Aluminum Stock Pot Cover 24L\",\"attr\":\"\",\"sku\":\"39094\",\"l2\":\"Batterie de cuisine\",\"sl\":\"couvercle-en-aluminium-pour-marmite-24l-thermalloy-39094\",\"sn\":\"\",\"idxP\":4},{\"mq\":\"Thermalloy\",\"nm\":\"Couvercle en aluminium pour marmite 32L\",\"nme\":\"Aluminum Stock Pot Cover 32L\",\"attr\":\"\",\"sku\":\"39097\",\"l2\":\"Batterie de cuisine\",\"sl\":\"couvercle-en-aluminium-pour-marmite-32l-thermalloy-39097\",\"sn\":\"\",\"idxP\":6},{\"mq\":\"Thermalloy\",\"nm\":\"Couvercle en aluminium pour marmite 60L\",\"nme\":\"Aluminum Stock Pot Cover 60L\",\"attr\":\"\",\"sku\":\"39100\",\"l2\":\"Batterie de cuisine\",\"sl\":\"couvercle-en-aluminium-pour-marmite-60l-thermalloy-39100\",\"sn\":\"\",\"idxP\":5},{\"mq\":\"Bialetti\",\"nm\":\"Cafeti\u00E8re moka 3 tasses\",\"nme\":\"Espresso Machine 3 Cups\",\"attr\":\"\",\"sku\":\"33083\",\"l2\":\"Service de table\",\"sl\":\"cafetiere-moka-3-tasses-bialetti-33083\",\"sn\":\"\",\"idxP\":16},{\"mq\":\"Rabco\",\"nm\":\"Cuilli\u00E8re pour le bar 11\\\"\",\"nme\":\"Spoon Bar 11\\\"\",\"attr\":\"\",\"sku\":\"31166\",\"l2\":\"Ustensiles et accessoires\",\"sl\":\"cuilliere-pour-le-bar-11-rabco-31166\",\"sn\":\"\",\"idxP\":27},{\"mq\":\"Trudeau\",\"nm\":\"Mini hachoir\",\"nme\":\"Mini Chopper\",\"attr\":\"\",\"sku\":\"25131\",\"l2\":\"Ustensiles et accessoires\",\"sl\":\"mini-hachoir-trudeau-25131\",\"sn\":\"\",\"idxP\":7},{\"mq\":\"Bialetti\",\"nm\":\"Cafeti\u00E8re moka 6 tasses\",\"nme\":\"Moka Coffee Maker 6 Cups\",\"attr\":\"\",\"sku\":\"32860\",\"l2\":\"Service de table\",\"sl\":\"cafetiere-moka-6-tasses-bialetti-32860\",\"sn\":\"\",\"idxP\":18},{\"mq\":\"Windsor\",\"nm\":\"Fourchette \u00E0 salade en acier inoxydable\",\"nme\":\"Stainless Steel Salad Forks\",\"attr\":\"\",\"sku\":\"10232\",\"l2\":\"Ustensile de table\",\"sl\":\"fourchette-a-salade-en-acier-inoxydable-windsor-10232\",\"sn\":\"\",\"idxP\":13},{\"mq\":\"Rabco\",\"nm\":\"Panier \u00E0 pain oval\",\"nme\":\"Oval Bread Basket\",\"attr\":\"\",\"sku\":\"28904\",\"l2\":\"Service de table\",\"sl\":\"panier-a-pain-oval-rabco-28904\",\"sn\":\"\",\"idxP\":30},{\"mq\":\"Sanelli\",\"nm\":\"Couteau \u00E0 saigner 7\\\" \\\/ 18 cm\",\"nme\":\"Sticking Knife 7\\\" \\\/ 18 cm\",\"attr\":\"\",\"sku\":\"39670\",\"l2\":\"Couteau de chef\",\"sl\":\"couteau-a-saigner-7-18-cm-sanelli-39670\",\"sn\":\"\",\"idxP\":5},{\"mq\":\"Sanelli\",\"nm\":\"Couteau de boucher 10 1\\\/2\\\" \\\/ 27 cm\",\"nme\":\"Butcher's Knife 10 1\\\/2\\\" \\\/ 27 cm\",\"attr\":\"\",\"sku\":\"39675\",\"l2\":\"Couteau de chef\",\"sl\":\"couteau-de-boucher-10-12-27-cm-sanelli-39675\",\"sn\":\"\",\"idxP\":6},{\"mq\":\"Sanelli\",\"nm\":\"Couteau de boucher 7\\\" \\\/ 18 cm\",\"nme\":\"Butcher's Knife 7\\\" \\\/ 18 cm\",\"attr\":\"\",\"sku\":\"39676\",\"l2\":\"Couteau de chef\",\"sl\":\"couteau-de-boucher-7-18-cm-sanelli-39676\",\"sn\":\"\",\"idxP\":5},{\"mq\":\"Sanelli\",\"nm\":\"Couteau de chef 9 1\\\/2\\\" \\\/ 24 cm\",\"nme\":\"Chef's Knife 9 1\\\/2\\\" \\\/ 24 cm\",\"attr\":\"\",\"sku\":\"39682\",\"l2\":\"Couteau de chef\",\"sl\":\"couteau-de-chef-9-12-24-cm-sanelli-39682\",\"sn\":\"\",\"idxP\":9},{\"mq\":\"Sanelli\",\"nm\":\"Couteau japonais 7\\\" \\\/ 18 cm\",\"nme\":\"Japanese Knife 7\\\" \\\/ 18 cm\",\"attr\":\"\",\"sku\":\"39688\",\"l2\":\"Couteau de chef\",\"sl\":\"couteau-japonais-7-18-cm-sanelli-39688\",\"sn\":\"\",\"idxP\":5},{\"mq\":\"Sanelli\",\"nm\":\"Couteau \u00E0 p\u00E2tisserie 10 1\\\/4\\\" \\\/ 26 cm\",\"nme\":\"Pastry Serrated Knife 10 1\\\/4\\\" \\\/ 26 cm\",\"attr\":\"\",\"sku\":\"39667\",\"l2\":\"Couteau de chef\",\"sl\":\"couteau-a-patisserie-10-14-26-cm-sanelli-39667\",\"sn\":\"\",\"idxP\":5},{\"mq\":\"Sanelli\",\"nm\":\"Couteau \u00E0 d\u00E9pouiller 6 1\\\/4\\\" \\\/ 16 cm\",\"nme\":\"Curved Boning Knife 6 1\\\/4\\\" \\\/ 16 cm\",\"attr\":\"\",\"sku\":\"39674\",\"l2\":\"Couteau de chef\",\"sl\":\"couteau-a-depouiller-6-14-16-cm-sanelli-39674\",\"sn\":\"\",\"idxP\":6},{\"mq\":\"Sanelli\",\"nm\":\"Couteau de boucher 8 3\\\/4\\\" \\\/ 22 cm\",\"nme\":\"Butcher's Knife 8 3\\\/4\\\" \\\/ 22 cm\",\"attr\":\"\",\"sku\":\"39677\",\"l2\":\"Couteau de chef\",\"sl\":\"couteau-de-boucher-8-34-22-cm-sanelli-39677\",\"sn\":\"\",\"idxP\":5},{\"mq\":\"Sanelli\",\"nm\":\"Couteau \u00E0 d\u00E9sosser \u00E9troit 6 1\\\/4\\\" \\\/ 16 cm\",\"nme\":\"Narrow Boning Knife 6 1\\\/4\\\" \\\/ 16 cm\",\"attr\":\"\",\"sku\":\"39687\",\"l2\":\"Couteau de chef\",\"sl\":\"couteau-a-desosser-etroit-6-14-16-cm-sanelli-39687\",\"sn\":\"\",\"idxP\":5},{\"mq\":\"Sanelli\",\"nm\":\"Couteau \u00E0 d\u00E9sosser 6 1\\\/4\\\" \\\/ 16 cm\",\"nme\":\"Boning Knife 6 1\\\/4\\\" \\\/ 16 cm\",\"attr\":\"\",\"sku\":\"49020\",\"l2\":\"Couteau de chef\",\"sl\":\"couteau-a-desosser-6-14-16-cm-sanelli-49020\",\"sn\":\"\",\"idxP\":4},{\"mq\":\"Globe\",\"nm\":\"Grattoir robuste 6 Lames 4\\\"\",\"nme\":\"Dough Scraper 6 Blades\",\"attr\":\"\",\"sku\":\"27902\",\"l2\":\"Ustensiles et accessoires\",\"sl\":\"grattoir-robuste-6-lames-4-globe-27902\",\"sn\":\"\",\"idxP\":7},{\"mq\":\"Sanelli\",\"nm\":\"Couteau \u00E0 saigner 5 1\\\/2\\\" \\\/ 14 cm\",\"nme\":\"Sticking Knife 5 1\\\/2\\\" \\\/ 14 cm\",\"attr\":\"\",\"sku\":\"39669\",\"l2\":\"Couteau de chef\",\"sl\":\"couteau-a-saigner-5-12-14-cm-sanelli-39669\",\"sn\":\"\",\"idxP\":5},{\"mq\":\"Sanelli\",\"nm\":\"Couteau de chef oliv\u00E9 10\\\" \\\/ 25 cm\",\"nme\":\"Indented Cook's Knife 10\\\" \\\/ 25 cm\",\"attr\":\"\",\"sku\":\"39683\",\"l2\":\"Couteau de chef\",\"sl\":\"couteau-de-chef-olive-10-25-cm-sanelli-39683\",\"sn\":\"\",\"idxP\":10},{\"mq\":\"Sanelli\",\"nm\":\"Couteau de chef 8 1\\\/4\\\" \\\/ 21 cm\",\"nme\":\"Cook's Knife 8 1\\\/4\\\" \\\/ 21 cm\",\"attr\":\"\",\"sku\":\"39680\",\"l2\":\"Couteau de chef\",\"sl\":\"couteau-de-chef-8-14-21-cm-sanelli-39680\",\"sn\":\"\",\"idxP\":20},{\"mq\":\"Sanelli\",\"nm\":\"Couteau d'office 4\\\" \\\/ 10 cm\",\"nme\":\"Paring Knife 4\\\" \\\/ 10 cm\",\"attr\":\"\",\"sku\":\"39685\",\"l2\":\"Couteau de chef\",\"sl\":\"couteau-doffice-4-10-cm-sanelli-39685\",\"sn\":\"\",\"idxP\":15},{\"mq\":\"Sanelli\",\"nm\":\"Couteau \u00E0 pain 9 1\\\/2\\\" \\\/ 24 cm\",\"nme\":\"Bread Knife 9 1\\\/2\\\" \\\/ 24 cm\",\"attr\":\"\",\"sku\":\"49032\",\"l2\":\"Couteau de chef\",\"sl\":\"couteau-a-pain-9-12-24-cm-sanelli-49032\",\"sn\":\"\",\"idxP\":9},{\"mq\":\"Sanelli\",\"nm\":\"Couteau \u00E0 d\u00E9pecer 7\\\" \\\/ 18 cm\",\"nme\":\"Legging Knife 7\\\" \\\/ 18 cm\",\"attr\":\"\",\"sku\":\"49021\",\"l2\":\"Couteau de chef\",\"sl\":\"couteau-a-depecer-7-18-cm-sanelli-49021\",\"sn\":\"\",\"idxP\":2},{\"mq\":\"Sanelli\",\"nm\":\"Couteau \u00E0 jambon 9 1\\\/2\\\" \\\/ 24 cm\",\"nme\":\"Ham Knife 9 1\\\/2\\\" \\\/ 24 cm\",\"attr\":\"\",\"sku\":\"49028\",\"l2\":\"Couteau de chef\",\"sl\":\"couteau-a-jambon-9-12-24-cm-sanelli-49028\",\"sn\":\"\",\"idxP\":2},{\"mq\":\"Sanelli\",\"nm\":\"Couteau \u00E0 saumon 11\\\" \\\/ 28 cm\",\"nme\":\"Salmon Slicer Knife 11\\\" \\\/ 28 cm\",\"attr\":\"\",\"sku\":\"39671\",\"l2\":\"Couteau de chef\",\"sl\":\"couteau-a-saumon-11-28-cm-sanelli-39671\",\"sn\":\"\",\"idxP\":8},{\"mq\":\"Sanelli\",\"nm\":\"Couteau de chef 8\\\" \\\/ 20 cm\",\"nme\":\"Cook's Knife 8'' \\\/ 20 cm\",\"attr\":\"\",\"sku\":\"39681\",\"l2\":\"Couteau de chef\",\"sl\":\"couteau-de-chef-8-20-cm-sanelli-39681\",\"sn\":\"\",\"idxP\":11},{\"mq\":\"Yaxell\",\"nm\":\"Couteau de chef oliv\u00E9 8 1\\\/4\\\" \\\/ 21 cm\",\"nme\":\"Indented Cook's Knife 8 1\\\/4\\\" \\\/ 21 cm\",\"attr\":\"\",\"sku\":\"39684\",\"l2\":\"Couteau de chef\",\"sl\":\"couteau-de-chef-olive-8-14-21-cm-yaxell-39684\",\"sn\":\"\",\"idxP\":8},{\"mq\":\"Sagetra\",\"nm\":\"Couvercle \u00E0 rainures r\u00E9cipient antiblocage rectang\",\"nme\":\"Slotted Cover Anti-Jam Rectangular Pan Full Size\",\"attr\":\"\",\"sku\":\"31177\",\"l2\":\"Buffet\",\"sl\":\"couvercle-a-rainures-recipient-antiblocage-rectang-sagetra-31177\",\"sn\":\"\",\"idxP\":23},{\"mq\":\"Sanelli\",\"nm\":\"Couteau \u00E0 saumon oliv\u00E9 12 1\\\/4\\\" \\\/ 31 cm\",\"nme\":\"Indented Salmon Knife 12 1\\\/4\\\" \\\/ 31 cm\",\"attr\":\"\",\"sku\":\"39672\",\"l2\":\"Couteau de chef\",\"sl\":\"couteau-a-saumon-olive-12-14-31-cm-sanelli-39672\",\"sn\":\"\",\"idxP\":3},{\"mq\":\"Sanelli\",\"nm\":\"Couteau \u00E0 d\u00E9sosser \u00E9troit 5 1\\\/2\\\" \\\/ 14 cm\",\"nme\":\"Narrow Boning Knife 5 1\\\/2\\\" \\\/ 14 cm\",\"attr\":\"\",\"sku\":\"39686\",\"l2\":\"Couteau de chef\",\"sl\":\"couteau-a-desosser-etroit-5-12-14-cm-sanelli-39686\",\"sn\":\"\",\"idxP\":3},{\"mq\":\"Sanelli\",\"nm\":\"Couteau \u00E0 r\u00F4ti 1\\\/2\\\" \\\/ 24 cm\",\"nme\":\"Roast Knife 9 1\\\/2\\\" \\\/ 24 cm\",\"attr\":\"\",\"sku\":\"39668\",\"l2\":\"Couteau de chef\",\"sl\":\"couteau-a-roti-12-24-cm-sanelli-39668\",\"sn\":\"\",\"idxP\":6},{\"mq\":\"Sanelli\",\"nm\":\"Couteau \u00E0 tomate 4 3\\\/4\\\" \\\/ 12 cm\",\"nme\":\"Tomato Knife 4 3\\\/4\\\" \\\/ 12 cm\",\"attr\":\"\",\"sku\":\"39673\",\"l2\":\"Couteau de chef\",\"sl\":\"couteau-a-tomate-4-34-12-cm-sanelli-39673\",\"sn\":\"tomates\",\"idxP\":11},{\"mq\":\"Sanelli\",\"nm\":\"Couteau de chef 10\\\" \\\/ 25 cm\",\"nme\":\"Cook's Knife 10'' \\\/ 25 cm\",\"attr\":\"\",\"sku\":\"39678\",\"l2\":\"Couteau de chef\",\"sl\":\"couteau-de-chef-10-25-cm-sanelli-39678\",\"sn\":\"\",\"idxP\":17},{\"mq\":\"Sanelli\",\"nm\":\"Couperet de cuisine 6 1\\\/4\\\" \\\/ 16 cm\",\"nme\":\"Kitchen Cleaver 6 1\\\/4\\\" \\\/ 16 cm\",\"attr\":\"\",\"sku\":\"49019\",\"l2\":\"Couteau de chef\",\"sl\":\"couperet-de-cuisine-6-14-16-cm-sanelli-49019\",\"sn\":\"\",\"idxP\":6},{\"mq\":\"Sanelli\",\"nm\":\"Couteau \u00E0 filet flexible 6 1\\\/4\\\" \\\/ 16 cm\",\"nme\":\"Flexible Fillet Knife 6 1\\\/4\\\" \\\/ 16 cm\",\"attr\":\"\",\"sku\":\"49022\",\"l2\":\"Couteau de chef\",\"sl\":\"couteau-a-filet-flexible-6-14-16-cm-sanelli-49022\",\"sn\":\"\",\"idxP\":4},{\"mq\":\"Sanelli\",\"nm\":\"Couteau \u00E0 l\u00E9gume 2 1\\\/2\\\" \\\/ 6 cm\",\"nme\":\"Vegetable Knife 2 1\\\/2\\\" \\\/ 6 cm\",\"attr\":\"\",\"sku\":\"49029\",\"l2\":\"Couteau de chef\",\"sl\":\"couteau-a-legume-2-12-6-cm-sanelli-49029\",\"sn\":\"\",\"idxP\":12},{\"mq\":\"Lapaco\",\"nm\":\"Moule \u00E0 g\u00E2teau brun tulipe grand\",\"nme\":\"Tulip Baking Cup Large Brown\",\"attr\":\"\",\"sku\":\"27302\",\"l2\":\"Accessoire de p\u00E2tisserie\",\"sl\":\"moule-a-gateau-brun-tulipe-grand-lapaco-27302\",\"sn\":\"moules\",\"idxP\":21},{\"mq\":\"Sanelli\",\"nm\":\"Couteau \u00E0 filet flexible 8 3\\\/4' \\\/ 22 cm\",\"nme\":\"Flex Fillet Knife 8 3\\\/4' \\\/ 22 cm\",\"attr\":\"\",\"sku\":\"49025\",\"l2\":\"Couteau de chef\",\"sl\":\"couteau-a-filet-flexible-8-34-22-cm-sanelli-49025\",\"sn\":\"\",\"idxP\":5},{\"mq\":\"Sanelli\",\"nm\":\"Couteau \u00E0 pain 12 1\\\/2\\\" \\\/ 32 cm\",\"nme\":\"Bread Knife 12 1\\\/2\\\" \\\/ 32 cm\",\"attr\":\"\",\"sku\":\"49031\",\"l2\":\"Couteau de chef\",\"sl\":\"couteau-a-pain-12-12-32-cm-sanelli-49031\",\"sn\":\"\",\"idxP\":4},{\"mq\":\"Lapaco\",\"nm\":\"Moule \u00E0 doublure cannel\u00E9e 3 1\\\/4\u201D x 2\u201D\",\"nme\":\"Pan Liner 3 1\\\/4\u201D x 2\u201D\",\"attr\":\"\",\"sku\":\"27325\",\"l2\":\"Accessoire de p\u00E2tisserie\",\"sl\":\"moule-a-doublure-cannelee-3-14-x-2-lapaco-27325\",\"sn\":\"moules\",\"idxP\":14},{\"mq\":\"Sanelli\",\"nm\":\"Couteau \u00E0 jambon 12 1\\\/2\\\" \\\/ 32 cm\",\"nme\":\"Ham Knife 12 1\\\/2\\\" \\\/ 32 cm\",\"attr\":\"\",\"sku\":\"49027\",\"l2\":\"Couteau de chef\",\"sl\":\"couteau-a-jambon-12-12-32-cm-sanelli-49027\",\"sn\":\"\",\"idxP\":4},{\"mq\":\"Lapaco\",\"nm\":\"Moule \u00E0 g\u00E2teau blanc tulipe moyen\",\"nme\":\"Tulip Baking Cup Medium White\",\"attr\":\"\",\"sku\":\"27300\",\"l2\":\"Accessoire de p\u00E2tisserie\",\"sl\":\"moule-a-gateau-blanc-tulipe-moyen-lapaco-27300\",\"sn\":\"moules\",\"idxP\":7},{\"mq\":\"Lapaco\",\"nm\":\"Moule \u00E0 doublure cannel\u00E9e 6 7\\\/8\u201D x 2 7\\\/8\u201D\",\"nme\":\"Pan Liner 6 7\\\/8\u201D x 2 7\\\/8\u201D\",\"attr\":\"\",\"sku\":\"27322\",\"l2\":\"Accessoire de p\u00E2tisserie\",\"sl\":\"moule-a-doublure-cannelee-6-78-x-2-78-lapaco-27322\",\"sn\":\"moules\",\"idxP\":4},{\"mq\":\"Sanelli\",\"nm\":\"Couteau \u00E0 pain flexible 12 1\\\/2\\\" \\\/ 32 cm\",\"nme\":\"Flexible Bread Knife 12 1\\\/2\\\" \\\/ 32 cm\",\"attr\":\"\",\"sku\":\"49033\",\"l2\":\"Couteau de chef\",\"sl\":\"couteau-a-pain-flexible-12-12-32-cm-sanelli-49033\",\"sn\":\"\",\"idxP\":3},{\"mq\":\"Bios\",\"nm\":\"Minuteur ACL standard\",\"nme\":\"LCD Standard Timer\",\"attr\":\"\",\"sku\":\"27389\",\"l2\":\"Ustensiles et accessoires\",\"sl\":\"minuteur-acl-standard-bios-27389\",\"sn\":\"\",\"idxP\":18},{\"mq\":\"Bios\",\"nm\":\"Thermom\u00E8tre num\u00E9rique pour friture\",\"nme\":\"Digital Thermometer for Frying\",\"attr\":\"\",\"sku\":\"27399\",\"l2\":\"Ustensiles et accessoires\",\"sl\":\"thermometre-numerique-pour-friture-bios-27399\",\"sn\":\"\",\"idxP\":18},{\"mq\":\"Lapaco\",\"nm\":\"Moule \u00E0 g\u00E2teau rouge tulipe grand\",\"nme\":\"Tulip Baking Cup Large Red\",\"attr\":\"\",\"sku\":\"27303\",\"l2\":\"Accessoire de p\u00E2tisserie\",\"sl\":\"moule-a-gateau-rouge-tulipe-grand-lapaco-27303\",\"sn\":\"moules\",\"idxP\":5},{\"mq\":\"Sanelli\",\"nm\":\"Couteau \u00E0 filet flexible 7'' \\\/ 18 cm\",\"nme\":\"Flexible Fillet Knife 7'' \\\/ 18 cm\",\"attr\":\"\",\"sku\":\"49024\",\"l2\":\"Couteau de chef\",\"sl\":\"couteau-a-filet-flexible-7-18-cm-sanelli-49024\",\"sn\":\"\",\"idxP\":5},{\"mq\":\"Bios\",\"nm\":\"Thermom\u00E8tre num\u00E9rique de poche\",\"nme\":\"Pocket Digital Thermometer\",\"attr\":\"\",\"sku\":\"27408\",\"l2\":\"Ustensiles et accessoires\",\"sl\":\"thermometre-numerique-de-poche-bios-27408\",\"sn\":\"\",\"idxP\":13},{\"mq\":\"Bios\",\"nm\":\"Thermom\u00E8tre \u00E0 cadran 1\\\" \\\/ 2,5 cm\",\"nme\":\"Dial Thermometer 1'' \\\/ 2.5 cm\",\"attr\":\"\",\"sku\":\"27391\",\"l2\":\"Ustensiles et accessoires\",\"sl\":\"thermometre-a-cadran-1-25-cm-bios-27391\",\"sn\":\"\",\"idxP\":14},{\"mq\":\"Bios\",\"nm\":\"Thermom\u00E8tre \u00E0 bonbon ou friture\",\"nme\":\"Candy and Frying Thermometer\",\"attr\":\"\",\"sku\":\"27404\",\"l2\":\"Ustensiles et accessoires\",\"sl\":\"thermometre-a-bonbon-ou-friture-bios-27404\",\"sn\":\"\",\"idxP\":14},{\"mq\":\"Bios\",\"nm\":\"Thermom\u00E8tre \u00E0 four 3\\\" \\\/ 7,5 cm\",\"nme\":\"Oven Thermometer 3\\\"\\\/ 7,5 cm\",\"attr\":\"\",\"sku\":\"27421\",\"l2\":\"Ustensiles et accessoires\",\"sl\":\"thermometre-a-four-3-75-cm-bios-27421\",\"sn\":\"\",\"idxP\":12},{\"mq\":\"Lapaco\",\"nm\":\"Moule \u00E0 g\u00E2teau blanc tulipe grand\",\"nme\":\"Tulip Baking Cup Large White\",\"attr\":\"\",\"sku\":\"27301\",\"l2\":\"Accessoire de p\u00E2tisserie\",\"sl\":\"moule-a-gateau-blanc-tulipe-grand-lapaco-27301\",\"sn\":\"moules\",\"idxP\":8},{\"mq\":\"Bios\",\"nm\":\"Thermom\u00E8tre pendant \u00E0 r\u00E9frig\u00E9rateur et cong\u00E9lateur\",\"nme\":\"Hangin Fridge and Freezer Thermometer\",\"attr\":\"\",\"sku\":\"27387\",\"l2\":\"Ustensiles et accessoires\",\"sl\":\"thermometre-pendant-a-refrigerateur-et-congelateur-bios-27387\",\"sn\":\"\",\"idxP\":20},{\"mq\":\"Lapaco\",\"nm\":\"Moule \u00E0 g\u00E2teau brun 450187\",\"nme\":\"Brown Baking Cup 450187\",\"attr\":\"\",\"sku\":\"27356\",\"l2\":\"Accessoire de p\u00E2tisserie\",\"sl\":\"moule-a-gateau-brun-450187-lapaco-27356\",\"sn\":\"moules\",\"idxP\":33},{\"mq\":\"Bios\",\"nm\":\"Thermom\u00E8tre num\u00E9rique de poche\",\"nme\":\"Dial Pocket Thermometer\",\"attr\":\"\",\"sku\":\"27393\",\"l2\":\"Ustensiles et accessoires\",\"sl\":\"thermometre-numerique-de-poche-bios-27393\",\"sn\":\"\",\"idxP\":13},{\"mq\":\"Bios\",\"nm\":\"Balance portable 10 lb \\\/ 5000 g\",\"nme\":\"Portable Scale 10 lb \\\/ 5000 g\",\"attr\":\"\",\"sku\":\"27406\",\"l2\":\"Accessoire de cuisine\",\"sl\":\"balance-portable-10-lb-5000-g-bios-27406\",\"sn\":\"\",\"idxP\":9},{\"mq\":\"Lapaco\",\"nm\":\"Moule \u00E0 doublure cannel\u00E9e ronde 7 3\\\/4\\\"\",\"nme\":\"Round Pan Liner 7 3\\\/4\\\"\",\"attr\":\"\",\"sku\":\"27337\",\"l2\":\"Accessoire de p\u00E2tisserie\",\"sl\":\"moule-a-doublure-cannelee-ronde-7-34-lapaco-27337\",\"sn\":\"moules\",\"idxP\":3},{\"mq\":\"Bios\",\"nm\":\"Thermom\u00E8tre r\u00E9frig\u00E9rateur cong\u00E9lateur haute gamme\",\"nme\":\"Fridge and Freezer Thermometer\",\"attr\":\"\",\"sku\":\"27388\",\"l2\":\"Ustensiles et accessoires\",\"sl\":\"thermometre-refrigerateur-congelateur-haute-gamme-bios-27388\",\"sn\":\"\",\"idxP\":18},{\"mq\":\"Bios\",\"nm\":\"Thermom\u00E8tre \u00E0 infra-rouge\",\"nme\":\"Infra-red Thermometer\",\"attr\":\"\",\"sku\":\"27394\",\"l2\":\"Ustensiles et accessoires\",\"sl\":\"thermometre-a-infra-rouge-bios-27394\",\"sn\":\"\",\"idxP\":7},{\"mq\":\"Bios\",\"nm\":\"Thermom\u00E8tre num\u00E9rique de poche \u00E9tanche\",\"nme\":\"Waterproof Pocket Digital Thermometer\",\"attr\":\"\",\"sku\":\"27407\",\"l2\":\"Ustensiles et accessoires\",\"sl\":\"thermometre-numerique-de-poche-etanche-bios-27407\",\"sn\":\"\",\"idxP\":26},{\"mq\":\"Lapaco\",\"nm\":\"Moule \u00E0 doublure cannel\u00E9e 7 5\\\/16\u201D x 3 5\\\/16\u201D\",\"nme\":\"Pan Liner 7 5\\\/16\u201D x 3 5\\\/16\u201D\",\"attr\":\"\",\"sku\":\"27323\",\"l2\":\"Accessoire de p\u00E2tisserie\",\"sl\":\"moule-a-doublure-cannelee-7-516-x-3-516-lapaco-27323\",\"sn\":\"moules\",\"idxP\":3},{\"mq\":\"Bios\",\"nm\":\"Thermom\u00E8tre pour viande avec minuteur\",\"nme\":\"Meat Thermometer with Timer\",\"attr\":\"\",\"sku\":\"27397\",\"l2\":\"Ustensiles et accessoires\",\"sl\":\"thermometre-pour-viande-avec-minuteur-bios-27397\",\"sn\":\"\",\"idxP\":9},{\"mq\":\"Bios\",\"nm\":\"Thermom\u00E8tre analogue 1po\",\"nme\":\"Analog thermometer 1inch\",\"attr\":\"\",\"sku\":\"27390\",\"l2\":\"Ustensiles et accessoires\",\"sl\":\"thermometre-analogue-1po-bios-27390\",\"sn\":\"\",\"idxP\":13},{\"mq\":\"Sagetra\",\"nm\":\"Planche \u00E0 d\u00E9couper rouge 18\\\"x24\\\"\",\"nme\":\"Red Cutting Board 18\\\"x24\\\"\",\"attr\":\"\",\"sku\":\"24949\",\"l2\":\"Planche\",\"sl\":\"planche-a-decouper-rouge-18x24-sagetra-24949\",\"sn\":\"\",\"idxP\":21},{\"mq\":\"Sanelli\",\"nm\":\"Fusil \u00E0 aiguiser Oval 12\",\"nme\":\"Sharpening Steel Oval 12\\\"\",\"attr\":\"\",\"sku\":\"39702\",\"l2\":\"Couteau de chef\",\"sl\":\"fusil-a-aiguiser-oval-12-sanelli-39702\",\"sn\":\"\",\"idxP\":0},{\"mq\":\"Sagetra\",\"nm\":\"Pelle \u00E0 pizza en bois 14\\\"X16\\\" manche 36\\\"\",\"nme\":\"Wooden Pizza Peel 14\\\"x16\\\" Blade 36\\\"\",\"attr\":\"\",\"sku\":\"24940\",\"l2\":\"Accessoire pour pizza\",\"sl\":\"pelle-a-pizza-en-bois-14x16-manche-36-sagetra-24940\",\"sn\":\"\",\"idxP\":16},{\"mq\":\"Sagetra\",\"nm\":\"Cuill\u00E8re en inox 30 cm \\\/ 13''\",\"nme\":\"Stainless Steel Spoon 30 cm \\\/ 13 ''\",\"attr\":\"\",\"sku\":\"40105\",\"l2\":\"Ustensiles et accessoires\",\"sl\":\"cuillere-en-inox-30-cm-13-sagetra-40105\",\"sn\":\"\",\"idxP\":26},{\"mq\":\"Sagetra\",\"nm\":\"Planche \u00E0 d\u00E9couper brun 18\\\"x24\\\"\",\"nme\":\"Brown Cutting Board 18\\\"x24\\\"\",\"attr\":\"\",\"sku\":\"24950\",\"l2\":\"Planche\",\"sl\":\"planche-a-decouper-brun-18x24-sagetra-24950\",\"sn\":\"\",\"idxP\":13},{\"mq\":\"Orly\",\"nm\":\"Po\u00EAlon Strauss Quant 24cm \\\/ 9,45 \\\"\",\"nme\":\"Fry Pan Strauss Quant 24cm \\\/ 9.45\\\"\",\"attr\":\"\",\"sku\":\"38221\",\"l2\":\"Batterie de cuisine\",\"sl\":\"poelon-strauss-quant-24cm-945-orly-38221\",\"sn\":\"\",\"idxP\":14},{\"mq\":\"Orly\",\"nm\":\"Po\u00EAlon Strauss Quant 28cm\",\"nme\":\"Frypan Strauss Quant 28cm\",\"attr\":\"\",\"sku\":\"38223\",\"l2\":\"Batterie de cuisine\",\"sl\":\"poelon-strauss-quant-28cm-orly-38223\",\"sn\":\"\",\"idxP\":23},{\"mq\":\"Orly\",\"nm\":\"S\u00E9choir \u00E0 p\u00E2tes rouge 22 cm \\\/ 9\\\"\",\"nme\":\"Red Pasta Dryer 9\\\" \\\/ 22 cm\",\"attr\":\"\",\"sku\":\"38437\",\"l2\":\"Ustensiles et accessoires\",\"sl\":\"sechoir-a-pates-rouge-22-cm-9-orly-38437\",\"sn\":\"\",\"idxP\":17},{\"mq\":\"Sanelli\",\"nm\":\"Couteau de chef 12\\\" \\\/ 30 mm\",\"nme\":\"Cook's Knife 12\\\" \\\/ 30 mm\",\"attr\":\"\",\"sku\":\"39679\",\"l2\":\"Couteau de chef\",\"sl\":\"couteau-de-chef-12-30-mm-sanelli-39679\",\"sn\":\"\",\"idxP\":10},{\"mq\":\"Orly\",\"nm\":\"Po\u00EAlon Strauss Quant 30cm \\\/ 11,8\\\"\",\"nme\":\"Fry Pan Strauss Quant 30cm \\\/ 11,8\\\"\",\"attr\":\"\",\"sku\":\"38224\",\"l2\":\"Batterie de cuisine\",\"sl\":\"poelon-strauss-quant-30cm-118-orly-38224\",\"sn\":\"\",\"idxP\":28},{\"mq\":\"Sagetra\",\"nm\":\"Plateau 16 po. antid\u00E9rapant en polypropyl\u00E8ne\",\"nme\":\"Tray 16 in. non-slip polypropylene\",\"attr\":\"\",\"sku\":\"28673\",\"l2\":\"Service de table\",\"sl\":\"plateau-16-po.-antiderapant-en-polypropylene-sagetra-28673\",\"sn\":\"plateau\",\"idxP\":16},{\"mq\":\"Orly\",\"nm\":\"Po\u00EAlon grill carr\u00E9 28 cm\",\"nme\":\"Square Grill Frypan 28 cm\",\"attr\":\"\",\"sku\":\"38226\",\"l2\":\"Batterie de cuisine\",\"sl\":\"poelon-grill-carre-28-cm-orly-38226\",\"sn\":\"\",\"idxP\":10},{\"mq\":\"Orly\",\"nm\":\"Cr\u00EApi\u00E8re strauss quantanium IND 24cm\",\"nme\":\"24cm strauss quantanium IND pancake pan\",\"attr\":\"\",\"sku\":\"38228\",\"l2\":\"Batterie de cuisine\",\"sl\":\"crepiere-strauss-quantanium-ind-24cm-orly-38228\",\"sn\":\"\",\"idxP\":13},{\"mq\":\"Browne\",\"nm\":\"Assiette \u00E0 d\u00EEner 9\\\" \\\/ 23cm\",\"nme\":\"Palm dinner plate 9\\\" \\\/ 23 cm\",\"attr\":\"\",\"sku\":\"24639\",\"l2\":\"Vaisselle\",\"sl\":\"assiette-a-diner-9-23cm-browne-24639\",\"sn\":\"\",\"idxP\":34},{\"mq\":\"Browne\",\"nm\":\"Tasse haute Palm 7 oz \\\/ 206 ml\",\"nme\":\"Palm Tall Mug 7 oz \\\/ 206 ml\",\"attr\":\"\",\"sku\":\"24644\",\"l2\":\"Vaisselle\",\"sl\":\"tasse-haute-palm-7-oz-206-ml-browne-24644\",\"sn\":\"\",\"idxP\":22},{\"mq\":\"Global\",\"nm\":\"Couteau de chef 8,25\\\" \\\/ 21 cm\",\"nme\":\"Cooks Knife 8.25\\\" \\\/ 21 cm\",\"attr\":\"\",\"sku\":\"24295\",\"l2\":\"Couteau de chef\",\"sl\":\"couteau-de-chef-825-21-cm-global-24295\",\"sn\":\"\",\"idxP\":2},{\"mq\":\"Thermalloy\",\"nm\":\"Marmite en aluminium 32L\",\"nme\":\"Aluminium Standard Weight Stock Pot 32L\",\"attr\":\"\",\"sku\":\"39060\",\"l2\":\"Batterie de cuisine\",\"sl\":\"marmite-en-aluminium-32l-thermalloy-39060\",\"sn\":\"\",\"idxP\":18},{\"mq\":\"Thermalloy\",\"nm\":\"Marmite en aluminium 40 L\",\"nme\":\"Aluminium Standard Weight Stock Pot 60L\",\"attr\":\"\",\"sku\":\"39062\",\"l2\":\"Batterie de cuisine\",\"sl\":\"marmite-en-aluminium-40-l-thermalloy-39062\",\"sn\":\"\",\"idxP\":17},{\"mq\":\"Sagetra\",\"nm\":\"Pince tout usage noire 12'' \\\/ 0,9 mm\",\"nme\":\"Black Utility Tong 12\\\" \\\/ 0.9 mm\",\"attr\":\"\",\"sku\":\"25181\",\"l2\":\"Ustensiles et accessoires\",\"sl\":\"pince-tout-usage-noire-12-09-mm-sagetra-25181\",\"sn\":\"\",\"idxP\":22},{\"mq\":\"Thermalloy\",\"nm\":\"Marmite en aluminium 24L\",\"nme\":\"Aluminium Standard Weight Stock Pot 24L\",\"attr\":\"\",\"sku\":\"39056\",\"l2\":\"Batterie de cuisine\",\"sl\":\"marmite-en-aluminium-24l-thermalloy-39056\",\"sn\":\"\",\"idxP\":6},{\"mq\":\"Thermalloy\",\"nm\":\"Marmite en aluminium 20L\",\"nme\":\"Aluminium Standard Weight Stock Pot 20L\",\"attr\":\"\",\"sku\":\"39055\",\"l2\":\"Batterie de cuisine\",\"sl\":\"marmite-en-aluminium-20l-thermalloy-39055\",\"sn\":\"\",\"idxP\":10},{\"mq\":\"Orly\",\"nm\":\"Po\u00EAlon Strauss Quant 26cm\",\"nme\":\"Frypan Strauss Quant 26cm\",\"attr\":\"\",\"sku\":\"38222\",\"l2\":\"Batterie de cuisine\",\"sl\":\"poelon-strauss-quant-26cm-orly-38222\",\"sn\":\"\",\"idxP\":20},{\"mq\":\"Browne\",\"nm\":\"Assiette \u00E0 soupe  9\\\" \\\/ 23 cm\",\"nme\":\"Rim Soup Plate 9\\\" \\\/ 23 cm\",\"attr\":\"\",\"sku\":\"24640\",\"l2\":\"Vaisselle\",\"sl\":\"assiette-a-soupe-9-23-cm-browne-24640\",\"sn\":\"\",\"idxP\":54},{\"mq\":\"Browne\",\"nm\":\"Tasse blanche empilable Palm 7 oz\",\"nme\":\"Palm White Stacking Mug 7 oz\",\"attr\":\"\",\"sku\":\"24642\",\"l2\":\"Vaisselle\",\"sl\":\"tasse-blanche-empilable-palm-7-oz-browne-24642\",\"sn\":\"\",\"idxP\":50},{\"mq\":\"Browne\",\"nm\":\"Assiette \u00E0 pain 6,5 \\\/16cm Palm\",\"nme\":\"Palm bread plate 6.5\\\" \\\/ 16 cm\",\"attr\":\"\",\"sku\":\"24641\",\"l2\":\"Vaisselle\",\"sl\":\"assiette-a-pain-65-16cm-palm-browne-24641\",\"sn\":\"\",\"idxP\":64},{\"mq\":\"Thermalloy\",\"nm\":\"Marmite en aluminium 16L\",\"nme\":\"Aluminium Standard Weight Stock Pot 16L\",\"attr\":\"\",\"sku\":\"39054\",\"l2\":\"Batterie de cuisine\",\"sl\":\"marmite-en-aluminium-16l-thermalloy-39054\",\"sn\":\"\",\"idxP\":15},{\"mq\":\"Sanelli\",\"nm\":\"Premana Fourchette De Chef 13\",\"nme\":\"Premana Forged Carving Fork 13\\\"\",\"attr\":\"\",\"sku\":\"39699\",\"l2\":\"Ustensile de table\",\"sl\":\"premana-fourchette-de-chef-13-sanelli-39699\",\"sn\":\"\",\"idxP\":2},{\"mq\":\"Orly\",\"nm\":\"Po\u00EAlon Strauss Quant 20cm\",\"nme\":\"Frypan Strauss Quant 20cm\",\"attr\":\"\",\"sku\":\"38220\",\"l2\":\"Batterie de cuisine\",\"sl\":\"poelon-strauss-quant-20cm-orly-38220\",\"sn\":\"\",\"idxP\":21},{\"mq\":\"Browne\",\"nm\":\"Assiette \u00E0 d\u00EEner 10,4\\\" \\\/ 26,4 cm\",\"nme\":\"Dinner Plate 10.4\\\" \\\/ 26.4 cm\",\"attr\":\"\",\"sku\":\"24653\",\"l2\":\"Vaisselle\",\"sl\":\"assiette-a-diner-104-264-cm-browne-24653\",\"sn\":\"\",\"idxP\":35},{\"mq\":\"Browne\",\"nm\":\"Tasse blanche 8.5\\\"\",\"nme\":\"White Mug 8.5\\\"\",\"attr\":\"\",\"sku\":\"24651\",\"l2\":\"Vaisselle\",\"sl\":\"tasse-blanche-8.5-browne-24651\",\"sn\":\"\",\"idxP\":53},{\"mq\":\"Browne\",\"nm\":\"Soucoupe blanche 6\\\"\",\"nme\":\"Double Well White Saucer 6\\\"\",\"attr\":\"\",\"sku\":\"24652\",\"l2\":\"Vaisselle\",\"sl\":\"soucoupe-blanche-6-browne-24652\",\"sn\":\"\",\"idxP\":53},{\"mq\":\"Thermalloy\",\"nm\":\"Marmite en aluminium 12L\",\"nme\":\"Aluminium Standard Weight Stock Pot 12L\",\"attr\":\"\",\"sku\":\"39053\",\"l2\":\"Batterie de cuisine\",\"sl\":\"marmite-en-aluminium-12l-thermalloy-39053\",\"sn\":\"\",\"idxP\":12},{\"mq\":\"Thermalloy\",\"nm\":\"Marmite en aluminium 60 L\",\"nme\":\"Aluminium Standard Weight Stock Pot 60L\",\"attr\":\"\",\"sku\":\"39063\",\"l2\":\"Batterie de cuisine\",\"sl\":\"marmite-en-aluminium-60-l-thermalloy-39063\",\"sn\":\"\",\"idxP\":11},{\"mq\":\"Kayali\",\"nm\":\"Bol 9\\\"\",\"nme\":\"Bowl 9\\\"\",\"attr\":\"\",\"sku\":\"27970\",\"l2\":\"Vaisselle\",\"sl\":\"bol-9-kayali-27970\",\"sn\":\"\",\"idxP\":60},{\"mq\":\"Arco\",\"nm\":\"Linge \u00E0 vaisselle extra-large 24\\\"x34\\\"\",\"nme\":\"Extra Large Tea Towel 24\\\"x34\\\"\",\"attr\":\"\",\"sku\":\"22350\",\"l2\":\"Serviette et nappe\",\"sl\":\"linge-a-vaisselle-extra-large-24x34-arco-22350\",\"sn\":\"\",\"idxP\":26},{\"mq\":\"Kayali\",\"nm\":\"Bol carr\u00E9 6\\\"\",\"nme\":\"Square Bowl 6\\\"\",\"attr\":\"\",\"sku\":\"27957\",\"l2\":\"Vaisselle\",\"sl\":\"bol-carre-6-kayali-27957\",\"sn\":\"\",\"idxP\":22},{\"mq\":\"Orly\",\"nm\":\"\u00C9tuveuse Strauss 20 x 18 x 16 cm\",\"nme\":\"Strauss Steamer 20 x 18 x 16 cm\",\"attr\":\"\",\"sku\":\"27550\",\"l2\":\"Buffet\",\"sl\":\"etuveuse-strauss-20-x-18-x-16-cm-orly-27550\",\"sn\":\"\",\"idxP\":0},{\"mq\":\"Lapaco\",\"nm\":\"Petit moule \u00E0 g\u00E2teau tulipe rouge\",\"nme\":\"Small Red Tulip Mold Cake\",\"attr\":\"\",\"sku\":\"30697\",\"l2\":\"Verrerie\",\"sl\":\"petit-moule-a-gateau-tulipe-rouge-lapaco-30697\",\"sn\":\"moules\",\"idxP\":14},{\"mq\":\"Global\",\"nm\":\"Couteau \u00E0 d\u00E9sosser flexible 6,5\\\" \\\/ 16 cm\",\"nme\":\"Flexible Boning Knife 6.5\\\" \\\/ 16 cm\",\"attr\":\"\",\"sku\":\"24289\",\"l2\":\"Couteau de chef\",\"sl\":\"couteau-a-desosser-flexible-65-16-cm-global-24289\",\"sn\":\"\",\"idxP\":2},{\"mq\":\"Global\",\"nm\":\"Couteau \u00E0 fileter 8,5'' \\\/ 22 cm\",\"nme\":\"Swedish Fish Knife 8.5\\\" \\\/ 22 cm\",\"attr\":\"\",\"sku\":\"24293\",\"l2\":\"Couteau de chef\",\"sl\":\"couteau-a-fileter-85-22-cm-global-24293\",\"sn\":\"\",\"idxP\":3},{\"mq\":\"Global\",\"nm\":\"Couteau \u00E0 d\u00E9sosser 6,5\\\" \\\/ 16 cm\",\"nme\":\"Boning Knife 6.5\\\" \\\/ 16 cm\",\"attr\":\"\",\"sku\":\"24290\",\"l2\":\"Couteau de chef\",\"sl\":\"couteau-a-desosser-65-16-cm-global-24290\",\"sn\":\"\",\"idxP\":3},{\"mq\":\"Global\",\"nm\":\"Couteau \u00E0 r\u00F4ti 8,75\\\" \\\/ 22 cm\",\"nme\":\"Roast Slicer 8.75\\\" \\\/ 22 cm\",\"attr\":\"\",\"sku\":\"24294\",\"l2\":\"Couteau de chef\",\"sl\":\"couteau-a-roti-875-22-cm-global-24294\",\"sn\":\"\",\"idxP\":1},{\"mq\":\"Arco\",\"nm\":\"Prot\u00E8ge table en vinyle deluxe 52X108\\\"\",\"nme\":\"Delux Vinyl Tablepad 52\\\"x108\\\"\",\"attr\":\"\",\"sku\":\"24281\",\"l2\":\"Serviette et nappe\",\"sl\":\"protege-table-en-vinyle-deluxe-52x108-arco-24281\",\"sn\":\"\",\"idxP\":13},{\"mq\":\"Arco\",\"nm\":\"Prot\u00E8ge table en vinyle deluxe 52\\\"X90\\\"\",\"nme\":\"Delux Vinyl Tablepad 52\\\"x90\\\"\",\"attr\":\"\",\"sku\":\"24280\",\"l2\":\"Serviette et nappe\",\"sl\":\"protege-table-en-vinyle-deluxe-52x90-arco-24280\",\"sn\":\"\",\"idxP\":12}], [{\"mq\":\"Safdie\",\"nm\":\"Carafe village 1L\",\"nme\":\"Glass Carafe 1L\",\"attr\":\"\",\"sku\":\"27738\",\"l2\":\"Service de table\",\"sl\":\"carafe-village-1l-safdie-27738\",\"sn\":\"\",\"idxP\":7},{\"mq\":\"Kayali\",\"nm\":\"Carafe \u00E0 vin 1\\\/2 L\",\"nme\":\"Wine Carafe 1\\\/2 L\",\"attr\":\"\",\"sku\":\"43926\",\"l2\":\"Service de table\",\"sl\":\"carafe-a-vin-12-l-kayali-43926\",\"sn\":\"\",\"idxP\":18},{\"mq\":\"Kayali\",\"nm\":\"Verre \u00E0 bi\u00E8re 20,25 oz \\\/ 600 ml\",\"nme\":\"Beer Mug 20.25 oz \\\/ 600 ml\",\"attr\":\"\",\"sku\":\"23756\",\"l2\":\"Verrerie\",\"sl\":\"verre-a-biere-2025-oz-600-ml-kayali-23756\",\"sn\":\"\",\"idxP\":45},{\"mq\":\"Kayali\",\"nm\":\"Carafe \u00E0 vin\",\"nme\":\"Wine Carafe 1 L\",\"attr\":\"\",\"sku\":\"43925\",\"l2\":\"Service de table\",\"sl\":\"carafe-a-vin-kayali-43925\",\"sn\":\"\",\"idxP\":25},{\"mq\":\"Kayali\",\"nm\":\"Assiette rectangulaire en porcelaine 7\\\"x3\\\"\",\"nme\":\"Rectangular Porcelain Plate 7\\\"x3\\\"\",\"attr\":\"\",\"sku\":\"49393\",\"l2\":\"Vaisselle\",\"sl\":\"assiette-rectangulaire-en-porcelaine-7x3-kayali-49393\",\"sn\":\"\",\"idxP\":23},{\"mq\":\"Kayali\",\"nm\":\"Verre \u00E0 caf\u00E9 irlandais 8 oz\",\"nme\":\"Irish Coffee Glass 8oz\",\"attr\":\"\",\"sku\":\"05841\",\"l2\":\"Vaisselle\",\"sl\":\"verre-a-cafe-irlandais-8-oz-kayali-05841\",\"sn\":\"\",\"idxP\":24},{\"mq\":\"Arco\",\"nm\":\"Nappe vinyle transparente 60\\\" x 90\\\"\",\"nme\":\"Clear Vinyl Tablecloth 60\\\" x 90\\\"\",\"attr\":\"\",\"sku\":\"22316\",\"l2\":\"Serviette et nappe\",\"sl\":\"nappe-vinyle-transparente-60-x-90-arco-22316\",\"sn\":\"transparent\",\"idxP\":14},{\"mq\":\"Sagetra\",\"nm\":\"Bouteille \u00E0 pression rouge 12oz \\\/ 340ml\",\"nme\":\"Squeeze Red Bottle 12oz \\\/ 340ml\",\"attr\":\"\",\"sku\":\"28061\",\"l2\":\"Contenant et pot\",\"sl\":\"bouteille-a-pression-rouge-12oz-340ml-sagetra-28061\",\"sn\":\"\",\"idxP\":22},{\"mq\":\"Sagetra\",\"nm\":\"Fouet piano 30,5cm \\\/ 12 ''\",\"nme\":\"Piano Wire Whisks 30.5cm \\\/ 12''\",\"attr\":\"\",\"sku\":\"28067\",\"l2\":\"Ustensiles et accessoires\",\"sl\":\"fouet-piano-305cm-12-sagetra-28067\",\"sn\":\"\",\"idxP\":20},{\"mq\":\"Arco\",\"nm\":\"Nappe vinyle transparente 52\\\" x 70\\\"\",\"nme\":\"Clear Vinyl Tablecloth 52\\\" x 70\\\"\",\"attr\":\"\",\"sku\":\"22315\",\"l2\":\"Serviette et nappe\",\"sl\":\"nappe-vinyle-transparente-52-x-70-arco-22315\",\"sn\":\"transparent\",\"idxP\":13},{\"mq\":\"Labell\",\"nm\":\"Planche avec poign\u00E9e 6\\\"x30\\\"x3\\\/4\\\"\",\"nme\":\"Paddle Board 6\\\"x30\\\"x3\\\/4\\\"\",\"attr\":\"\",\"sku\":\"25925\",\"l2\":\"Planche\",\"sl\":\"planche-avec-poignee-6x30x34-labell-25925\",\"sn\":\"\",\"idxP\":15},{\"mq\":\"Labell\",\"nm\":\"Grattoir en bois pour barbecue 18\\\"\",\"nme\":\"BBQ Wood Scraper 18\\\"\",\"attr\":\"\",\"sku\":\"25813\",\"l2\":\"Ustensiles et accessoires\",\"sl\":\"grattoir-en-bois-pour-barbecue-18-labell-25813\",\"sn\":\"BBQ\",\"idxP\":9},{\"mq\":\"Sagetra\",\"nm\":\"Fouet piano 10'' \\\/ 25cm\",\"nme\":\"Piano Wire Whips 10\\\" \\\/ 25cm\",\"attr\":\"\",\"sku\":\"28069\",\"l2\":\"Ustensiles et accessoires\",\"sl\":\"fouet-piano-10-25cm-sagetra-28069\",\"sn\":\"\",\"idxP\":24},{\"mq\":\"Arco\",\"nm\":\"Nappe ronde vinyle transparente 60\\\"\",\"nme\":\"Clear Round Vinyl Tablecloth 60\\\"\",\"attr\":\"\",\"sku\":\"22322\",\"l2\":\"Serviette et nappe\",\"sl\":\"nappe-ronde-vinyle-transparente-60-arco-22322\",\"sn\":\"transparent\",\"idxP\":9},{\"mq\":\"Adamo\",\"nm\":\"Spatule droite en inox 26''\",\"nme\":\"Stainless Steel Straight Spatula 26''\",\"attr\":\"\",\"sku\":\"26035\",\"l2\":\"Ustensiles et accessoires\",\"sl\":\"spatule-droite-en-inox-26-adamo-26035\",\"sn\":\"\",\"idxP\":13},{\"mq\":\"Sagetra\",\"nm\":\"Bouteille \u00E0 pression rouge 24oz \\\/ 750ml\",\"nme\":\"Squeeze Red Bottle 24oz \\\/ 750ml\",\"attr\":\"\",\"sku\":\"28058\",\"l2\":\"Contenant et pot\",\"sl\":\"bouteille-a-pression-rouge-24oz-750ml-sagetra-28058\",\"sn\":\"\",\"idxP\":26},{\"mq\":\"Sagetra\",\"nm\":\"Bouteille \u00E0 pression jaune12oz \\\/ 350ml\",\"nme\":\"Squeeze Yellow Bottle 12oz \\\/ 350ml\",\"attr\":\"\",\"sku\":\"28065\",\"l2\":\"Contenant et pot\",\"sl\":\"bouteille-a-pression-jaune12oz-350ml-sagetra-28065\",\"sn\":\"\",\"idxP\":23},{\"mq\":\"Trudeau\",\"nm\":\"Rondelles caoutchouc Fido 9 cm \\\/ 3 3\\\/4\\\" x6\",\"nme\":\"Fido Rubber Rings 9 cm \\\/ 3 3\\\/4\\\" x6\",\"attr\":\"\",\"sku\":\"27647\",\"l2\":\"Contenant et pot\",\"sl\":\"rondelles-caoutchouc-fido-9-cm-3-34-x6-trudeau-27647\",\"sn\":\"\",\"idxP\":19},{\"mq\":\"Sagetra\",\"nm\":\"Fouet fran\u00E7ais 35,5cm \\\/ 14 ''\",\"nme\":\"French Hotel Whisks 35.5cm \\\/ 14 ''\",\"attr\":\"\",\"sku\":\"28072\",\"l2\":\"Ustensiles et accessoires\",\"sl\":\"fouet-francais-355cm-14-sagetra-28072\",\"sn\":\"\",\"idxP\":16},{\"mq\":\"Arco\",\"nm\":\"Nappe vinyle transparente 60\\\"x108\\\"\",\"nme\":\"Clear Vinyl Tablecloth 60\\\"x108\\\"\",\"attr\":\"\",\"sku\":\"22320\",\"l2\":\"Serviette et nappe\",\"sl\":\"nappe-vinyle-transparente-60x108-arco-22320\",\"sn\":\"transparent\",\"idxP\":16},{\"mq\":\"Sagetra\",\"nm\":\"Fouet piano 14\\\" \\\/ 35,5cm\",\"nme\":\"Piano Wire Whisks 14\\\" \\\/ 35.5cm\",\"attr\":\"\",\"sku\":\"28066\",\"l2\":\"Ustensiles et accessoires\",\"sl\":\"fouet-piano-14-355cm-sagetra-28066\",\"sn\":\"\",\"idxP\":22},{\"mq\":\"Sagetra\",\"nm\":\"Fouet fran\u00E7ais 25cm \\\/ 10''\",\"nme\":\"French Hotel Whisks 25cm \\\/ 10 ''\",\"attr\":\"\",\"sku\":\"28070\",\"l2\":\"Ustensiles et accessoires\",\"sl\":\"fouet-francais-25cm-10-sagetra-28070\",\"sn\":\"\",\"idxP\":27},{\"mq\":\"Adamo\",\"nm\":\"Presse pur\u00E9e en acier 15\\\"\",\"nme\":\"Potato Masher 15\\\"\",\"attr\":\"\",\"sku\":\"26031\",\"l2\":\"Ustensiles et accessoires\",\"sl\":\"presse-puree-en-acier-15-adamo-26031\",\"sn\":\"\",\"idxP\":11},{\"mq\":\"Sagetra\",\"nm\":\"Bouteille \u00E0 pression jaune 24oz \\\/ 700ml\",\"nme\":\"Squeeze Yellow Bottle 24oz \\\/ 700ml\",\"attr\":\"\",\"sku\":\"28062\",\"l2\":\"Contenant et pot\",\"sl\":\"bouteille-a-pression-jaune-24oz-700ml-sagetra-28062\",\"sn\":\"\",\"idxP\":27},{\"mq\":\"Sagetra\",\"nm\":\"Fouet fran\u00E7ais 30cm \\\/ 12''\",\"nme\":\"French Hotel Whisks 30cm \\\/ 12''\",\"attr\":\"\",\"sku\":\"28071\",\"l2\":\"Ustensiles et accessoires\",\"sl\":\"fouet-francais-30cm-12-sagetra-28071\",\"sn\":\"\",\"idxP\":16},{\"mq\":\"Arco\",\"nm\":\"Nappe vinyle transparente 60\\\" x 120\\\"\",\"nme\":\"Clear Vinyl Tablecloth 60\\\" x 120\\\"\",\"attr\":\"\",\"sku\":\"22321\",\"l2\":\"Serviette et nappe\",\"sl\":\"nappe-vinyle-transparente-60-x-120-arco-22321\",\"sn\":\"transparent\",\"idxP\":10},{\"mq\":\"Adamo\",\"nm\":\"Planche \u00E0 gnocchi 20.5cm\",\"nme\":\"Gnocchi Cutting Board 20.5 cm\",\"attr\":\"\",\"sku\":\"26037\",\"l2\":\"Planche\",\"sl\":\"planche-a-gnocchi-20.5cm-adamo-26037\",\"sn\":\"\",\"idxP\":13},{\"mq\":\"Labell\",\"nm\":\"Planche avec poign\u00E9e 6\\\"x20\\\"x3\\\/4\\\"\",\"nme\":\"Paddle Board 6\\\"x20\\\"x3\\\/4\\\"\",\"attr\":\"\",\"sku\":\"25924\",\"l2\":\"Planche\",\"sl\":\"planche-avec-poignee-6x20x34-labell-25924\",\"sn\":\"\",\"idxP\":10},{\"mq\":\"Danesco\",\"nm\":\"Boule \u00E0 th\u00E9 1,75\\\"\",\"nme\":\"Tea Ball 1.75''\",\"attr\":\"\",\"sku\":\"25107\",\"l2\":\"Service de table\",\"sl\":\"boule-a-the-175-danesco-25107\",\"sn\":\"\",\"idxP\":17},{\"mq\":\"Browne\",\"nm\":\"Fourchette \u00E0 d\u00EEner windsor\",\"nme\":\"Windsor Dinner Fork\",\"attr\":\"\",\"sku\":\"23978\",\"l2\":\"Ustensile de table\",\"sl\":\"fourchette-a-diner-windsor-browne-23978\",\"sn\":\"\",\"idxP\":33},{\"mq\":\"Danesco\",\"nm\":\"Th\u00E9i\u00E8re \u00E0 infusion 22 oz \\\/ 650 ml\",\"nme\":\"Infusing Teapot 22 oz \\\/ 650 ml\",\"attr\":\"\",\"sku\":\"26758\",\"l2\":\"Service de table\",\"sl\":\"theiere-a-infusion-22-oz-650-ml-danesco-26758\",\"sn\":\"\",\"idxP\":14},{\"mq\":\"Sagetra\",\"nm\":\"Bouteille \u00E0 pression transparente12 oz \\\/ 340 ml\",\"nme\":\"Bottle Clear plastic 12 oz\",\"attr\":\"\",\"sku\":\"21414\",\"l2\":\"Contenant et pot\",\"sl\":\"bouteille-a-pression-transparente12-oz-340-ml-sagetra-21414\",\"sn\":\"transparent\",\"idxP\":67},{\"mq\":\"Danesco\",\"nm\":\"Th\u00E9i\u00E8re \u00E0 infusion noire 22 oz \\\/ 650 ml\",\"nme\":\"Infusingblack Tea Pot 22 oz \\\/ 650 ml\",\"attr\":\"\",\"sku\":\"26759\",\"l2\":\"Service de table\",\"sl\":\"theiere-a-infusion-noire-22-oz-650-ml-danesco-26759\",\"sn\":\"\",\"idxP\":11},{\"mq\":\"Browne\",\"nm\":\"Fourchette \u00E0 d\u00EEner royal\",\"nme\":\"Royal Dinner Fork\",\"attr\":\"\",\"sku\":\"23984\",\"l2\":\"Ustensile de table\",\"sl\":\"fourchette-a-diner-royal-browne-23984\",\"sn\":\"\",\"idxP\":32},{\"mq\":\"Orly\",\"nm\":\"Couvercle 26cm verre tremp\u00E9\",\"nme\":\"Tempered Glass Lid Strauss Titan 26cm\",\"attr\":\"\",\"sku\":\"38248\",\"l2\":\"Batterie de cuisine\",\"sl\":\"couvercle-26cm-verre-trempe-orly-38248\",\"sn\":\"\",\"idxP\":12},{\"mq\":\"Sagetra\",\"nm\":\"Cartouches N20 \u00E0 cr\u00E8me Chantilly\",\"nme\":\"Whipping Cream N2O Cartridges\",\"attr\":\"\",\"sku\":\"28355\",\"l2\":\"Accessoire de p\u00E2tisserie\",\"sl\":\"cartouches-n20-a-creme-chantilly-sagetra-28355\",\"sn\":\"\",\"idxP\":47},{\"mq\":\"Orly\",\"nm\":\"Couvercle 30cm verre tremp\u00E9\",\"nme\":\"Tempered Glass Lid Strauss Titan 30cm\",\"attr\":\"\",\"sku\":\"38251\",\"l2\":\"Batterie de cuisine\",\"sl\":\"couvercle-30cm-verre-trempe-orly-38251\",\"sn\":\"\",\"idxP\":16},{\"mq\":\"Orly\",\"nm\":\"Couvercle 28cm verre tremp\u00E9\",\"nme\":\"Tempered Glass Lid Strauss Titan 28cm\",\"attr\":\"\",\"sku\":\"38249\",\"l2\":\"Batterie de cuisine\",\"sl\":\"couvercle-28cm-verre-trempe-orly-38249\",\"sn\":\"\",\"idxP\":14},{\"mq\":\"Victorinox\",\"nm\":\"Couteau trancheur dentel\u00E9 10\\\"\",\"nme\":\"Wavy Slicer Knife 10\\\"\",\"attr\":\"\",\"sku\":\"38626\",\"l2\":\"Couteau de chef\",\"sl\":\"couteau-trancheur-dentele-10-victorinox-38626\",\"sn\":\"\",\"idxP\":5},{\"mq\":\"Victorinox\",\"nm\":\"Couteau d'office 4\\\" noir\",\"nme\":\"Black Paring Knife 4\\\"\",\"attr\":\"\",\"sku\":\"38640\",\"l2\":\"Couteau de chef\",\"sl\":\"couteau-doffice-4-noir-victorinox-38640\",\"sn\":\"\",\"idxP\":44},{\"mq\":\"Trudeau\",\"nm\":\"Ensemble de 2 verres double paroi 17 oz\",\"nme\":\"Set of 2 Double Wall Glasses 500 ML\",\"attr\":\"\",\"sku\":\"27616\",\"l2\":\"Verrerie\",\"sl\":\"ensemble-de-2-verres-double-paroi-17-oz-trudeau-27616\",\"sn\":\"\",\"idxP\":16},{\"mq\":\"Trudeau\",\"nm\":\"Presse ail inox rouge\",\"nme\":\"Garlic Press\",\"attr\":\"\",\"sku\":\"35389\",\"l2\":\"Ustensiles et accessoires\",\"sl\":\"presse-ail-inox-rouge-trudeau-35389\",\"sn\":\"\",\"idxP\":21},{\"mq\":\"Victorinox\",\"nm\":\"Couteau du chef 10\\\"\",\"nme\":\"Chef's Knife 10\\\"\",\"attr\":\"\",\"sku\":\"38621\",\"l2\":\"Couteau de chef\",\"sl\":\"couteau-du-chef-10-victorinox-38621\",\"sn\":\"\",\"idxP\":14},{\"mq\":\"Victorinox\",\"nm\":\"Couteau d'office 3 1\\\/4\\\" noir\",\"nme\":\"Black Paring Knife 3 1\\\/4\\\"\",\"attr\":\"\",\"sku\":\"38639\",\"l2\":\"Couteau de chef\",\"sl\":\"couteau-doffice-3-14-noir-victorinox-38639\",\"sn\":\"\",\"idxP\":50},{\"mq\":\"Trudeau\",\"nm\":\"Bouteille d'huile\",\"nme\":\"Oil Bottle 400 ml\",\"attr\":\"\",\"sku\":\"27636\",\"l2\":\"Service de table\",\"sl\":\"bouteille-dhuile-trudeau-27636\",\"sn\":\"\",\"idxP\":21},{\"mq\":\"Trudeau\",\"nm\":\"Ensemble de 2 verres \u00E0 double paroi 11 oz\",\"nme\":\"Set of 2 Double Wall Glasses 325 ML\",\"attr\":\"\",\"sku\":\"27617\",\"l2\":\"Verrerie\",\"sl\":\"ensemble-de-2-verres-a-double-paroi-11-oz-trudeau-27617\",\"sn\":\"\",\"idxP\":21},{\"mq\":\"Trudeau\",\"nm\":\"Moulin \u00E0 poivre professionel\",\"nme\":\"Professional Pepper Mill 23 cm\",\"attr\":\"\",\"sku\":\"27633\",\"l2\":\"Service de table\",\"sl\":\"moulin-a-poivre-professionel-trudeau-27633\",\"sn\":\"\",\"idxP\":7},{\"mq\":\"Trudeau\",\"nm\":\"Pot en verre avec clip Fido 5 L \\\/ 169 oz\",\"nme\":\"Fido Glass Jar with Clip 5 L \\\/ 169 oz\",\"attr\":\"\",\"sku\":\"27643\",\"l2\":\"Contenant et pot\",\"sl\":\"pot-en-verre-avec-clip-fido-5-l-169-oz-trudeau-27643\",\"sn\":\"\",\"idxP\":20},{\"mq\":\"Victorinox\",\"nm\":\"Couteau d'office 3 1\\\/4\\\" rouge\",\"nme\":\"Red Paring Knife 3 1\\\/4\\\"\",\"attr\":\"\",\"sku\":\"38642\",\"l2\":\"Couteau de chef\",\"sl\":\"couteau-doffice-3-14-rouge-victorinox-38642\",\"sn\":\"\",\"idxP\":43},{\"mq\":\"Trudeau\",\"nm\":\"Pot en verre avec clip Fido 3 L \\\/ 101 1\\\/2 oz\",\"nme\":\"Fido Glass Jar with Clip 3 L \\\/ 101 1\\\/2 oz\",\"attr\":\"\",\"sku\":\"27641\",\"l2\":\"Contenant et pot\",\"sl\":\"pot-en-verre-avec-clip-fido-3-l-101-12-oz-trudeau-27641\",\"sn\":\"\",\"idxP\":11},{\"mq\":\"Starfrit\",\"nm\":\"Extracteur \u00E0 jus sur base \u00C9co\",\"nme\":\"Juice Extractor with Base Eco\",\"attr\":\"\u00C9cologique\",\"sku\":\"28535\",\"l2\":\"Ustensiles et accessoires\",\"sl\":\"extracteur-a-jus-sur-base-eco-starfrit-28535\",\"sn\":\"\",\"idxP\":9},{\"mq\":\"Victorinox\",\"nm\":\"Couteau d\u00E9sosseur rigide courb\u00E9 6\\\"\",\"nme\":\"Still Boning Knife 6\\\"\",\"attr\":\"\",\"sku\":\"38631\",\"l2\":\"Couteau de chef\",\"sl\":\"couteau-desosseur-rigide-courbe-6-victorinox-38631\",\"sn\":\"\",\"idxP\":7},{\"mq\":\"Victorinox\",\"nm\":\"Couteau d'office 4\\\" rouge\",\"nme\":\"Red Paring Knife 4\\\"\",\"attr\":\"\",\"sku\":\"38644\",\"l2\":\"Couteau de chef\",\"sl\":\"couteau-doffice-4-rouge-victorinox-38644\",\"sn\":\"\",\"idxP\":51},{\"mq\":\"Trudeau\",\"nm\":\"Br\u00FBleur \u00E0 fondue s\u00E9curitaire\",\"nme\":\"Safety fondue burner\",\"attr\":\"\",\"sku\":\"21467\",\"l2\":\"Buffet\",\"sl\":\"bruleur-a-fondue-securitaire-trudeau-21467\",\"sn\":\"\",\"idxP\":10},{\"mq\":\"Starfrit\",\"nm\":\"Ensemble de 2 planches \u00E0 d\u00E9couper \u00C9co\",\"nme\":\"Set of 2 Cutting Boards\",\"attr\":\"\u00C9cologique\",\"sku\":\"28533\",\"l2\":\"Planche\",\"sl\":\"ensemble-de-2-planches-a-decouper-eco-starfrit-28533\",\"sn\":\"\",\"idxP\":12},{\"mq\":\"Starfrit\",\"nm\":\"Spatule \u00E0 bocaux en silicone\",\"nme\":\"Silicone Jar Spatula\",\"attr\":\"\",\"sku\":\"28542\",\"l2\":\"Ustensiles et accessoires\",\"sl\":\"spatule-a-bocaux-en-silicone-starfrit-28542\",\"sn\":\"\",\"idxP\":11},{\"mq\":\"Victorinox\",\"nm\":\"Couteau d'office 3 1\\\/4\\\" manche noir\",\"nme\":\"Black Handle Paring Knife 3 1\\\/4\\\"\",\"attr\":\"\",\"sku\":\"38638\",\"l2\":\"Couteau de chef\",\"sl\":\"couteau-doffice-3-14-manche-noir-victorinox-38638\",\"sn\":\"\",\"idxP\":22},{\"mq\":\"Trudeau\",\"nm\":\"Pince pour raclette\",\"nme\":\"Raclette tongs\",\"attr\":\"\",\"sku\":\"28492\",\"l2\":\"Ustensiles et accessoires\",\"sl\":\"pince-pour-raclette-trudeau-28492\",\"sn\":\"\",\"idxP\":20},{\"mq\":\"Conglom\",\"nm\":\"Ensemble de traiteur 31 morceaux\",\"nme\":\"Catering Set 31 Pieces\",\"attr\":\"\",\"sku\":\"27935\",\"l2\":\"Buffet\",\"sl\":\"ensemble-de-traiteur-31-morceaux-conglom-27935\",\"sn\":\"\",\"idxP\":39},{\"mq\":\"Starfrit\",\"nm\":\"Pince en silicone 9\\\"\",\"nme\":\"Silicone Tongs 9''\",\"attr\":\"\",\"sku\":\"28544\",\"l2\":\"Ustensiles et accessoires\",\"sl\":\"pince-en-silicone-9-starfrit-28544\",\"sn\":\"\",\"idxP\":19},{\"mq\":\"Starfrit\",\"nm\":\"Tranche oeuf\",\"nme\":\"Egg Slicer\",\"attr\":\"\",\"sku\":\"28584\",\"l2\":\"Ustensiles et accessoires\",\"sl\":\"tranche-oeuf-starfrit-28584\",\"sn\":\"oeufs\",\"idxP\":8},{\"mq\":\"Starfrit\",\"nm\":\"Marguerite \u00E0 l\u00E9gumes\",\"nme\":\"Vegetable Steamer\",\"attr\":\"\",\"sku\":\"28598\",\"l2\":\"Batterie de cuisine\",\"sl\":\"marguerite-a-legumes-starfrit-28598\",\"sn\":\"\",\"idxP\":15},{\"mq\":\"Starfrit\",\"nm\":\"Presse-hamburger\",\"nme\":\"Hamburger Press\",\"attr\":\"\",\"sku\":\"28586\",\"l2\":\"Ustensiles et accessoires\",\"sl\":\"presse-hamburger-starfrit-28586\",\"sn\":\"\",\"idxP\":8},{\"mq\":\"Starfrit\",\"nm\":\"Bouilloire \u00E9lectrique 1,7 L\",\"nme\":\"1.7 L Electric Kettle\",\"attr\":\"\",\"sku\":\"28592\",\"l2\":\"Service de table\",\"sl\":\"bouilloire-electrique-17-l-starfrit-28592\",\"sn\":\"\",\"idxP\":11},{\"mq\":\"Starfrit\",\"nm\":\"Contenant fra\u00EEcheur \u00E0 fines herbes\",\"nme\":\"Herb Keeper\",\"attr\":\"\",\"sku\":\"28614\",\"l2\":\"Contenant et pot\",\"sl\":\"contenant-fraicheur-a-fines-herbes-starfrit-28614\",\"sn\":\"\",\"idxP\":13},{\"mq\":\"Starfrit\",\"nm\":\"Sac isotherme \u00E0 bouteille de vin\",\"nme\":\"Wine Bottle Insulated Bag\",\"attr\":\"\",\"sku\":\"28596\",\"l2\":\"Ustensiles et accessoires\",\"sl\":\"sac-isotherme-a-bouteille-de-vin-starfrit-28596\",\"sn\":\"\",\"idxP\":1},{\"mq\":\"Starfrit\",\"nm\":\"Aspirateur de table\",\"nme\":\"Table Cleaner\",\"attr\":\"\",\"sku\":\"28629\",\"l2\":\"Service de table\",\"sl\":\"aspirateur-de-table-starfrit-28629\",\"sn\":\"\",\"idxP\":11},{\"mq\":\"Starfrit\",\"nm\":\"R\u00E2pe carr\u00E9e 4 faces\",\"nme\":\"4 Sided Box Grater\",\"attr\":\"\",\"sku\":\"28600\",\"l2\":\"Ustensiles et accessoires\",\"sl\":\"rape-carree-4-faces-starfrit-28600\",\"sn\":\"\",\"idxP\":27},{\"mq\":\"Starfrit\",\"nm\":\"Ensemble de moules \u00E0 chaussons\",\"nme\":\"Dough Press Set\",\"attr\":\"\",\"sku\":\"28599\",\"l2\":\"Ustensiles et accessoires\",\"sl\":\"ensemble-de-moules-a-chaussons-starfrit-28599\",\"sn\":\"moules\",\"idxP\":20},{\"mq\":\"Trudeau\",\"nm\":\"Tire-bouchon de sommelier\",\"nme\":\"Waiter Corkscrew\",\"attr\":\"\",\"sku\":\"28899\",\"l2\":\"Ustensiles et accessoires\",\"sl\":\"tire-bouchon-de-sommelier-trudeau-28899\",\"sn\":\"\",\"idxP\":14},{\"mq\":\"Trudeau\",\"nm\":\"Bouchon \u00E0 vin extensible\",\"nme\":\"Expandable Wine Stopper\",\"attr\":\"\",\"sku\":\"28916\",\"l2\":\"Ustensiles et accessoires\",\"sl\":\"bouchon-a-vin-extensible-trudeau-28916\",\"sn\":\"\",\"idxP\":20},{\"mq\":\"Trudeau\",\"nm\":\"Carafe 25 cl\",\"nme\":\"Carafe 25 cl\",\"attr\":\"\",\"sku\":\"28914\",\"l2\":\"Service de table\",\"sl\":\"carafe-25-cl-trudeau-28914\",\"sn\":\"\",\"idxP\":18},{\"mq\":\"Kayali\",\"nm\":\"Bol carr\u00E9 10\\\"\",\"nme\":\"Square Bowl 10 \\\"\",\"attr\":\"\",\"sku\":\"28898\",\"l2\":\"Vaisselle\",\"sl\":\"bol-carre-10-kayali-28898\",\"sn\":\"\",\"idxP\":1},{\"mq\":\"Trudeau\",\"nm\":\"Verres \u00E0 vin Serene 12,5oz \\\/ 350ml\",\"nme\":\"Serene Glass Wine 12.5 oz \\\/ 350 ml\",\"attr\":\"\",\"sku\":\"28959\",\"l2\":\"Verrerie\",\"sl\":\"verres-a-vin-serene-125oz-350ml-trudeau-28959\",\"sn\":\"\",\"idxP\":46},{\"mq\":\"Kayali\",\"nm\":\"Assiette rectangulaire 13.5\\\"x7.5\\\"\",\"nme\":\"Rectangular Plate 13.5\\\"x7.5\\\"\",\"attr\":\"\",\"sku\":\"28945\",\"l2\":\"Vaisselle\",\"sl\":\"assiette-rectangulaire-13.5x7.5-kayali-28945\",\"sn\":\"\",\"idxP\":28},{\"mq\":\"Trudeau\",\"nm\":\"Moulin \u00E0 sel professionnel 15cm\",\"nme\":\"Salt Mill 15 cm\",\"attr\":\"\",\"sku\":\"28950\",\"l2\":\"Service de table\",\"sl\":\"moulin-a-sel-professionnel-15cm-trudeau-28950\",\"sn\":\"commercial\",\"idxP\":8},{\"mq\":\"Trudeau\",\"nm\":\"M\u00E9langeur \u00E0 cocktail en verre 600 ml\",\"nme\":\"Glass Cocktail Shaker\",\"attr\":\"\",\"sku\":\"28944\",\"l2\":\"Ustensiles et accessoires\",\"sl\":\"melangeur-a-cocktail-en-verre-600-ml-trudeau-28944\",\"sn\":\"\",\"idxP\":11},{\"mq\":\"Kayali\",\"nm\":\"Assiette rectangulaire 10\\\"x5.5\\\"\",\"nme\":\"Rectangular Plate 10\\\"x5.5\\\"\",\"attr\":\"\",\"sku\":\"28943\",\"l2\":\"Vaisselle\",\"sl\":\"assiette-rectangulaire-10x5.5-kayali-28943\",\"sn\":\"\",\"idxP\":30},{\"mq\":\"Trudeau\",\"nm\":\"Carafe 1,8 L\",\"nme\":\"Carafe 1.8 L\",\"attr\":\"\",\"sku\":\"28913\",\"l2\":\"Service de table\",\"sl\":\"carafe-18-l-trudeau-28913\",\"sn\":\"\",\"idxP\":21},{\"mq\":\"Trudeau\",\"nm\":\"Bouchon \u00E0 mousseux\",\"nme\":\"Sparkling Wine Stopper\",\"attr\":\"\",\"sku\":\"28918\",\"l2\":\"Ustensiles et accessoires\",\"sl\":\"bouchon-a-mousseux-trudeau-28918\",\"sn\":\"\",\"idxP\":17},{\"mq\":\"Trudeau\",\"nm\":\"Sali\u00E8re professionnelle 15 cm\",\"nme\":\"Salt Shaker 15 cm\",\"attr\":\"\",\"sku\":\"28956\",\"l2\":\"Service de table\",\"sl\":\"saliere-professionnelle-15-cm-trudeau-28956\",\"sn\":\"commercial\",\"idxP\":7},{\"mq\":\"Trudeau\",\"nm\":\"Moulin \u00E0 poivre acrylique 15cm\",\"nme\":\"Professional Acrylic Pepper Mill 15 cm\",\"attr\":\"\",\"sku\":\"28974\",\"l2\":\"Service de table\",\"sl\":\"moulin-a-poivre-acrylique-15cm-trudeau-28974\",\"sn\":\"\",\"idxP\":8},{\"mq\":\"Adamo\",\"nm\":\"Zesteur en acier inoxydable 20.5cm\",\"nme\":\"Stainless Steel Zester 20.5cm\",\"attr\":\"\",\"sku\":\"29019\",\"l2\":\"Ustensiles et accessoires\",\"sl\":\"zesteur-en-acier-inoxydable-20.5cm-adamo-29019\",\"sn\":\"\",\"idxP\":27},{\"mq\":\"Trudeau\",\"nm\":\"Beurrier en verre avec couvercle\",\"nme\":\"Glass Butter Dish\",\"attr\":\"\",\"sku\":\"28958\",\"l2\":\"Service de table\",\"sl\":\"beurrier-en-verre-avec-couvercle-trudeau-28958\",\"sn\":\"\",\"idxP\":13},{\"mq\":\"Trudeau\",\"nm\":\"Tire-bouchon \u00E0 levier\",\"nme\":\"Wing Corkscrew\",\"attr\":\"\",\"sku\":\"28897\",\"l2\":\"Ustensiles et accessoires\",\"sl\":\"tire-bouchon-a-levier-trudeau-28897\",\"sn\":\"\",\"idxP\":15},{\"mq\":\"Trudeau\",\"nm\":\"Carafe 55 cl\",\"nme\":\"Carafe 55 cl\",\"attr\":\"\",\"sku\":\"28915\",\"l2\":\"Service de table\",\"sl\":\"carafe-55-cl-trudeau-28915\",\"sn\":\"\",\"idxP\":15},{\"mq\":\"Trudeau\",\"nm\":\"Bouchon \u00E0 vin extensible 8,25 cm\",\"nme\":\"Expandable Wine Stopper 8.25 cm\",\"attr\":\"\",\"sku\":\"28920\",\"l2\":\"Ustensiles et accessoires\",\"sl\":\"bouchon-a-vin-extensible-825-cm-trudeau-28920\",\"sn\":\"\",\"idxP\":15},{\"mq\":\"Trudeau\",\"nm\":\"Pilon \u00E0 cocktail en bois\",\"nme\":\"Wood Cocktail Muddler\",\"attr\":\"\",\"sku\":\"28917\",\"l2\":\"Ustensiles et accessoires\",\"sl\":\"pilon-a-cocktail-en-bois-trudeau-28917\",\"sn\":\"\",\"idxP\":21},{\"mq\":\"Kayali\",\"nm\":\"Assiette carr\u00E9e 10,75\\\"\",\"nme\":\"Square Plate 10.75\\\"\",\"attr\":\"\",\"sku\":\"28947\",\"l2\":\"Vaisselle\",\"sl\":\"assiette-carree-1075-kayali-28947\",\"sn\":\"\",\"idxP\":10},{\"mq\":\"Trudeau\",\"nm\":\"Entonnoir \u00E0 conserve en plastique\",\"nme\":\"Plastic Canning Funnel\",\"attr\":\"\",\"sku\":\"28966\",\"l2\":\"Ustensiles et accessoires\",\"sl\":\"entonnoir-a-conserve-en-plastique-trudeau-28966\",\"sn\":\"\",\"idxP\":14},{\"mq\":\"Trudeau\",\"nm\":\"Verres sans pied Bohemia 12oz \\\/ 350ml x4\",\"nme\":\"Bohemia Stemless Glass 12 oz \\\/ 350 ml x4\",\"attr\":\"\",\"sku\":\"28985\",\"l2\":\"Verrerie\",\"sl\":\"verres-sans-pied-bohemia-12oz-350ml-x4-trudeau-28985\",\"sn\":\"\",\"idxP\":15},{\"mq\":\"Trudeau\",\"nm\":\"Moulin \u00E0 sel vintage 18cm\",\"nme\":\"Vintage Salt Mill\",\"attr\":\"\",\"sku\":\"28977\",\"l2\":\"Service de table\",\"sl\":\"moulin-a-sel-vintage-18cm-trudeau-28977\",\"sn\":\"\",\"idxP\":6},{\"mq\":\"Adamo\",\"nm\":\"Spatule \u00E0 tarte\",\"nme\":\"Pie Spatula\",\"attr\":\"\",\"sku\":\"29000\",\"l2\":\"Ustensiles et accessoires\",\"sl\":\"spatule-a-tarte-adamo-29000\",\"sn\":\"\",\"idxP\":0},{\"mq\":\"Kayali\",\"nm\":\"Assiette carr\u00E9 blanche 6,5\\\"\",\"nme\":\"White Square Plate 6.5\\\"\",\"attr\":\"\",\"sku\":\"21244\",\"l2\":\"Vaisselle\",\"sl\":\"assiette-carre-blanche-65-kayali-21244\",\"sn\":\"\",\"idxP\":45},{\"mq\":\"Kayali\",\"nm\":\"Assiette rectangle 14,25\\\"x6\\\"\",\"nme\":\"Rectangle Plate 14.25\\\"x6\\\"\",\"attr\":\"\",\"sku\":\"21263\",\"l2\":\"Vaisselle\",\"sl\":\"assiette-rectangle-1425x6-kayali-21263\",\"sn\":\"\",\"idxP\":20},{\"mq\":\"Trudeau\",\"nm\":\"M\u00E9langeur \u00E0 cocktail en inox 750 ml\",\"nme\":\"Stainless Steel Shaker 750 ML\",\"attr\":\"\",\"sku\":\"28919\",\"l2\":\"Ustensiles et accessoires\",\"sl\":\"melangeur-a-cocktail-en-inox-750-ml-trudeau-28919\",\"sn\":\"\",\"idxP\":23},{\"mq\":\"Kayali\",\"nm\":\"Assiette \u00E0 Risotto 11,25\\\"\",\"nme\":\"Risotto Plate 11.25\\\"\",\"attr\":\"\",\"sku\":\"28912\",\"l2\":\"Vaisselle\",\"sl\":\"assiette-a-risotto-1125-kayali-28912\",\"sn\":\"\",\"idxP\":22},{\"mq\":\"Trudeau\",\"nm\":\"Contenant en inox isol\u00E9 sous-vide 15oz \\\/ 450ml\",\"nme\":\"Stain Steel Vacuum Insulated Container 15oz\\\/450 ml\",\"attr\":\"\",\"sku\":\"28963\",\"l2\":\"Contenant et pot\",\"sl\":\"contenant-en-inox-isole-sous-vide-15oz-450ml-trudeau-28963\",\"sn\":\"\",\"idxP\":6},{\"mq\":\"Adamo\",\"nm\":\"Cuill\u00E8re pleine \u00E0 service acier inoxydable\",\"nme\":\"Full serving spoon stainless steel\",\"attr\":\"\",\"sku\":\"28993\",\"l2\":\"Ustensiles et accessoires\",\"sl\":\"cuillere-pleine-a-service-acier-inoxydable-adamo-28993\",\"sn\":\"\",\"idxP\":11},{\"mq\":\"Adamo\",\"nm\":\"Tasse \u00E0 caf\u00E9 10oz\",\"nme\":\"Coffee Mug 10oz\",\"attr\":\"\",\"sku\":\"29029\",\"l2\":\"Vaisselle\",\"sl\":\"tasse-a-cafe-10oz-adamo-29029\",\"sn\":\"\",\"idxP\":10},{\"mq\":\"Trudeau\",\"nm\":\"Ensemble de 6 fl\u00FBtes \u00E0 champagne 220 ml\",\"nme\":\"Set of 6 Champagne Flutes\",\"attr\":\"\",\"sku\":\"28960\",\"l2\":\"Verrerie\",\"sl\":\"ensemble-de-6-flutes-a-champagne-220-ml-trudeau-28960\",\"sn\":\"\",\"idxP\":31},{\"mq\":\"Adamo\",\"nm\":\"Ciseaux pour fines herbes\",\"nme\":\"Herbs Scissors\",\"attr\":\"\",\"sku\":\"28989\",\"l2\":\"Ustensiles et accessoires\",\"sl\":\"ciseaux-pour-fines-herbes-adamo-28989\",\"sn\":\"\",\"idxP\":8},{\"mq\":\"Kayali\",\"nm\":\"Assiette carr\u00E9 blanche 10.25\\\"\",\"nme\":\"White Square Plate 10.25\\\"\",\"attr\":\"\",\"sku\":\"21246\",\"l2\":\"Vaisselle\",\"sl\":\"assiette-carre-blanche-10.25-kayali-21246\",\"sn\":\"\",\"idxP\":29},{\"mq\":\"Trudeau\",\"nm\":\"Verres sans pied Bohemia 17oz \\\/ 500ml x4\",\"nme\":\"Bohemia Stemless Glass 17 oz \\\/ 500 ml x4\",\"attr\":\"\",\"sku\":\"28984\",\"l2\":\"Verrerie\",\"sl\":\"verres-sans-pied-bohemia-17oz-500ml-x4-trudeau-28984\",\"sn\":\"\",\"idxP\":12},{\"mq\":\"Adamo\",\"nm\":\"Cuill\u00E8re de service trou\u00E9e\",\"nme\":\"Slotted Service Spoon\",\"attr\":\"\",\"sku\":\"28994\",\"l2\":\"Ustensiles et accessoires\",\"sl\":\"cuillere-de-service-trouee-adamo-28994\",\"sn\":\"\",\"idxP\":6},{\"mq\":\"Kayali\",\"nm\":\"Bol carr\u00E9 5,5\\\"\",\"nme\":\"Square Bowl 5.5\\\"\",\"attr\":\"\",\"sku\":\"21256\",\"l2\":\"Vaisselle\",\"sl\":\"bol-carre-55-kayali-21256\",\"sn\":\"\",\"idxP\":31},{\"mq\":\"Kayali\",\"nm\":\"Assiette rectangle 14\\\"x4\\\"\",\"nme\":\"Rectangle Plate 14\\\"x4\\\"\",\"attr\":\"\",\"sku\":\"21268\",\"l2\":\"Vaisselle\",\"sl\":\"assiette-rectangle-14x4-kayali-21268\",\"sn\":\"\",\"idxP\":17},{\"mq\":\"Adamo\",\"nm\":\"Assiette \u00E0 pain 19cm\",\"nme\":\"Bread Plate 19cm\",\"attr\":\"\",\"sku\":\"29027\",\"l2\":\"Vaisselle\",\"sl\":\"assiette-a-pain-19cm-adamo-29027\",\"sn\":\"\",\"idxP\":38},{\"mq\":\"Adamo\",\"nm\":\"Cafeti\u00E8re \u00E0 moka 3 tasses\",\"nme\":\"3 Cups Aluminum Moka Coffee Maker\",\"attr\":\"\",\"sku\":\"29040\",\"l2\":\"Service de table\",\"sl\":\"cafetiere-a-moka-3-tasses-adamo-29040\",\"sn\":\"\",\"idxP\":17},{\"mq\":\"Adamo\",\"nm\":\"Tartineur en silicone 21 cm\",\"nme\":\"Silicone Spreader 21 cm\",\"attr\":\"\",\"sku\":\"29056\",\"l2\":\"Ustensile de table\",\"sl\":\"tartineur-en-silicone-21-cm-adamo-29056\",\"sn\":\"\",\"idxP\":13},{\"mq\":\"Trudeau\",\"nm\":\"Moulin \u00E0 poivre et sali\u00E8re Maya 15cm\",\"nme\":\"Maya pepper mill & salt shaker 15cm\",\"attr\":\"\",\"sku\":\"28975\",\"l2\":\"Service de table\",\"sl\":\"moulin-a-poivre-et-saliere-maya-15cm-trudeau-28975\",\"sn\":\"\",\"idxP\":10},{\"mq\":\"Kayali\",\"nm\":\"Assiette rectangle 11\\\"x6,75\\\"\",\"nme\":\"Rectangle Plate 11\\\"x6.75\\\"\",\"attr\":\"\",\"sku\":\"21251\",\"l2\":\"Vaisselle\",\"sl\":\"assiette-rectangle-11x675-kayali-21251\",\"sn\":\"\",\"idxP\":36},{\"mq\":\"Adamo\",\"nm\":\"Assiette \u00E0 d\u00EEner 27cm\",\"nme\":\"Dinner Plate 27cm\",\"attr\":\"\",\"sku\":\"29025\",\"l2\":\"Vaisselle\",\"sl\":\"assiette-a-diner-27cm-adamo-29025\",\"sn\":\"\",\"idxP\":37},{\"mq\":\"Adamo\",\"nm\":\"Assiette \u00E0 fromage 35cm x 26cm\",\"nme\":\"Cheese Plate 35cm x 26cm\",\"attr\":\"\",\"sku\":\"29035\",\"l2\":\"Vaisselle\",\"sl\":\"assiette-a-fromage-35cm-x-26cm-adamo-29035\",\"sn\":\"fromages\",\"idxP\":11},{\"mq\":\"Adamo\",\"nm\":\"Spatule \u00E0 tourner en acier inoxydable\",\"nme\":\"Stainless Steel Turner Spatula\",\"attr\":\"\",\"sku\":\"29062\",\"l2\":\"Ustensiles et accessoires\",\"sl\":\"spatule-a-tourner-en-acier-inoxydable-adamo-29062\",\"sn\":\"\",\"idxP\":11},{\"mq\":\"Kayali\",\"nm\":\"Bol profond 9\\\"\",\"nme\":\"Deep Bowl 9\\\"\",\"attr\":\"\",\"sku\":\"21298\",\"l2\":\"Vaisselle\",\"sl\":\"bol-profond-9-kayali-21298\",\"sn\":\"\",\"idxP\":22},{\"mq\":\"Adamo\",\"nm\":\"Cafeti\u00E8re \u00E0 moka 12 tasses\",\"nme\":\"12 Cups Aluminum Moka Coffee Maker\",\"attr\":\"\",\"sku\":\"29043\",\"l2\":\"Service de table\",\"sl\":\"cafetiere-a-moka-12-tasses-adamo-29043\",\"sn\":\"\",\"idxP\":13},{\"mq\":\"Adamo\",\"nm\":\"Spatule \u00E0 tourner en silicone 21 cm\",\"nme\":\"Silicone Flat Spatula 21cm\",\"attr\":\"\",\"sku\":\"29053\",\"l2\":\"Ustensiles et accessoires\",\"sl\":\"spatule-a-tourner-en-silicone-21-cm-adamo-29053\",\"sn\":\"\",\"idxP\":22},{\"mq\":\"Adamo\",\"nm\":\"Cuill\u00E8re \u00E0 rainure en acier inoxydable\",\"nme\":\"Stainless Steel Slotted Spoon\",\"attr\":\"\",\"sku\":\"29660\",\"l2\":\"Ustensiles et accessoires\",\"sl\":\"cuillere-a-rainure-en-acier-inoxydable-adamo-29660\",\"sn\":\"\",\"idxP\":12},{\"mq\":\"Adamo\",\"nm\":\"\u00C9cumoire en acier inoxydable\",\"nme\":\"Stainless Steel Skimmer\",\"attr\":\"\",\"sku\":\"29064\",\"l2\":\"Ustensiles et accessoires\",\"sl\":\"ecumoire-en-acier-inoxydable-adamo-29064\",\"sn\":\"\",\"idxP\":8},{\"mq\":\"Adamo\",\"nm\":\"Assiette \u00E0 fromage 35cm x 18cm\",\"nme\":\"Cheese Plate 35cm x18cm\",\"attr\":\"\",\"sku\":\"29034\",\"l2\":\"Vaisselle\",\"sl\":\"assiette-a-fromage-35cm-x-18cm-adamo-29034\",\"sn\":\"fromages\",\"idxP\":12},{\"mq\":\"Adamo\",\"nm\":\"Cafeti\u00E8re \u00E0 moka 6 tasses\",\"nme\":\"6 Cups Aluminum Moka Coffee Maker\",\"attr\":\"\",\"sku\":\"29041\",\"l2\":\"Service de table\",\"sl\":\"cafetiere-a-moka-6-tasses-adamo-29041\",\"sn\":\"\",\"idxP\":19},{\"mq\":\"Adamo\",\"nm\":\"Pilon \u00E0 pomme de terre en acier inoxydable\",\"nme\":\"Stainless Steel Potato Masher\",\"attr\":\"\",\"sku\":\"29065\",\"l2\":\"Ustensiles et accessoires\",\"sl\":\"pilon-a-pomme-de-terre-en-acier-inoxydable-adamo-29065\",\"sn\":\"pommes\",\"idxP\":9},{\"mq\":\"Adamo\",\"nm\":\"Louche de service\",\"nme\":\"Ladle Service\",\"attr\":\"\",\"sku\":\"28999\",\"l2\":\"Ustensiles et accessoires\",\"sl\":\"louche-de-service-adamo-28999\",\"sn\":\"\",\"idxP\":15},{\"mq\":\"Kayali\",\"nm\":\"Bol \u00E0 pates 10\\\"\",\"nme\":\"Pasta Bowl 10\\\"\",\"attr\":\"\",\"sku\":\"21299\",\"l2\":\"Vaisselle\",\"sl\":\"bol-a-pates-10-kayali-21299\",\"sn\":\"\",\"idxP\":21},{\"mq\":\"Adamo\",\"nm\":\"\u00C9cailleur de poisson\",\"nme\":\"Fish Scaler\",\"attr\":\"\",\"sku\":\"29033\",\"l2\":\"Ustensiles et accessoires\",\"sl\":\"ecailleur-de-poisson-adamo-29033\",\"sn\":\"\",\"idxP\":10},{\"mq\":\"Adamo\",\"nm\":\"Assiette \u00E0 fromage 35cm x 10cm\",\"nme\":\"Cheese Plate 35cm x 10cm\",\"attr\":\"\",\"sku\":\"29036\",\"l2\":\"Vaisselle\",\"sl\":\"assiette-a-fromage-35cm-x-10cm-adamo-29036\",\"sn\":\"fromages\",\"idxP\":10},{\"mq\":\"Kayali\",\"nm\":\"Assiette ronde specialit\u00E9 10\\\"\",\"nme\":\"Round Specialty Plate 10\\\"\",\"attr\":\"\",\"sku\":\"21279\",\"l2\":\"Vaisselle\",\"sl\":\"assiette-ronde-specialite-10-kayali-21279\",\"sn\":\"\",\"idxP\":19},{\"mq\":\"Adamo\",\"nm\":\"Louche silicone 21 cm\",\"nme\":\"Silicone Ladle 21 cm\",\"attr\":\"\",\"sku\":\"29058\",\"l2\":\"Ustensiles et accessoires\",\"sl\":\"louche-silicone-21-cm-adamo-29058\",\"sn\":\"\",\"idxP\":15},{\"mq\":\"Adamo\",\"nm\":\"Louche en acier inoxydable\",\"nme\":\"Stainless Steel Ladle\",\"attr\":\"\",\"sku\":\"29063\",\"l2\":\"Ustensiles et accessoires\",\"sl\":\"louche-en-acier-inoxydable-adamo-29063\",\"sn\":\"\",\"idxP\":10},{\"mq\":\"Adamo\",\"nm\":\"Mini pince 7\\\"\",\"nme\":\"Mini Tong 7\\\"\",\"attr\":\"\",\"sku\":\"29047\",\"l2\":\"Ustensiles et accessoires\",\"sl\":\"mini-pince-7-adamo-29047\",\"sn\":\"\",\"idxP\":40},{\"mq\":\"Adamo\",\"nm\":\"Cafeti\u00E8re \u00E0 moka 9 tasses\",\"nme\":\"9 Cups Aluminum Moka Coffee Maker\",\"attr\":\"\",\"sku\":\"29042\",\"l2\":\"Service de table\",\"sl\":\"cafetiere-a-moka-9-tasses-adamo-29042\",\"sn\":\"\",\"idxP\":19},{\"mq\":\"Danesco\",\"nm\":\"Ramequinx4 6oz\\\/175ml\",\"nme\":\"Ramekins 6 oz\\\/175ml ml x 4\",\"attr\":\"\",\"sku\":\"29160\",\"l2\":\"Vaisselle\",\"sl\":\"ramequinx4-6oz175ml-danesco-29160\",\"sn\":\"\",\"idxP\":14},{\"mq\":\"Danesco\",\"nm\":\"Pot \u00E0 cr\u00E8me porcelaine blanche 120 ml \\\/ 4 oz\",\"nme\":\"White Porcelain Creamer 120 ml \\\/ 4 oz\",\"attr\":\"\",\"sku\":\"29167\",\"l2\":\"Service de table\",\"sl\":\"pot-a-creme-porcelaine-blanche-120-ml-4-oz-danesco-29167\",\"sn\":\"\",\"idxP\":14},{\"mq\":\"Danesco\",\"nm\":\"Ramequinx4 12oz\\\/355ml\",\"nme\":\"Ramekinsx4 12oz\\\/355ml\",\"attr\":\"\",\"sku\":\"29161\",\"l2\":\"Vaisselle\",\"sl\":\"ramequinx4-12oz355ml-danesco-29161\",\"sn\":\"\",\"idxP\":23},{\"mq\":\"Safdie\",\"nm\":\"Verre old fashion carr\u00E9 x6\",\"nme\":\"Square Old Fashion Glass x6\",\"attr\":\"\",\"sku\":\"29236\",\"l2\":\"Verrerie\",\"sl\":\"verre-old-fashion-carre-x6-safdie-29236\",\"sn\":\"\",\"idxP\":19},{\"mq\":\"Sagetra\",\"nm\":\"R\u00E9cipient bain-marie rond 4 Qt \\\/ 6 1\\\/2\\\"\",\"nme\":\"Round Steam Table Inset 4 Qt \\\/ 6 1\\\/2\\\"\",\"attr\":\"\",\"sku\":\"29275\",\"l2\":\"Buffet\",\"sl\":\"recipient-bain-marie-rond-4-qt-6-12-sagetra-29275\",\"sn\":\"\",\"idxP\":13},{\"mq\":\"Oxo Danesco\",\"nm\":\"Bouteille compressible 16oz\",\"nme\":\"Squeeze Bottle 16 oz \\\/ 473 ml\",\"attr\":\"\",\"sku\":\"29184\",\"l2\":\"Contenant et pot\",\"sl\":\"bouteille-compressible-16oz-oxo-danesco-29184\",\"sn\":\"\",\"idxP\":78},{\"mq\":\"Sagetra\",\"nm\":\"R\u00E9cipient bain-marie rond 7 Qt \\\/ 8 1\\\/2\\\"\",\"nme\":\"Round Steam Table Inset 7 Qt \\\/ 8 1\\\/2\\\"\",\"attr\":\"\",\"sku\":\"29276\",\"l2\":\"Buffet\",\"sl\":\"recipient-bain-marie-rond-7-qt-8-12-sagetra-29276\",\"sn\":\"\",\"idxP\":14},{\"mq\":\"Oxo Danesco\",\"nm\":\"Bouteille compressible 6 oz \\\/ 175 ml\",\"nme\":\"Squeeze Bottle 6 oz \\\/ 175 ml\",\"attr\":\"\",\"sku\":\"29182\",\"l2\":\"Contenant et pot\",\"sl\":\"bouteille-compressible-6-oz-175-ml-oxo-danesco-29182\",\"sn\":\"\",\"idxP\":72},{\"mq\":\"Danesco\",\"nm\":\"Panier \u00E0 \u00E9tuver bamboo 20 cm \\\/ 8 \\\"\",\"nme\":\"Bamboo Steamer 20 cm \\\/ 8 \\\"\",\"attr\":\"\",\"sku\":\"29201\",\"l2\":\"Batterie de cuisine\",\"sl\":\"panier-a-etuver-bamboo-20-cm-8-danesco-29201\",\"sn\":\"\",\"idxP\":15},{\"mq\":\"Danesco\",\"nm\":\"Pince miniature en bamboo\",\"nme\":\"Mini Bamboo Tong\",\"attr\":\"\u00C9cologique\",\"sku\":\"29203\",\"l2\":\"Ustensiles et accessoires\",\"sl\":\"pince-miniature-en-bamboo-danesco-29203\",\"sn\":\"\",\"idxP\":21},{\"mq\":\"Danesco\",\"nm\":\"Bouteille \u00E0 vinaigre blanche 300 ml \\\/ 10 oz\",\"nme\":\"Vinegar Bottle 300 ml \\\/ 10 oz\",\"attr\":\"\",\"sku\":\"29165\",\"l2\":\"Service de table\",\"sl\":\"bouteille-a-vinaigre-blanche-300-ml-10-oz-danesco-29165\",\"sn\":\"\",\"idxP\":13},{\"mq\":\"Danesco\",\"nm\":\"Mortier et pilon 13 cm \\\/ 5,75 \\\"\",\"nme\":\"Mortar and Pestle 13 cm \\\/ 5.75 \\\"\",\"attr\":\"\",\"sku\":\"29199\",\"l2\":\"Ustensile de table\",\"sl\":\"mortier-et-pilon-13-cm-575-danesco-29199\",\"sn\":\"\",\"idxP\":11},{\"mq\":\"Danesco\",\"nm\":\"Bouteille \u00E0 huile blanche 450 ml \\\/ 16 oz\",\"nme\":\"White Oil Bottle 450 ml \\\/ 16 oz\",\"attr\":\"\",\"sku\":\"29163\",\"l2\":\"Service de table\",\"sl\":\"bouteille-a-huile-blanche-450-ml-16-oz-danesco-29163\",\"sn\":\"\",\"idxP\":16},{\"mq\":\"Danesco\",\"nm\":\"Beurrier carr\u00E9 blanc 11,5 cm \\\/ 4,5\\\"\",\"nme\":\"Square White Butter Dish 11.5 cm \\\/ 4.5\\\"\",\"attr\":\"\",\"sku\":\"29169\",\"l2\":\"Service de table\",\"sl\":\"beurrier-carre-blanc-115-cm-45-danesco-29169\",\"sn\":\"\",\"idxP\":9},{\"mq\":\"Danesco\",\"nm\":\"Bol \u00E0 trempette 9,5 cm \\\/ 3,5\\\"\",\"nme\":\"Dipping Bowl 9.5 cm \\\/ 3.5 \\\"\",\"attr\":\"\",\"sku\":\"29212\",\"l2\":\"Vaisselle\",\"sl\":\"bol-a-trempette-95-cm-35-danesco-29212\",\"sn\":\"\",\"idxP\":23},{\"mq\":\"Danesco\",\"nm\":\"Contenant pour ustensiles\",\"nme\":\"Ustensil Holder\",\"attr\":\"\",\"sku\":\"29162\",\"l2\":\"Ustensile de table\",\"sl\":\"contenant-pour-ustensiles-danesco-29162\",\"sn\":\"\",\"idxP\":5},{\"mq\":\"Danesco\",\"nm\":\"Wok 35 cm \\\/ 14 \\\"\",\"nme\":\"Wok 35 cm \\\/ 14 \\\"\",\"attr\":\"\",\"sku\":\"29200\",\"l2\":\"Batterie de cuisine\",\"sl\":\"wok-35-cm-14-danesco-29200\",\"sn\":\"\",\"idxP\":31},{\"mq\":\"Danesco\",\"nm\":\"Cuill\u00E8re \u00E0 soupe Lotus\",\"nme\":\"Soup Spoon Lotus\",\"attr\":\"\",\"sku\":\"29213\",\"l2\":\"Vaisselle\",\"sl\":\"cuillere-a-soupe-lotus-danesco-29213\",\"sn\":\"\",\"idxP\":34},{\"mq\":\"Sagetra\",\"nm\":\"Cr\u00E9mier 5 oz \\\/ 147 ml\",\"nme\":\"Creamers 5 oz \\\/ 148 ml\",\"attr\":\"\",\"sku\":\"29274\",\"l2\":\"Service de table\",\"sl\":\"cremier-5-oz-147-ml-sagetra-29274\",\"sn\":\"\",\"idxP\":20},{\"mq\":\"Danesco\",\"nm\":\"Beurrier individuel 1 oz \\\/ 30 ml\",\"nme\":\"Butter Server 1 oz \\\/ 30 ml\",\"attr\":\"\",\"sku\":\"29168\",\"l2\":\"Vaisselle\",\"sl\":\"beurrier-individuel-1-oz-30-ml-danesco-29168\",\"sn\":\"\",\"idxP\":8},{\"mq\":\"Safdie\",\"nm\":\"Ensemble sali\u00E8re et poivri\u00E8re\",\"nme\":\"Set of Salt and Pepper Shaker\",\"attr\":\"\",\"sku\":\"29219\",\"l2\":\"Service de table\",\"sl\":\"ensemble-saliere-et-poivriere-safdie-29219\",\"sn\":\"\",\"idxP\":27},{\"mq\":\"Safdie\",\"nm\":\"Bol \u00E0 salade et ustensil Acacia\",\"nme\":\"Acacia Salad Bowl with Utensils\",\"attr\":\"\",\"sku\":\"29257\",\"l2\":\"Vaisselle\",\"sl\":\"bol-a-salade-et-ustensil-acacia-safdie-29257\",\"sn\":\"\",\"idxP\":8},{\"mq\":\"Safdie\",\"nm\":\"Cr\u00E9mier et sucrier 2 morceaux\",\"nme\":\"Creamer and Sugar 2 Pieces\",\"attr\":\"\",\"sku\":\"29217\",\"l2\":\"Service de table\",\"sl\":\"cremier-et-sucrier-2-morceaux-safdie-29217\",\"sn\":\"\",\"idxP\":12},{\"mq\":\"Safdie\",\"nm\":\"Tasse double paroi 380ml ens. de 2\",\"nme\":\"Double wall mug 380ml set. of 2\",\"attr\":\"\",\"sku\":\"29239\",\"l2\":\"Vaisselle\",\"sl\":\"tasse-double-paroi-380ml-ens.-de-2-safdie-29239\",\"sn\":\"\",\"idxP\":19},{\"mq\":\"Sagetra\",\"nm\":\"Plat \u00E0 escargot\",\"nme\":\"Snails Plate\",\"attr\":\"\",\"sku\":\"29272\",\"l2\":\"Service de table\",\"sl\":\"plat-a-escargot-sagetra-29272\",\"sn\":\"\",\"idxP\":20},{\"mq\":\"Sagetra\",\"nm\":\"Planche \u00E0 d\u00E9couper violette 12\\\"x18\\\"\",\"nme\":\"Purple Cutting Board 12\\\"x18\\\"\",\"attr\":\"\",\"sku\":\"29284\",\"l2\":\"Planche\",\"sl\":\"planche-a-decouper-violette-12x18-sagetra-29284\",\"sn\":\"\",\"idxP\":28},{\"mq\":\"Safdie\",\"nm\":\"Verre Highball carr\u00E9 x6\",\"nme\":\"Square Highball Glass x6\",\"attr\":\"\",\"sku\":\"29237\",\"l2\":\"Verrerie\",\"sl\":\"verre-highball-carre-x6-safdie-29237\",\"sn\":\"\",\"idxP\":20},{\"mq\":\"Sagetra\",\"nm\":\"R\u00E9cipient  sauce 1,5 oz \\\/ 44 ml\",\"nme\":\"Sauce Cup 1.5 oz \\\/ 44 ml\",\"attr\":\"\",\"sku\":\"29270\",\"l2\":\"Vaisselle\",\"sl\":\"recipient-sauce-15-oz-44-ml-sagetra-29270\",\"sn\":\"\",\"idxP\":75},{\"mq\":\"Sagetra\",\"nm\":\"Tasses \u00E0 mesurer 4 pi\u00E8ces\",\"nme\":\"Measuring Cups 4 Pieces\",\"attr\":\"\",\"sku\":\"29289\",\"l2\":\"Accessoire de cuisine\",\"sl\":\"tasses-a-mesurer-4-pieces-sagetra-29289\",\"sn\":\"\",\"idxP\":15},{\"mq\":\"Sagetra\",\"nm\":\"Cr\u00E9mier 3 oz \\\/ 88 ml\",\"nme\":\"Creamers 3 oz \\\/ 88 ml\",\"attr\":\"\",\"sku\":\"29273\",\"l2\":\"Service de table\",\"sl\":\"cremier-3-oz-88-ml-sagetra-29273\",\"sn\":\"\",\"idxP\":10},{\"mq\":\"Sagetra\",\"nm\":\"Couvercle r\u00E9cipient bain-marie rond 2,5 Qt \\\/ 5\\\"\",\"nme\":\"Cover for Round Steam Table Inset 2.5 Qt \\\/ 5\\\"\",\"attr\":\"\",\"sku\":\"29278\",\"l2\":\"Buffet\",\"sl\":\"couvercle-recipient-bain-marie-rond-25-qt-5-sagetra-29278\",\"sn\":\"\",\"idxP\":8},{\"mq\":\"Sagetra\",\"nm\":\"Couvercle bain-marie 4 Qt \\\/ 6 1\\\/2\\\"\",\"nme\":\"Bain-Marie Cover 4 Qt \\\/ 6 1\\\/2\\\"\",\"attr\":\"\",\"sku\":\"29279\",\"l2\":\"Buffet\",\"sl\":\"couvercle-bain-marie-4-qt-6-12-sagetra-29279\",\"sn\":\"\",\"idxP\":10},{\"mq\":\"Sagetra\",\"nm\":\"Coupe-pizza manche en bois\",\"nme\":\"Pizza Cutter Wooden Handle\",\"attr\":\"\",\"sku\":\"29264\",\"l2\":\"Accessoire pour pizza\",\"sl\":\"coupe-pizza-manche-en-bois-sagetra-29264\",\"sn\":\"\",\"idxP\":18},{\"mq\":\"Sagetra\",\"nm\":\"Couvercle r\u00E9cipient rond 7 Qt \\\/ 8 1\\\/2\\\"\",\"nme\":\"Bain-Marie Cover 7 Qt \\\/ 8 1\\\/2\\\"\",\"attr\":\"\",\"sku\":\"29280\",\"l2\":\"Buffet\",\"sl\":\"couvercle-recipient-rond-7-qt-8-12-sagetra-29280\",\"sn\":\"\",\"idxP\":12},{\"mq\":\"Sagetra\",\"nm\":\"Couvercle bain-marie 11 Qt \\\/ 10 1\\\/2\\\"\",\"nme\":\"Bain-Marie Cover 11 Qt \\\/ 10 1\\\/2\\\"\",\"attr\":\"\",\"sku\":\"29281\",\"l2\":\"Buffet\",\"sl\":\"couvercle-bain-marie-11-qt-10-12-sagetra-29281\",\"sn\":\"\",\"idxP\":11},{\"mq\":\"Danesco\",\"nm\":\"Pinceau miniature 6\\\"\",\"nme\":\"Pastry Brush Mini 6\\\"\",\"attr\":\"\",\"sku\":\"29207\",\"l2\":\"Accessoire de p\u00E2tisserie\",\"sl\":\"pinceau-miniature-6-danesco-29207\",\"sn\":\"\",\"idxP\":48},{\"mq\":\"Safdie\",\"nm\":\"Tasses \u00E0 caf\u00E9 ensemble par 4\",\"nme\":\"Coffee Mug x4\",\"attr\":\"\",\"sku\":\"29262\",\"l2\":\"Vaisselle\",\"sl\":\"tasses-a-cafe-ensemble-par-4-safdie-29262\",\"sn\":\"\",\"idxP\":18},{\"mq\":\"Sagetra\",\"nm\":\"R\u00E9cipient bain-marie rond 11 Qt \\\/ 10 1\\\/2\\\"\",\"nme\":\"Round Steam Table Inset 11 Qt \\\/ 10 1\\\/2\\\"\",\"attr\":\"\",\"sku\":\"29277\",\"l2\":\"Buffet\",\"sl\":\"recipient-bain-marie-rond-11-qt-10-12-sagetra-29277\",\"sn\":\"\",\"idxP\":11},{\"mq\":\"Sagetra\",\"nm\":\"Bol \u00E0 sauce ou beurre 1,25 oz \\\/ 37 ml\",\"nme\":\"Sauce or Butter Bowl 1,25 oz \\\/ 37 ml\",\"attr\":\"\",\"sku\":\"29282\",\"l2\":\"Vaisselle\",\"sl\":\"bol-a-sauce-ou-beurre-125-oz-37-ml-sagetra-29282\",\"sn\":\"\",\"idxP\":32},{\"mq\":\"Sagetra\",\"nm\":\"Support pour grille \u00E0 pizza\",\"nme\":\"Wire Pizza Screen Rack\",\"attr\":\"\",\"sku\":\"29296\",\"l2\":\"Accessoire pour pizza\",\"sl\":\"support-pour-grille-a-pizza-sagetra-29296\",\"sn\":\"\",\"idxP\":9},{\"mq\":\"Sagetra\",\"nm\":\"Plat de service oval 25 cm \\\/ 10 \\\"\",\"nme\":\"Oval Platter 25 cm \\\/ 10 \\\"\",\"attr\":\"\",\"sku\":\"29285\",\"l2\":\"Service de table\",\"sl\":\"plat-de-service-oval-25-cm-10-sagetra-29285\",\"sn\":\"\",\"idxP\":13},{\"mq\":\"Sagetra\",\"nm\":\"Sali\u00E8re et poivri\u00E8re 1 oz \\\/ 30 ml\",\"nme\":\"Salt and Pepper Shaker 1 oz \\\/ 30 ml\",\"attr\":\"\",\"sku\":\"29288\",\"l2\":\"Service de table\",\"sl\":\"saliere-et-poivriere-1-oz-30-ml-sagetra-29288\",\"sn\":\"\",\"idxP\":29},{\"mq\":\"Sagetra\",\"nm\":\"Plat de service oval 35,5 cm \\\/ 14 \\\"\",\"nme\":\"Oval Platter 35.5 cm \\\/ 14 \\\"\",\"attr\":\"\",\"sku\":\"29286\",\"l2\":\"Service de table\",\"sl\":\"plat-de-service-oval-355-cm-14-sagetra-29286\",\"sn\":\"\",\"idxP\":18},{\"mq\":\"Sagetra\",\"nm\":\"D\u00E9capsuleur et perce-bo\u00EEte\",\"nme\":\"Can Punch and Bottle Opener\",\"attr\":\"\",\"sku\":\"29292\",\"l2\":\"Ustensiles et accessoires\",\"sl\":\"decapsuleur-et-perce-boite-sagetra-29292\",\"sn\":\"\",\"idxP\":13},{\"mq\":\"Sagetra\",\"nm\":\"Passoire en inox 13 Qt \\\/ 7,4 L\",\"nme\":\"Stainless Steel Colander 13 Qt \\\/ 7.4 L\",\"attr\":\"\",\"sku\":\"29269\",\"l2\":\"Accessoire de cuisine\",\"sl\":\"passoire-en-inox-13-qt-74-l-sagetra-29269\",\"sn\":\"\",\"idxP\":16},{\"mq\":\"Sagetra\",\"nm\":\"Planche \u00E0 d\u00E9couper violette 15\\\"x20\\\"\",\"nme\":\"Purple Cutting Board 15\\\"x20\\\"\",\"attr\":\"\",\"sku\":\"29294\",\"l2\":\"Planche\",\"sl\":\"planche-a-decouper-violette-15x20-sagetra-29294\",\"sn\":\"\",\"idxP\":23},{\"mq\":\"Sagetra\",\"nm\":\"Passoire en inox 3 Qt \\\/ 1,7 L\",\"nme\":\"Stainless Steel Colander 3 Qt \\\/ 1.7 L\",\"attr\":\"\",\"sku\":\"29266\",\"l2\":\"Accessoire de cuisine\",\"sl\":\"passoire-en-inox-3-qt-17-l-sagetra-29266\",\"sn\":\"\",\"idxP\":11},{\"mq\":\"Sagetra\",\"nm\":\"Plat de service oval 45 cm \\\/ 18 \\\"\",\"nme\":\"Oval Platter 45 cm \\\/ 18 \\\"\",\"attr\":\"\",\"sku\":\"29287\",\"l2\":\"Service de table\",\"sl\":\"plat-de-service-oval-45-cm-18-sagetra-29287\",\"sn\":\"\",\"idxP\":27},{\"mq\":\"Sagetra\",\"nm\":\"Bain-marie 2,5 Qt \\\/ 5\\\"\",\"nme\":\"Bain-Marie 2.5 Qt \\\/ 5\\\"\",\"attr\":\"\",\"sku\":\"29293\",\"l2\":\"Buffet\",\"sl\":\"bain-marie-25-qt-5-sagetra-29293\",\"sn\":\"\",\"idxP\":11},{\"mq\":\"Sagetra\",\"nm\":\"Passoire en inox 8 Qt \\\/ 4,5 L\",\"nme\":\"Stainless Steel Colander 8 Qt \\\/ 4.5 L\",\"attr\":\"\",\"sku\":\"29268\",\"l2\":\"Accessoire de cuisine\",\"sl\":\"passoire-en-inox-8-qt-45-l-sagetra-29268\",\"sn\":\"\",\"idxP\":12},{\"mq\":\"Sagetra\",\"nm\":\"Pelle \u00E0 pizza en bois 12\\\"x14\\\"\",\"nme\":\"Wooden Pizza Peel 12\\\"x14\\\"\",\"attr\":\"\",\"sku\":\"29283\",\"l2\":\"Accessoire pour pizza\",\"sl\":\"pelle-a-pizza-en-bois-12x14-sagetra-29283\",\"sn\":\"\",\"idxP\":8},{\"mq\":\"Sagetra\",\"nm\":\"Planche \u00E0 d\u00E9couper violette 18\\\"x24\\\"\",\"nme\":\"Purple Cutting Board 18\\\"x24\\\"\",\"attr\":\"\",\"sku\":\"29295\",\"l2\":\"Planche\",\"sl\":\"planche-a-decouper-violette-18x24-sagetra-29295\",\"sn\":\"\",\"idxP\":15},{\"mq\":\"Sagetra\",\"nm\":\"Passoire en inox 5 Qt \\\/ 2,8 L\",\"nme\":\"Stainless Steel Colander 5 Qt \\\/ 2.8 L\",\"attr\":\"\",\"sku\":\"29267\",\"l2\":\"Accessoire de cuisine\",\"sl\":\"passoire-en-inox-5-qt-28-l-sagetra-29267\",\"sn\":\"\",\"idxP\":13},{\"mq\":\"Trudeau\",\"nm\":\"Pot en verre avec clip Fido 4 L \\\/ 135 1\\\/4 oz\",\"nme\":\"Fido Glass Jar with Clip 4 L \\\/ 135 1\\\/4 oz\",\"attr\":\"\",\"sku\":\"27642\",\"l2\":\"Contenant et pot\",\"sl\":\"pot-en-verre-avec-clip-fido-4-l-135-14-oz-trudeau-27642\",\"sn\":\"\",\"idxP\":19},{\"mq\":\"Sagetra\",\"nm\":\"Cocotte en c\u00E9ramique blanche 5oz \\\/ 148ml\",\"nme\":\"White Ceramic Cocotte 5 oz \\\/ 148 ml\",\"attr\":\"\",\"sku\":\"28052\",\"l2\":\"Vaisselle\",\"sl\":\"cocotte-en-ceramique-blanche-5oz-148ml-sagetra-28052\",\"sn\":\"\",\"idxP\":31},{\"mq\":\"Sagetra\",\"nm\":\"Pichet \u00E0 eau 60oz \\\/ 1,7L\",\"nme\":\"Water Jug 60 oz \\\/ 1.7L\",\"attr\":\"\",\"sku\":\"28053\",\"l2\":\"Service de table\",\"sl\":\"pichet-a-eau-60oz-17l-sagetra-28053\",\"sn\":\"\",\"idxP\":18},{\"mq\":\"Trudeau\",\"nm\":\"Bouteille vitre bouchon clair 100cl\",\"nme\":\"Clear Lid Glass Bottle 100cl\",\"attr\":\"\",\"sku\":\"22020\",\"l2\":\"Service de table\",\"sl\":\"bouteille-vitre-bouchon-clair-100cl-trudeau-22020\",\"sn\":\"transparent\",\"idxP\":50},{\"mq\":\"Adamo\",\"nm\":\"Cuill\u00E8re en bois pour m\u00E9langer 55cm\",\"nme\":\"Wooden Spoon 55cm\",\"attr\":\"\",\"sku\":\"26042\",\"l2\":\"Ustensiles et accessoires\",\"sl\":\"cuillere-en-bois-pour-melanger-55cm-adamo-26042\",\"sn\":\"\",\"idxP\":31},{\"mq\":\"Danesco\",\"nm\":\"Boule \u00E0 th\u00E9 2,5\\\"\",\"nme\":\"Tea Ball 2.5\\\"\",\"attr\":\"\",\"sku\":\"25106\",\"l2\":\"Service de table\",\"sl\":\"boule-a-the-25-danesco-25106\",\"sn\":\"\",\"idxP\":18},{\"mq\":\"Trudeau\",\"nm\":\"Pot en verre avec clip Fido 2 L \\\/ 67 3\\\/4 oz\",\"nme\":\"Fido Glass Jar with Clip 2 L \\\/ 67 3\\\/4 oz\",\"attr\":\"\",\"sku\":\"27640\",\"l2\":\"Contenant et pot\",\"sl\":\"pot-en-verre-avec-clip-fido-2-l-67-34-oz-trudeau-27640\",\"sn\":\"\",\"idxP\":22},{\"mq\":\"Sagetra\",\"nm\":\"Louche une pi\u00E8ce 0,5 oz \\\/ 14 ml\",\"nme\":\"One-piece Ladle 0,5 oz \\\/ 14 ml\",\"attr\":\"\",\"sku\":\"24507\",\"l2\":\"Ustensiles et accessoires\",\"sl\":\"louche-une-piece-05-oz-14-ml-sagetra-24507\",\"sn\":\"\",\"idxP\":15},{\"mq\":\"Adamo\",\"nm\":\"\u00C9cumoire en maille ronde 6\\\"\",\"nme\":\"Round Coarse Skimmer 6\\\"\",\"attr\":\"\",\"sku\":\"26029\",\"l2\":\"Ustensiles et accessoires\",\"sl\":\"ecumoire-en-maille-ronde-6-adamo-26029\",\"sn\":\"\",\"idxP\":11},{\"mq\":\"Sagetra\",\"nm\":\"Couteaux \u00E0 steak x12\",\"nme\":\"Steak Knife\",\"attr\":\"\",\"sku\":\"34054\",\"l2\":\"Ustensile de table\",\"sl\":\"couteaux-a-steak-x12-sagetra-34054\",\"sn\":\"\",\"idxP\":81},{\"mq\":\"Sagetra\",\"nm\":\"Th\u00E9i\u00E8re en acier inoxydable 10oz\",\"nme\":\"Stainless Steel Teapot\",\"attr\":\"\",\"sku\":\"24798\",\"l2\":\"Service de table\",\"sl\":\"theiere-en-acier-inoxydable-10oz-sagetra-24798\",\"sn\":\"\",\"idxP\":13},{\"mq\":\"Labell\",\"nm\":\"Planche avec poign\u00E9e 8\\\"x16\\\"x3\\\/4\\\"\",\"nme\":\"Paddle Board 8\\\"x16\\\"x3\\\/4\\\"\",\"attr\":\"\",\"sku\":\"25926\",\"l2\":\"Planche\",\"sl\":\"planche-avec-poignee-8x16x34-labell-25926\",\"sn\":\"\",\"idxP\":16},{\"mq\":\"Labell\",\"nm\":\"Bloc \u00E0 d\u00E9pecer 10\\\"x14\\\"x1,25\\\"\",\"nme\":\"Butcher Block 10\\\"x14\\\"x1.25\\\"\",\"attr\":\"\",\"sku\":\"25939\",\"l2\":\"Planche\",\"sl\":\"bloc-a-depecer-10x14x125-labell-25939\",\"sn\":\"\",\"idxP\":11},{\"mq\":\"Sagetra\",\"nm\":\"Saupoudreuse avec poign\u00E9e en inox 10 oz \\\/ 280 g\",\"nme\":\"Stainless Steel Dredger with Handle 10 oz \\\/ 280 g\",\"attr\":\"\",\"sku\":\"29291\",\"l2\":\"Service de table\",\"sl\":\"saupoudreuse-avec-poignee-en-inox-10-oz-280-g-sagetra-29291\",\"sn\":\"\",\"idxP\":41},{\"mq\":\"Adamo\",\"nm\":\"Presse tomate \u00E9lectrique 0.50HP\",\"nme\":\"Electric Tomato Squeezer 0.50HP\",\"attr\":\"\",\"sku\":\"24516\",\"l2\":\"Ustensile de table\",\"sl\":\"presse-tomate-electrique-0.50hp-adamo-24516\",\"sn\":\"tomates\",\"idxP\":2},{\"mq\":\"Labell\",\"nm\":\"Planche utilitaire en \u00E9rable 14\\\"x20\\\"x3\\\/4\\\"\",\"nme\":\"Maple Utility Board 14\\\"x20\\\"x3\\\/4\\\"\",\"attr\":\"\",\"sku\":\"25928\",\"l2\":\"Planche\",\"sl\":\"planche-utilitaire-en-erable-14x20x34-labell-25928\",\"sn\":\"\",\"idxP\":19},{\"mq\":\"Orly\",\"nm\":\"Couvercle 32cm verre tremp\u00E9\",\"nme\":\"Tempered Glass Lid Strauss Titan 32cm\",\"attr\":\"\",\"sku\":\"38252\",\"l2\":\"Batterie de cuisine\",\"sl\":\"couvercle-32cm-verre-trempe-orly-38252\",\"sn\":\"\",\"idxP\":14},{\"mq\":\"Trudeau\",\"nm\":\"Assiette creuse Parma 22,5 cm\",\"nme\":\"Parma Soup Plate 22.5 cm\",\"attr\":\"\",\"sku\":\"26207\",\"l2\":\"Vaisselle\",\"sl\":\"assiette-creuse-parma-225-cm-trudeau-26207\",\"sn\":\"\",\"idxP\":32},{\"mq\":\"Trudeau\",\"nm\":\"Tasse double paroi 325ml\",\"nme\":\"Double Cup Glass 325ml\",\"attr\":\"\",\"sku\":\"23118\",\"l2\":\"Vaisselle\",\"sl\":\"tasse-double-paroi-325ml-trudeau-23118\",\"sn\":\"\",\"idxP\":21},{\"mq\":\"Labell\",\"nm\":\"Planche \u00E0 steak en \u00E9rable 10\\\"x14\\\"x3\\\/4\\\"\",\"nme\":\"Maple Steak Board 10\\\"x14\\\"x3\\\/4\\\"\",\"attr\":\"\",\"sku\":\"25927\",\"l2\":\"Planche\",\"sl\":\"planche-a-steak-en-erable-10x14x34-labell-25927\",\"sn\":\"\",\"idxP\":14},{\"mq\":\"Adamo\",\"nm\":\"\u00C9cumoire en maille ronde 5\\\"\",\"nme\":\"Round Coarse Skimmer 5\\\"\",\"attr\":\"\",\"sku\":\"26028\",\"l2\":\"Ustensiles et accessoires\",\"sl\":\"ecumoire-en-maille-ronde-5-adamo-26028\",\"sn\":\"\",\"idxP\":8},{\"mq\":\"Orly\",\"nm\":\"Tasse en porcelaine pour cappuccino 8 oz \\\/ 235 ml\",\"nme\":\"Porcelain Cup for Cappuccino 8oz \\\/ 235ml\",\"attr\":\"\",\"sku\":\"38472\",\"l2\":\"Vaisselle\",\"sl\":\"tasse-en-porcelaine-pour-cappuccino-8-oz-235-ml-orly-38472\",\"sn\":\"\",\"idxP\":6},{\"mq\":\"Sagetra\",\"nm\":\"Cocotte en c\u00E9ramique blanche 3oz \\\/ 88ml\",\"nme\":\"White Ceramic Cocotte 3 oz \\\/ 88 ml\",\"attr\":\"\",\"sku\":\"28051\",\"l2\":\"Vaisselle\",\"sl\":\"cocotte-en-ceramique-blanche-3oz-88ml-sagetra-28051\",\"sn\":\"\",\"idxP\":23},{\"mq\":\"Sagetra\",\"nm\":\"Planche \u00E0 d\u00E9couper blanche 18\\\"x24\\\"\",\"nme\":\"White Cutting Board 18\\\"x24\\\"\",\"attr\":\"\",\"sku\":\"28054\",\"l2\":\"Planche\",\"sl\":\"planche-a-decouper-blanche-18x24-sagetra-28054\",\"sn\":\"\",\"idxP\":34},{\"mq\":\"Sagetra\",\"nm\":\"Bouteille invers\u00E9e pour sauce 24oz\",\"nme\":\"Inverted bottle for 24oz sauce\",\"attr\":\"\",\"sku\":\"28055\",\"l2\":\"Contenant et pot\",\"sl\":\"bouteille-inversee-pour-sauce-24oz-sagetra-28055\",\"sn\":\"transparent\",\"idxP\":55},{\"mq\":\"Trudeau\",\"nm\":\"Pot quattro stagioni 20cl\",\"nme\":\"Quattro Stagioni Jar 20 cl\",\"attr\":\"\",\"sku\":\"28964\",\"l2\":\"Contenant et pot\",\"sl\":\"pot-quattro-stagioni-20cl-trudeau-28964\",\"sn\":\"\",\"idxP\":16},{\"mq\":\"Adamo\",\"nm\":\"Presse citron en acier inoxydable\",\"nme\":\"Stainless Steel Lemon Squeezer\",\"attr\":\"\",\"sku\":\"28991\",\"l2\":\"Ustensiles et accessoires\",\"sl\":\"presse-citron-en-acier-inoxydable-adamo-28991\",\"sn\":\"citrons\",\"idxP\":10},{\"mq\":\"Orly\",\"nm\":\"Tasse \u00E0 cappuccino en porcelaine 8 oz \\\/ 235 ml\",\"nme\":\"Porcelain Cappuccino Cup 8oz \\\/ 235ml\",\"attr\":\"\",\"sku\":\"38468\",\"l2\":\"Vaisselle\",\"sl\":\"tasse-a-cappuccino-en-porcelaine-8-oz-235-ml-orly-38468\",\"sn\":\"\",\"idxP\":3},{\"mq\":\"Trudeau\",\"nm\":\"Moulin \u00E0 sel professionel\",\"nme\":\"Professional Salt Mill 23 cm\",\"attr\":\"\",\"sku\":\"27634\",\"l2\":\"Service de table\",\"sl\":\"moulin-a-sel-professionel-trudeau-27634\",\"sn\":\"\",\"idxP\":6},{\"mq\":\"Trudeau\",\"nm\":\"Pot en verre avec clip Fido 1 L \\\/ 33 3\\\/4 oz\",\"nme\":\"Fido Glass Jar with Clip 1 L \\\/ 33 3\\\/4 oz\",\"attr\":\"\",\"sku\":\"27638\",\"l2\":\"Contenant et pot\",\"sl\":\"pot-en-verre-avec-clip-fido-1-l-33-34-oz-trudeau-27638\",\"sn\":\"\",\"idxP\":17},{\"mq\":\"Victorinox\",\"nm\":\"Couteau trancheur 12\\\"\",\"nme\":\"Slicer Ham Knife 12\\\"\",\"attr\":\"\",\"sku\":\"38625\",\"l2\":\"Couteau de chef\",\"sl\":\"couteau-trancheur-12-victorinox-38625\",\"sn\":\"\",\"idxP\":5},{\"mq\":\"Sagetra\",\"nm\":\"Planche \u00E0 d\u00E9couper rouge 12\\\"x18\\\"\",\"nme\":\"Red Cutting Board 12\\\"x18\\\"\",\"attr\":\"\",\"sku\":\"28153\",\"l2\":\"Planche\",\"sl\":\"planche-a-decouper-rouge-12x18-sagetra-28153\",\"sn\":\"\",\"idxP\":41},{\"mq\":\"Victorinox\",\"nm\":\"Couteau filet semi-rigide 8\\\"\",\"nme\":\"Semi-Stiff Filet Knife 8\\\"\",\"attr\":\"\",\"sku\":\"38635\",\"l2\":\"Couteau de chef\",\"sl\":\"couteau-filet-semi-rigide-8-victorinox-38635\",\"sn\":\"\",\"idxP\":5},{\"mq\":\"Trudeau\",\"nm\":\"Moulins \u00E0 poivre et sel 15 cm\",\"nme\":\"Pepper and Salt Mills 15 cm\",\"attr\":\"\",\"sku\":\"37726\",\"l2\":\"Service de table\",\"sl\":\"moulins-a-poivre-et-sel-15-cm-trudeau-37726\",\"sn\":\"\",\"idxP\":13},{\"mq\":\"Kayali\",\"nm\":\"Bouteille d'huile et vinaigre en vitre 22cm\",\"nme\":\"Oil and Vinegar Bottle Glass\",\"attr\":\"\",\"sku\":\"38547\",\"l2\":\"Service de table\",\"sl\":\"bouteille-dhuile-et-vinaigre-en-vitre-22cm-kayali-38547\",\"sn\":\"\",\"idxP\":66},{\"mq\":\"Victorinox\",\"nm\":\"Fusil \u00E0 aff\u00FBter 10\\\"\",\"nme\":\"Sharpening Fusil 10\\\"\",\"attr\":\"\",\"sku\":\"38589\",\"l2\":\"Couteau de chef\",\"sl\":\"fusil-a-affuter-10-victorinox-38589\",\"sn\":\"\",\"idxP\":9},{\"mq\":\"Trudeau\",\"nm\":\"Pot en verre avec clip Fido 1,5 L \\\/ 50 3\\\/4 oz\",\"nme\":\"Fido Glass Jar with Clip 1.5 L \\\/ 50 3\\\/4 oz\",\"attr\":\"\",\"sku\":\"27639\",\"l2\":\"Contenant et pot\",\"sl\":\"pot-en-verre-avec-clip-fido-15-l-50-34-oz-trudeau-27639\",\"sn\":\"\",\"idxP\":18},{\"mq\":\"Trudeau\",\"nm\":\"Pot en verre avec clip Fido 750 ml \\\/ 25 1\\\/4 oz\",\"nme\":\"Fido Glass Jar with Clip 750 ml \\\/ 25 1\\\/4 oz\",\"attr\":\"\",\"sku\":\"27645\",\"l2\":\"Contenant et pot\",\"sl\":\"pot-en-verre-avec-clip-fido-750-ml-25-14-oz-trudeau-27645\",\"sn\":\"\",\"idxP\":14},{\"mq\":\"Trudeau\",\"nm\":\"Pompe pour pr\u00E9server le vin avec 2 bouchons\",\"nme\":\"Wine Preserving Pump with 2 Stoppers\",\"attr\":\"\",\"sku\":\"29595\",\"l2\":\"Ustensiles et accessoires\",\"sl\":\"pompe-pour-preserver-le-vin-avec-2-bouchons-trudeau-29595\",\"sn\":\"\",\"idxP\":19},{\"mq\":\"Sagetra\",\"nm\":\"Louche 12oz \\\/ 360ml\",\"nme\":\"Ladle 12oz - 360ml\",\"attr\":\"\",\"sku\":\"28157\",\"l2\":\"Ustensiles et accessoires\",\"sl\":\"louche-12oz-360ml-sagetra-28157\",\"sn\":\"\",\"idxP\":12},{\"mq\":\"Victorinox\",\"nm\":\"Couteau trancheur dentel\u00E9 12\\\"\",\"nme\":\"Wavy Slicer Knife 12\\\"\",\"attr\":\"\",\"sku\":\"38627\",\"l2\":\"Couteau de chef\",\"sl\":\"couteau-trancheur-dentele-12-victorinox-38627\",\"sn\":\"\",\"idxP\":2},{\"mq\":\"Victorinox\",\"nm\":\"Couteau cimeti\u00E8re 14\\\"\",\"nme\":\"Curved Cimeter Knife 14\\\"\",\"attr\":\"\",\"sku\":\"38634\",\"l2\":\"Couteau de chef\",\"sl\":\"couteau-cimetiere-14-victorinox-38634\",\"sn\":\"\",\"idxP\":9},{\"mq\":\"Kayali\",\"nm\":\"Plat pour cr\u00E8me brul\u00E9e 4.75\\\"\",\"nme\":\"Creme Brulee Bowl 4.75\\\"\",\"attr\":\"\",\"sku\":\"29355\",\"l2\":\"Accessoire de p\u00E2tisserie\",\"sl\":\"plat-pour-creme-brulee-4.75-kayali-29355\",\"sn\":\"\",\"idxP\":54},{\"mq\":\"Victorinox\",\"nm\":\"Couteau \u00E0 pain 8\\\"\",\"nme\":\"Bread Knife 8\\\"\",\"attr\":\"\",\"sku\":\"38628\",\"l2\":\"Couteau de chef\",\"sl\":\"couteau-a-pain-8-victorinox-38628\",\"sn\":\"\",\"idxP\":7},{\"mq\":\"Gontara\",\"nm\":\"Po\u00EAle en acier paella 4Pt 30cm\",\"nme\":\"Paella Pan 04SV 30cm\",\"attr\":\"\",\"sku\":\"39983\",\"l2\":\"Batterie de cuisine\",\"sl\":\"poele-en-acier-paella-4pt-30cm-gontara-39983\",\"sn\":\"\",\"idxP\":2},{\"mq\":\"Adamo\",\"nm\":\"Support pour huile-vinaigre-sel et poivre\",\"nme\":\"Vinegar-Oil-Salt and Pepper Support\",\"attr\":\"\",\"sku\":\"29032\",\"l2\":\"Service de table\",\"sl\":\"support-pour-huile-vinaigre-sel-et-poivre-adamo-29032\",\"sn\":\"\",\"idxP\":8},{\"mq\":\"Kayali\",\"nm\":\"Ensemble de 2 ramequins 3 3\\\/8\\\"\",\"nme\":\"Set of 2 Ramekin 3 3\\\/8\\\"\",\"attr\":\"\",\"sku\":\"29347\",\"l2\":\"Vaisselle\",\"sl\":\"ensemble-de-2-ramequins-3-38-kayali-29347\",\"sn\":\"\",\"idxP\":62},{\"mq\":\"Victorinox\",\"nm\":\"Couteau du chef 8\\\"\",\"nme\":\"Chef's Knife 8\\\"\",\"attr\":\"\",\"sku\":\"38620\",\"l2\":\"Couteau de chef\",\"sl\":\"couteau-du-chef-8-victorinox-38620\",\"sn\":\"\",\"idxP\":15},{\"mq\":\"Victorinox\",\"nm\":\"Couteau trancheur 10\\\"\",\"nme\":\"Slicer Ham Knife 10\\\"\",\"attr\":\"\",\"sku\":\"38624\",\"l2\":\"Couteau de chef\",\"sl\":\"couteau-trancheur-10-victorinox-38624\",\"sn\":\"\",\"idxP\":4},{\"mq\":\"Adamo\",\"nm\":\"\u00C9cumoire en maille ronde 4\\\"\",\"nme\":\"Round Coarse Skimmer 4\\\"\",\"attr\":\"\",\"sku\":\"26027\",\"l2\":\"Ustensiles et accessoires\",\"sl\":\"ecumoire-en-maille-ronde-4-adamo-26027\",\"sn\":\"\",\"idxP\":10},{\"mq\":\"Trudeau\",\"nm\":\"Bouteille Quattro 20cl\",\"nme\":\"Quattro Bottle 20 cl\",\"attr\":\"\",\"sku\":\"28986\",\"l2\":\"Contenant et pot\",\"sl\":\"bouteille-quattro-20cl-trudeau-28986\",\"sn\":\"\",\"idxP\":11},{\"mq\":\"Victorinox\",\"nm\":\"Couteau du chef 12\\\"\",\"nme\":\"Chef's Knife 12\\\"\",\"attr\":\"\",\"sku\":\"38622\",\"l2\":\"Couteau de chef\",\"sl\":\"couteau-du-chef-12-victorinox-38622\",\"sn\":\"\",\"idxP\":7},{\"mq\":\"Kayali\",\"nm\":\"Pot \u00E0 \u00E9pices avec couvercle blanc\",\"nme\":\"Spice Bottle with White Cap\",\"attr\":\"\",\"sku\":\"29343\",\"l2\":\"Contenant et pot\",\"sl\":\"pot-a-epices-avec-couvercle-blanc-kayali-29343\",\"sn\":\"\",\"idxP\":64},{\"mq\":\"Kayali\",\"nm\":\"Plat \u00E0 quiche 8.75\\\"\",\"nme\":\"Quiche Dish 8.75\\\"\",\"attr\":\"\",\"sku\":\"29356\",\"l2\":\"Accessoire de p\u00E2tisserie\",\"sl\":\"plat-a-quiche-8.75-kayali-29356\",\"sn\":\"\",\"idxP\":10},{\"mq\":\"Trudeau\",\"nm\":\"Pot en verre 32cl\",\"nme\":\"Glass Jar 32 cl\",\"attr\":\"\",\"sku\":\"28987\",\"l2\":\"Contenant et pot\",\"sl\":\"pot-en-verre-32cl-trudeau-28987\",\"sn\":\"\",\"idxP\":13},{\"mq\":\"Victorinox\",\"nm\":\"Fusil \u00E0 aff\u00FBter 12\\\"\",\"nme\":\"Sharpening Fusil 12\\\"\",\"attr\":\"\",\"sku\":\"38591\",\"l2\":\"Couteau de chef\",\"sl\":\"fusil-a-affuter-12-victorinox-38591\",\"sn\":\"\",\"idxP\":6},{\"mq\":\"Victorinox\",\"nm\":\"Couteau santoku 7\\\"\",\"nme\":\"Santoku Knife 7\\\"\",\"attr\":\"\",\"sku\":\"38623\",\"l2\":\"Couteau de chef\",\"sl\":\"couteau-santoku-7-victorinox-38623\",\"sn\":\"\",\"idxP\":8},{\"mq\":\"Victorinox\",\"nm\":\"Couteau D\u00E9sosseur semi-rigide courb\u00E9 6\\\"\",\"nme\":\"Semi-Stiff Boning Knife 6\\\"\",\"attr\":\"\",\"sku\":\"38632\",\"l2\":\"Couteau de chef\",\"sl\":\"couteau-desosseur-semi-rigide-courbe-6-victorinox-38632\",\"sn\":\"\",\"idxP\":9},{\"mq\":\"Gontara\",\"nm\":\"Po\u00EAle en acier paella 8Pt 38cm\",\"nme\":\"Paella Pan 08SV 38cm\",\"attr\":\"\",\"sku\":\"39985\",\"l2\":\"Batterie de cuisine\",\"sl\":\"poele-en-acier-paella-8pt-38cm-gontara-39985\",\"sn\":\"\",\"idxP\":8},{\"mq\":\"Victorinox\",\"nm\":\"Couteau cimeterre 12\\\"\",\"nme\":\"Curved scimitar Knife 12\\\"\",\"attr\":\"\",\"sku\":\"38633\",\"l2\":\"Couteau de chef\",\"sl\":\"couteau-cimeterre-12-victorinox-38633\",\"sn\":\"\",\"idxP\":6},{\"mq\":\"Victorinox\",\"nm\":\"Couteau \u00E9conome 2 1\\\/4\\\"\",\"nme\":\"Peeler Knife 2 1\\\/4\\\"\",\"attr\":\"\",\"sku\":\"38647\",\"l2\":\"Couteau de chef\",\"sl\":\"couteau-econome-2-14-victorinox-38647\",\"sn\":\"\",\"idxP\":20},{\"mq\":\"Victorinox\",\"nm\":\"Couteau d\u00E9sosseur rigide FBX 6\\\"\",\"nme\":\"Rigide Boningnar Knife 6\\\"\",\"attr\":\"\",\"sku\":\"38629\",\"l2\":\"Couteau de chef\",\"sl\":\"couteau-desosseur-rigide-fbx-6-victorinox-38629\",\"sn\":\"\",\"idxP\":8},{\"mq\":\"Victorinox\",\"nm\":\"Couteau \u00E0 fromage 2 poign\u00E9es en nylon 14\\\"\",\"nme\":\"3 Nylon Handles Cheese Knife 14\\\"\",\"attr\":\"\",\"sku\":\"38637\",\"l2\":\"Couteau de chef\",\"sl\":\"couteau-a-fromage-2-poignees-en-nylon-14-victorinox-38637\",\"sn\":\"fromages\",\"idxP\":3},{\"mq\":\"Kayali\",\"nm\":\"Bol avec couvercle 5.5\\\"x4.5\\\"\",\"nme\":\"Bowl with Cover 5.5\\\"x4.5\\\"\",\"attr\":\"\",\"sku\":\"29350\",\"l2\":\"Vaisselle\",\"sl\":\"bol-avec-couvercle-5.5x4.5-kayali-29350\",\"sn\":\"\",\"idxP\":2},{\"mq\":\"Kayali\",\"nm\":\"Plat rectangulaire pour four en vitre 1.8L\",\"nme\":\"Rectangular Glass Oven Plate 1.8L\",\"attr\":\"\",\"sku\":\"29359\",\"l2\":\"Accessoire de p\u00E2tisserie\",\"sl\":\"plat-rectangulaire-pour-four-en-vitre-1.8l-kayali-29359\",\"sn\":\"\",\"idxP\":7},{\"mq\":\"Victorinox\",\"nm\":\"Couteau d\u00E9sosseur flexible FBX 6\\\"\",\"nme\":\"Rigide Boningnar Knife 6\\\"\",\"attr\":\"\",\"sku\":\"38630\",\"l2\":\"Couteau de chef\",\"sl\":\"couteau-desosseur-flexible-fbx-6-victorinox-38630\",\"sn\":\"\",\"idxP\":10},{\"mq\":\"Victorinox\",\"nm\":\"Couteau \u00E0 steak et tomate 4 1\\\/4\\\" noir\",\"nme\":\"Black Steak and Tomato Wavy Knife 4 1\\\/4\\\"\",\"attr\":\"\",\"sku\":\"38645\",\"l2\":\"Ustensile de table\",\"sl\":\"couteau-a-steak-et-tomate-4-14-noir-victorinox-38645\",\"sn\":\"tomates\",\"idxP\":34},{\"mq\":\"Gontara\",\"nm\":\"Po\u00EAle en acier paella 6Pt 34cm\",\"nme\":\"Paella Pan 06SV 34cm\",\"attr\":\"\",\"sku\":\"39984\",\"l2\":\"Batterie de cuisine\",\"sl\":\"poele-en-acier-paella-6pt-34cm-gontara-39984\",\"sn\":\"\",\"idxP\":3},{\"mq\":\"Kayali\",\"nm\":\"Bol inclin\u00E9 36x28x14cm\",\"nme\":\"Inclined Bowl 36x28x14cm\",\"attr\":\"\",\"sku\":\"29354\",\"l2\":\"Vaisselle\",\"sl\":\"bol-incline-36x28x14cm-kayali-29354\",\"sn\":\"\",\"idxP\":9},{\"mq\":\"Kayali\",\"nm\":\"Ensemble de 6 verres \u00E0 jus 5.25oz\",\"nme\":\"Set of 6 Juice Glass 5.25oz\",\"attr\":\"\",\"sku\":\"29365\",\"l2\":\"Verrerie\",\"sl\":\"ensemble-de-6-verres-a-jus-5.25oz-kayali-29365\",\"sn\":\"\",\"idxP\":20},{\"mq\":\"Kayali\",\"nm\":\"Ensemble de 6 verres sans pieds 16.25oz\",\"nme\":\"Set of 6 Stemless Glass 16.25oz\",\"attr\":\"\",\"sku\":\"29364\",\"l2\":\"Verrerie\",\"sl\":\"ensemble-de-6-verres-sans-pieds-16.25oz-kayali-29364\",\"sn\":\"\",\"idxP\":26},{\"mq\":\"Kayali\",\"nm\":\"Ensemble de 6 verres \u00E0 vin 13.25oz\",\"nme\":\"Set of 6 Wine Glass 13.25oz\",\"attr\":\"\",\"sku\":\"29367\",\"l2\":\"Verrerie\",\"sl\":\"ensemble-de-6-verres-a-vin-13.25oz-kayali-29367\",\"sn\":\"\",\"idxP\":26},{\"mq\":\"Kayali\",\"nm\":\"Assiette \u00E0 tarte 9\\\"\",\"nme\":\"Pie Plate 9\\\"\",\"attr\":\"\",\"sku\":\"38522\",\"l2\":\"Vaisselle\",\"sl\":\"assiette-a-tarte-9-kayali-38522\",\"sn\":\"\",\"idxP\":17},{\"mq\":\"Kayali\",\"nm\":\"Tasse \u00E0 caf\u00E9 au lait 18oz\",\"nme\":\"Milk Coffee Mug 18oz\",\"attr\":\"\",\"sku\":\"29346\",\"l2\":\"Vaisselle\",\"sl\":\"tasse-a-cafe-au-lait-18oz-kayali-29346\",\"sn\":\"\",\"idxP\":36},{\"mq\":\"Kayali\",\"nm\":\"Ensemble de 12 verres \u00E0 bi\u00E8re 13oz\",\"nme\":\"Set of 12 Beer Glasses 13oz\",\"attr\":\"\",\"sku\":\"29363\",\"l2\":\"Verrerie\",\"sl\":\"ensemble-de-12-verres-a-biere-13oz-kayali-29363\",\"sn\":\"\",\"idxP\":14},{\"mq\":\"Kayali\",\"nm\":\"Ensemble de bol en verre 10.25oz\",\"nme\":\"Set of 6 Glass Bowl 10.25oz\",\"attr\":\"\",\"sku\":\"29369\",\"l2\":\"Service de table\",\"sl\":\"ensemble-de-bol-en-verre-10.25oz-kayali-29369\",\"sn\":\"\",\"idxP\":4},{\"mq\":\"Kayali\",\"nm\":\"Plat \u00E0 quiche 9.75\\\"\",\"nme\":\"Quiche Dish 9.75\\\"\",\"attr\":\"\",\"sku\":\"29357\",\"l2\":\"Accessoire de p\u00E2tisserie\",\"sl\":\"plat-a-quiche-9.75-kayali-29357\",\"sn\":\"\",\"idxP\":9},{\"mq\":\"Kayali\",\"nm\":\"Ensemble de 6 verres \u00E0 bi\u00E8re 12oz\",\"nme\":\"Set of 6 Beer Glasses 12oz\",\"attr\":\"\",\"sku\":\"29362\",\"l2\":\"Verrerie\",\"sl\":\"ensemble-de-6-verres-a-biere-12oz-kayali-29362\",\"sn\":\"\",\"idxP\":14},{\"mq\":\"Kayali\",\"nm\":\"Ensemble de 6 verres 10.25oz\",\"nme\":\"Set of 6 Glass 10.25oz\",\"attr\":\"\",\"sku\":\"29368\",\"l2\":\"Verrerie\",\"sl\":\"ensemble-de-6-verres-10.25oz-kayali-29368\",\"sn\":\"\",\"idxP\":20},{\"mq\":\"Kayali\",\"nm\":\"Ensemble de 6 coupes \u00E0 champagne 7.5oz\",\"nme\":\"Set of 6 Champagne Glass 7.5oz\",\"attr\":\"\",\"sku\":\"29366\",\"l2\":\"Verrerie\",\"sl\":\"ensemble-de-6-coupes-a-champagne-7.5oz-kayali-29366\",\"sn\":\"\",\"idxP\":17},{\"mq\":\"Kayali\",\"nm\":\"Bol en verre 64.25oz\",\"nme\":\"Glass Bowl 64.25oz\",\"attr\":\"\",\"sku\":\"29370\",\"l2\":\"Service de table\",\"sl\":\"bol-en-verre-64.25oz-kayali-29370\",\"sn\":\"\",\"idxP\":6},{\"mq\":\"Orly\",\"nm\":\"Presse-pur\u00E9e \u00E0 deux disques\",\"nme\":\"Potato Masher with 2 discs\",\"attr\":\"\",\"sku\":\"29424\",\"l2\":\"Ustensiles et accessoires\",\"sl\":\"presse-puree-a-deux-disques-orly-29424\",\"sn\":\"\",\"idxP\":15},{\"mq\":\"Kayali\",\"nm\":\"Bol inclin\u00E9 31.6x26x14cm\",\"nme\":\"Inclined Bowl 31.6x26x14cm\",\"attr\":\"\",\"sku\":\"29429\",\"l2\":\"Vaisselle\",\"sl\":\"bol-incline-31.6x26x14cm-kayali-29429\",\"sn\":\"\",\"idxP\":9},{\"mq\":\"Orly\",\"nm\":\"Po\u00EAlon Strauss Pro 20cm\",\"nme\":\"Frypan Strauss Pro 20 cm\",\"attr\":\"\",\"sku\":\"38289\",\"l2\":\"Batterie de cuisine\",\"sl\":\"poelon-strauss-pro-20cm-orly-38289\",\"sn\":\"\",\"idxP\":11},{\"mq\":\"Orly\",\"nm\":\"Po\u00EAlon Strauss Pro 32cm\",\"nme\":\"Frypan Strauss Pro 32 cm\",\"attr\":\"\",\"sku\":\"38294\",\"l2\":\"Batterie de cuisine\",\"sl\":\"poelon-strauss-pro-32cm-orly-38294\",\"sn\":\"\",\"idxP\":27},{\"mq\":\"Orly\",\"nm\":\"Po\u00EAlon Strauss Pro 30cm\",\"nme\":\"Frypan Strauss Pro 30 cm\",\"attr\":\"\",\"sku\":\"38293\",\"l2\":\"Batterie de cuisine\",\"sl\":\"poelon-strauss-pro-30cm-orly-38293\",\"sn\":\"\",\"idxP\":19},{\"mq\":\"Orly\",\"nm\":\"Po\u00EAlon Strauss Pro 28cm\",\"nme\":\"Frypan Strauss Pro 28 cm\",\"attr\":\"\",\"sku\":\"38292\",\"l2\":\"Batterie de cuisine\",\"sl\":\"poelon-strauss-pro-28cm-orly-38292\",\"sn\":\"\",\"idxP\":15},{\"mq\":\"Orly\",\"nm\":\"Po\u00EAlon Strauss Pro 24cm \\\/ 9,5 \\\"\",\"nme\":\"Frypan Strauss Pro 24 cm \\\/ 9.5 \\\"\",\"attr\":\"\",\"sku\":\"38290\",\"l2\":\"Accessoire pour pizza\",\"sl\":\"poelon-strauss-pro-24cm-95-orly-38290\",\"sn\":\"\",\"idxP\":12},{\"mq\":\"Orly\",\"nm\":\"Marmite Strauss Pro 7.5L\",\"nme\":\"Cooking Pot Strauss Pro 7.5L\",\"attr\":\"\",\"sku\":\"38317\",\"l2\":\"Batterie de cuisine\",\"sl\":\"marmite-strauss-pro-7.5l-orly-38317\",\"sn\":\"\",\"idxP\":9},{\"mq\":\"Orly\",\"nm\":\"Casserole strauss tough pan 2.6L\",\"nme\":\"Strauss Tough Pan Casserole 2.6L\",\"attr\":\"\",\"sku\":\"21480\",\"l2\":\"Batterie de cuisine\",\"sl\":\"casserole-strauss-tough-pan-2.6l-orly-21480\",\"sn\":\"\",\"idxP\":14},{\"mq\":\"Eurodib\",\"nm\":\"Plaque \u00E9lectrique\",\"nme\":\"Electric Plate\",\"attr\":\"\",\"sku\":\"26242\",\"l2\":\"Ustensiles et accessoires\",\"sl\":\"plaque-electrique-eurodib-26242\",\"sn\":\"\",\"idxP\":1},{\"mq\":\"Trudeau\",\"nm\":\"Ensemble 5 tasses \u00E0 mesurer assortis\",\"nme\":\"Assorted Measuring Set\",\"attr\":\"\",\"sku\":\"25113\",\"l2\":\"Accessoire de cuisine\",\"sl\":\"ensemble-5-tasses-a-mesurer-assortis-trudeau-25113\",\"sn\":\"\",\"idxP\":19},{\"mq\":\"Kayali\",\"nm\":\"Assiette \u00E0 tarte 7\\\"\",\"nme\":\"Pie Plate 7\\\"\",\"attr\":\"\",\"sku\":\"38511\",\"l2\":\"Vaisselle\",\"sl\":\"assiette-a-tarte-7-kayali-38511\",\"sn\":\"\",\"idxP\":24},{\"mq\":\"Kayali\",\"nm\":\"Plat au four rectangulaire 5.3L\",\"nme\":\"Rectangular Oven Plate 5.3L\",\"attr\":\"\",\"sku\":\"38520\",\"l2\":\"Vaisselle\",\"sl\":\"plat-au-four-rectangulaire-5.3l-kayali-38520\",\"sn\":\"\",\"idxP\":19},{\"mq\":\"Orly\",\"nm\":\"Po\u00EAlon Strauss Pro 26cm\",\"nme\":\"Frypan Strauss Pro 26cm\",\"attr\":\"\",\"sku\":\"38291\",\"l2\":\"Batterie de cuisine\",\"sl\":\"poelon-strauss-pro-26cm-orly-38291\",\"sn\":\"\",\"idxP\":15},{\"mq\":\"Starfrit\",\"nm\":\"Ensemble de 3 pinces\",\"nme\":\"Set of 3 tongs\",\"attr\":\"\u00C9cologique\",\"sku\":\"28539\",\"l2\":\"Ustensiles et accessoires\",\"sl\":\"ensemble-de-3-pinces-starfrit-28539\",\"sn\":\"\",\"idxP\":10},{\"mq\":\"Sevy\",\"nm\":\"Vaporisateur d'huile misto gourmet\",\"nme\":\"Misto Gourmet Oil Sprayer\",\"attr\":\"\",\"sku\":\"24539\",\"l2\":\"Service de table\",\"sl\":\"vaporisateur-dhuile-misto-gourmet-sevy-24539\",\"sn\":\"\",\"idxP\":19},{\"mq\":\"Bunn\",\"nm\":\"Carafe \u00E0 caf\u00E9 r\u00E9gulier\",\"nme\":\"Regular coffee carafe\",\"attr\":\"\",\"sku\":\"26168\",\"l2\":\"Service de table\",\"sl\":\"carafe-a-cafe-regulier-bunn-26168\",\"sn\":\"\",\"idxP\":18},{\"mq\":\"Kayali\",\"nm\":\"Ramequin 2.75\\\"\",\"nme\":\"Ramekin 2.75\\\"\",\"attr\":\"\",\"sku\":\"39590\",\"l2\":\"Vaisselle\",\"sl\":\"ramequin-2.75-kayali-39590\",\"sn\":\"\",\"idxP\":38},{\"mq\":\"Dynamic\",\"nm\":\"Essoreuse \u00E0 salade commerciale 5 litres\",\"nme\":\"5L commercial salad spinner\",\"attr\":\"\",\"sku\":\"29701\",\"l2\":\"Accessoire de cuisine\",\"sl\":\"essoreuse-a-salade-commerciale-5-litres-dynamic-29701\",\"sn\":\"\",\"idxP\":14},{\"mq\":\"Orly\",\"nm\":\"Wok tough pan 32cm\",\"nme\":\"Wok tough pan 32cm\",\"attr\":\"\",\"sku\":\"29796\",\"l2\":\"Batterie de cuisine\",\"sl\":\"wok-tough-pan-32cm-orly-29796\",\"sn\":\"\",\"idxP\":19},{\"mq\":\"Orly\",\"nm\":\"Casserole tough pan 18cm\",\"nme\":\"Saucepan 18cm\",\"attr\":\"\",\"sku\":\"29795\",\"l2\":\"Batterie de cuisine\",\"sl\":\"casserole-tough-pan-18cm-orly-29795\",\"sn\":\"\",\"idxP\":11},{\"mq\":\"Orly\",\"nm\":\"Wok tough pan 28cm\",\"nme\":\"Wok tough pan 28cm\",\"attr\":\"\",\"sku\":\"29797\",\"l2\":\"Batterie de cuisine\",\"sl\":\"wok-tough-pan-28cm-orly-29797\",\"sn\":\"\",\"idxP\":14},{\"mq\":\"Orly\",\"nm\":\"Cr\u00EApi\u00E8re strauss quantanium IND 26cm\",\"nme\":\"26cm strauss quantanium IND pancake pan\",\"attr\":\"\",\"sku\":\"38229\",\"l2\":\"Batterie de cuisine\",\"sl\":\"crepiere-strauss-quantanium-ind-26cm-orly-38229\",\"sn\":\"\",\"idxP\":19},{\"mq\":\"Orly\",\"nm\":\"NETTOYEUR INOX&PORCE COOL K\",\"nme\":\"STAINLESS&PORCEL CLEAN COOL\",\"attr\":\"\",\"sku\":\"38337\",\"l2\":\"Batterie de cuisine\",\"sl\":\"nettoyeur-inoxporce-cool-k-orly-38337\",\"sn\":\"\",\"idxP\":15},{\"mq\":\"Safdie\",\"nm\":\"Bol carr\u00E9 16cm\",\"nme\":\"Square Bowl 16cm\",\"attr\":\"\",\"sku\":\"29946\",\"l2\":\"Vaisselle\",\"sl\":\"bol-carre-16cm-safdie-29946\",\"sn\":\"\",\"idxP\":25},{\"mq\":\"Safdie\",\"nm\":\"Assiette rectangulaire 24\\\"x13\\\"\",\"nme\":\"Rectangular plate 24\\\"x13\\\"\",\"attr\":\"\",\"sku\":\"29951\",\"l2\":\"Vaisselle\",\"sl\":\"assiette-rectangulaire-24x13-safdie-29951\",\"sn\":\"\",\"idxP\":31},{\"mq\":\"Browne\",\"nm\":\"Verre tout usage 13.5oz 400ml Reserva\",\"nme\":\"All purpose glass 13.5oz 400ml Reserva\",\"attr\":\"\",\"sku\":\"30713\",\"l2\":\"Verrerie\",\"sl\":\"verre-tout-usage-13.5oz-400ml-reserva-browne-30713\",\"sn\":\"\",\"idxP\":2},{\"mq\":\"Browne\",\"nm\":\"Verre \u00E0 Martini 10oz 300ml Reserva\",\"nme\":\"Martini glass 10oz 300ml Reserva\",\"attr\":\"\",\"sku\":\"30703\",\"l2\":\"Verrerie\",\"sl\":\"verre-a-martini-10oz-300ml-reserva-browne-30703\",\"sn\":\"\",\"idxP\":1},{\"mq\":\"Browne\",\"nm\":\"Verres \u00E0 vin 10.5oz - 310ml Reserva\",\"nme\":\"Wine glasses 10.5oz - 310ml Reserva\",\"attr\":\"\",\"sku\":\"30690\",\"l2\":\"Verrerie\",\"sl\":\"verres-a-vin-10.5oz-310ml-reserva-browne-30690\",\"sn\":\"\",\"idxP\":0},{\"mq\":\"Labell\",\"nm\":\"Planche \u00E0 steak rectangulaire 8.5\\\"x12.25\\\"\",\"nme\":\"Rectangular steak board 8.5\\\"x12.25\\\"\",\"attr\":\"\",\"sku\":\"31419\",\"l2\":\"Planche\",\"sl\":\"planche-a-steak-rectangulaire-8.5x12.25-labell-31419\",\"sn\":\"\",\"idxP\":21},{\"mq\":\"Orly\",\"nm\":\"Machine \u00E0 p\u00E2tes classique Jumbo\",\"nme\":\"Jumbo classic pasta machine\",\"attr\":\"\",\"sku\":\"31389\",\"l2\":\"Ustensiles et accessoires\",\"sl\":\"machine-a-pates-classique-jumbo-orly-31389\",\"sn\":\"\",\"idxP\":7},{\"mq\":\"Browne\",\"nm\":\"Bol empilable 10.5oz 310ml\",\"nme\":\"Stacking bowl 10.5oz 310ml\",\"attr\":\"\",\"sku\":\"31076\",\"l2\":\"Vaisselle\",\"sl\":\"bol-empilable-10.5oz-310ml-browne-31076\",\"sn\":\"\",\"idxP\":48},{\"mq\":\"Orly\",\"nm\":\"WOK STRAUSS TANGO 32CM\",\"nme\":\"WOK STRAUSS TANGO 32CM\",\"attr\":\"\",\"sku\":\"38285\",\"l2\":\"Batterie de cuisine\",\"sl\":\"wok-strauss-tango-32cm-orly-38285\",\"sn\":\"\",\"idxP\":14},{\"mq\":\"Browne\",\"nm\":\"Bol \u00E0 c\u00E9r\u00E9ales 15oz 444ml\",\"nme\":\"Cereal bowl 15oz 444ml\",\"attr\":\"\",\"sku\":\"30654\",\"l2\":\"Vaisselle\",\"sl\":\"bol-a-cereales-15oz-444ml-browne-30654\",\"sn\":\"\",\"idxP\":45},{\"mq\":\"Labell\",\"nm\":\"Planche \u00E0 steak ovale 9\\\"x15.75\\\"\",\"nme\":\"Oval steak board 9\\\"x12.75\\\"\",\"attr\":\"\",\"sku\":\"31418\",\"l2\":\"Planche\",\"sl\":\"planche-a-steak-ovale-9x15.75-labell-31418\",\"sn\":\"\",\"idxP\":20},{\"mq\":\"Orly\",\"nm\":\"Machine pate inox\",\"nme\":\"Inox pasta machine\",\"attr\":\"\",\"sku\":\"38434\",\"l2\":\"Ustensiles et accessoires\",\"sl\":\"machine-pate-inox-orly-38434\",\"sn\":\"\",\"idxP\":68},{\"mq\":\"Ricardo\",\"nm\":\"Fermetures \u00E0 sac 6 pi\u00E8ces\",\"nme\":\"6 pieces bag sealers\",\"attr\":\"\",\"sku\":\"32797\",\"l2\":\"Ustensiles et accessoires\",\"sl\":\"fermetures-a-sac-6-pieces-ricardo-32797\",\"sn\":\"\",\"idxP\":1},{\"mq\":\"Sagetra\",\"nm\":\"Couvercle long uni demi grandeur\",\"nme\":\"Half size long cover\",\"attr\":\"\",\"sku\":\"32964\",\"l2\":\"Buffet\",\"sl\":\"couvercle-long-uni-demi-grandeur-sagetra-32964\",\"sn\":\"\",\"idxP\":8},{\"mq\":\"Sagetra\",\"nm\":\"Aplatisseur de steak en fonte\",\"nme\":\"Cast iron steak flatener\",\"attr\":\"\",\"sku\":\"33127\",\"l2\":\"Ustensiles et accessoires\",\"sl\":\"aplatisseur-de-steak-en-fonte-sagetra-33127\",\"sn\":\"\",\"idxP\":20},{\"mq\":\"Sagetra\",\"nm\":\"Spatule \u00E0 m\u00E9langer en bois 24\\\"\",\"nme\":\"Wooden mixing spatula 24\\\"\",\"attr\":\"\",\"sku\":\"33125\",\"l2\":\"Ustensiles et accessoires\",\"sl\":\"spatule-a-melanger-en-bois-24-sagetra-33125\",\"sn\":\"\",\"idxP\":5},{\"mq\":\"Sagetra\",\"nm\":\"Spatule \u00E0 m\u00E9langer en bois 30\\\"\",\"nme\":\"Wooden mixing spatula 30\\\"\",\"attr\":\"\",\"sku\":\"33126\",\"l2\":\"Ustensiles et accessoires\",\"sl\":\"spatule-a-melanger-en-bois-30-sagetra-33126\",\"sn\":\"\",\"idxP\":6},{\"mq\":\"Safdie\",\"nm\":\"Ensemble de couteaux avec support 6 morceaux\",\"nme\":\"Set of knives with holder 6 pieces\",\"attr\":\"\",\"sku\":\"33173\",\"l2\":\"Couteau de chef\",\"sl\":\"ensemble-de-couteaux-avec-support-6-morceaux-safdie-33173\",\"sn\":\"\",\"idxP\":15},{\"mq\":\"Labell\",\"nm\":\"Planche utilitaire 10\\\"x14\\\"x0.75\\\"\",\"nme\":\"Utility board 10\\\"x14\\\"x0.75\\\"\",\"attr\":\"\",\"sku\":\"33821\",\"l2\":\"Planche\",\"sl\":\"planche-utilitaire-10x14x0.75-labell-33821\",\"sn\":\"\",\"idxP\":20},{\"mq\":\"Trudeau\",\"nm\":\"Bol \u00E0 m\u00E9langer en verre 122oz\",\"nme\":\"Glass mixing bowl 122oz\",\"attr\":\"\",\"sku\":\"35259\",\"l2\":\"Vaisselle\",\"sl\":\"bol-a-melanger-en-verre-122oz-trudeau-35259\",\"sn\":\"\",\"idxP\":21}], [{\"mq\":\"Ricardo\",\"nm\":\"Contenant alimentaire isol\u00E9\",\"nme\":\"Isolated food container\",\"attr\":\"\",\"sku\":\"34729\",\"l2\":\"Contenant et pot\",\"sl\":\"contenant-alimentaire-isole-ricardo-34729\",\"sn\":\"\",\"idxP\":3},{\"mq\":\"Trudeau\",\"nm\":\"Bol \u00E0 m\u00E9langer en verre 57oz\",\"nme\":\"Glass mixing bowl 57oz\",\"attr\":\"\",\"sku\":\"35265\",\"l2\":\"Vaisselle\",\"sl\":\"bol-a-melanger-en-verre-57oz-trudeau-35265\",\"sn\":\"\",\"idxP\":22},{\"mq\":\"Trudeau\",\"nm\":\"Bol \u00E0 m\u00E9langer en verre 12oz\",\"nme\":\"Glass mixing bowl 12oz\",\"attr\":\"\",\"sku\":\"35270\",\"l2\":\"Vaisselle\",\"sl\":\"bol-a-melanger-en-verre-12oz-trudeau-35270\",\"sn\":\"\",\"idxP\":38},{\"mq\":\"Gourmet\",\"nm\":\"R\u00E2pe avec contenant ensemble de 3\",\"nme\":\"Grater with container set of 3\",\"attr\":\"\",\"sku\":\"34915\",\"l2\":\"Ustensiles et accessoires\",\"sl\":\"rape-avec-contenant-ensemble-de-3-gourmet-34915\",\"sn\":\"\",\"idxP\":12},{\"mq\":\"Gourmet\",\"nm\":\"Pinceau\",\"nme\":\"Brush\",\"attr\":\"\",\"sku\":\"34868\",\"l2\":\"Accessoire de p\u00E2tisserie\",\"sl\":\"pinceau-gourmet-34868\",\"sn\":\"\",\"idxP\":8},{\"mq\":\"Trudeau\",\"nm\":\"Bol \u00E0 m\u00E9langer en verre 19oz\",\"nme\":\"Glass mixing bowl 19oz\",\"attr\":\"\",\"sku\":\"35269\",\"l2\":\"Vaisselle\",\"sl\":\"bol-a-melanger-en-verre-19oz-trudeau-35269\",\"sn\":\"\",\"idxP\":30},{\"mq\":\"Trudeau\",\"nm\":\"Bol \u00E0 m\u00E9langer en verre 82oz\",\"nme\":\"Glass mixing bowl 82oz\",\"attr\":\"\",\"sku\":\"35260\",\"l2\":\"Vaisselle\",\"sl\":\"bol-a-melanger-en-verre-82oz-trudeau-35260\",\"sn\":\"\",\"idxP\":18},{\"mq\":\"Trudeau\",\"nm\":\"Bol \u00E0 m\u00E9langer en verre 3.25oz\",\"nme\":\"Glass mixing bowl 3.25oz\",\"attr\":\"\",\"sku\":\"35294\",\"l2\":\"Vaisselle\",\"sl\":\"bol-a-melanger-en-verre-3.25oz-trudeau-35294\",\"sn\":\"\",\"idxP\":71},{\"mq\":\"Trudeau\",\"nm\":\"Bol \u00E0 m\u00E9langer en verre 8oz\",\"nme\":\"Glass mixing bowl 8oz\",\"attr\":\"\",\"sku\":\"35286\",\"l2\":\"Vaisselle\",\"sl\":\"bol-a-melanger-en-verre-8oz-trudeau-35286\",\"sn\":\"\",\"idxP\":40},{\"mq\":\"Trudeau\",\"nm\":\"Bol \u00E0 m\u00E9langer en verre 35oz\",\"nme\":\"Glass mixing bowl 35oz\",\"attr\":\"\",\"sku\":\"35266\",\"l2\":\"Vaisselle\",\"sl\":\"bol-a-melanger-en-verre-35oz-trudeau-35266\",\"sn\":\"\",\"idxP\":25},{\"mq\":\"Starfrit\",\"nm\":\"Contenant \u00E0 jus grand format 4L Locknlock\",\"nme\":\"Extra large juice container 4L Locknlock\",\"attr\":\"\",\"sku\":\"32738\",\"l2\":\"Service de table\",\"sl\":\"contenant-a-jus-grand-format-4l-locknlock-starfrit-32738\",\"sn\":\"\",\"idxP\":15},{\"mq\":\"Starfrit\",\"nm\":\"Presse-hamburger\",\"nme\":\"Hamburger Press\",\"attr\":\"\",\"sku\":\"35675\",\"l2\":\"Ustensiles et accessoires\",\"sl\":\"presse-hamburger-starfrit-35675\",\"sn\":\"\",\"idxP\":8},{\"mq\":\"Arco\",\"nm\":\"Linge \u00E0 vaisselle moy carreaux 12 morceaux 23x34\",\"nme\":\"Med Chequered Tea Towel 12 pieces 23\\\"x34\\\"\",\"attr\":\"\",\"sku\":\"22335\",\"l2\":\"Serviette et nappe\",\"sl\":\"linge-a-vaisselle-moy-carreaux-12-morceaux-23x34-arco-22335\",\"sn\":\"\",\"idxP\":41},{\"mq\":\"Orly\",\"nm\":\"Po\u00EAlon Tough Pan 26 cm\",\"nme\":\"Fry Pan Tough Pan 26 cm\",\"attr\":\"\",\"sku\":\"36277\",\"l2\":\"Batterie de cuisine\",\"sl\":\"poelon-tough-pan-26-cm-orly-36277\",\"sn\":\"\",\"idxP\":19},{\"mq\":\"Arco\",\"nm\":\"Linge \u00E0 vaisselle petit carreaux 12 morceaux 23x34\",\"nme\":\"Small Chequered Tea Towel 12 pieces 23\\\"x34\\\"\",\"attr\":\"\",\"sku\":\"22337\",\"l2\":\"Serviette et nappe\",\"sl\":\"linge-a-vaisselle-petit-carreaux-12-morceaux-23x34-arco-22337\",\"sn\":\"\",\"idxP\":33},{\"mq\":\"Orly\",\"nm\":\"Po\u00EAlon Tough Pan 30 cm\",\"nme\":\"Fry Pan Tough Pan 30 cm\",\"attr\":\"\",\"sku\":\"36273\",\"l2\":\"Batterie de cuisine\",\"sl\":\"poelon-tough-pan-30-cm-orly-36273\",\"sn\":\"\",\"idxP\":21},{\"mq\":\"Starfrit\",\"nm\":\"Support \u00E0 bocaux\",\"nme\":\"Jar rack\",\"attr\":\"\",\"sku\":\"36829\",\"l2\":\"Ustensiles et accessoires\",\"sl\":\"support-a-bocaux-starfrit-36829\",\"sn\":\"\",\"idxP\":13},{\"mq\":\"Starfrit\",\"nm\":\"Pince \u00E0 bocaux\",\"nme\":\"Jar Tongs\",\"attr\":\"\",\"sku\":\"36830\",\"l2\":\"Ustensiles et accessoires\",\"sl\":\"pince-a-bocaux-starfrit-36830\",\"sn\":\"\",\"idxP\":14},{\"mq\":\"Kayali\",\"nm\":\"Pot Mason en verre 150ml\",\"nme\":\"Mason glass jar150ml\",\"attr\":\"\",\"sku\":\"39215\",\"l2\":\"Contenant et pot\",\"sl\":\"pot-mason-en-verre-150ml-kayali-39215\",\"sn\":\"\",\"idxP\":14},{\"mq\":\"Kayali\",\"nm\":\"Pot Mason150ml ensemble de 4\",\"nme\":\"Mason jar150ml set of 4\",\"attr\":\"\",\"sku\":\"39235\",\"l2\":\"Contenant et pot\",\"sl\":\"pot-mason150ml-ensemble-de-4-kayali-39235\",\"sn\":\"\",\"idxP\":46},{\"mq\":\"Orly\",\"nm\":\"Passoire en inox 18cm\",\"nme\":\"stainless steel strainer 18cm\",\"attr\":\"\",\"sku\":\"40271\",\"l2\":\"Accessoire de cuisine\",\"sl\":\"passoire-en-inox-18cm-orly-40271\",\"sn\":\"\",\"idxP\":20},{\"mq\":\"Orly\",\"nm\":\"Passoire en inox 13cm\",\"nme\":\"stainless steel strainer 13cm\",\"attr\":\"\",\"sku\":\"40272\",\"l2\":\"Accessoire de cuisine\",\"sl\":\"passoire-en-inox-13cm-orly-40272\",\"sn\":\"\",\"idxP\":13},{\"mq\":\"Orly\",\"nm\":\"Passoire en inox 20cm\",\"nme\":\"stainless steel strainer 20cm\",\"attr\":\"\",\"sku\":\"40270\",\"l2\":\"Accessoire de cuisine\",\"sl\":\"passoire-en-inox-20cm-orly-40270\",\"sn\":\"\",\"idxP\":21},{\"mq\":\"Orly\",\"nm\":\"Passoire en inox 23cm\",\"nme\":\"stainless steel strainer 23cm\",\"attr\":\"\",\"sku\":\"40269\",\"l2\":\"Accessoire de cuisine\",\"sl\":\"passoire-en-inox-23cm-orly-40269\",\"sn\":\"\",\"idxP\":25},{\"mq\":\"Starfrit\",\"nm\":\"Plateau de transport\",\"nme\":\"Party carrier\",\"attr\":\"\",\"sku\":\"40744\",\"l2\":\"Service de table\",\"sl\":\"plateau-de-transport-starfrit-40744\",\"sn\":\"plateau\",\"idxP\":13},{\"mq\":\"Starfrit\",\"nm\":\"Balance digitale acier inoxydable 5kg\",\"nme\":\"Stainless Steel Digital Scale 5kg\",\"attr\":\"\",\"sku\":\"40740\",\"l2\":\"Accessoire de cuisine\",\"sl\":\"balance-digitale-acier-inoxydable-5kg-starfrit-40740\",\"sn\":\"\",\"idxP\":35},{\"mq\":\"Adamo\",\"nm\":\"Passoire avec poign\u00E9e en acier inoxydable 75cm\",\"nme\":\"Stainless Steel with Handle Scoop Strainer 75cm\",\"attr\":\"\",\"sku\":\"41007\",\"l2\":\"Ustensile de table\",\"sl\":\"passoire-avec-poignee-en-acier-inoxydable-75cm-adamo-41007\",\"sn\":\"\",\"idxP\":13},{\"mq\":\"Mayrand CHEF\",\"nm\":\"Planche Mayrand Chef 7\\\" x 14\\\"\",\"nme\":\"Mayrand Chef board 7\\\" x 14\\\"\",\"attr\":\"\",\"sku\":\"25678\",\"l2\":\"Planche\",\"sl\":\"planche-mayrand-chef-7-x-14-mayrand-chef-25678\",\"sn\":\"\",\"idxP\":17},{\"mq\":\"Kayali\",\"nm\":\"Couvercle et disque r\u00E9gulier\",\"nme\":\"Regular Lid and snap\",\"attr\":\"\",\"sku\":\"24840\",\"l2\":\"Contenant et pot\",\"sl\":\"couvercle-et-disque-regulier-kayali-24840\",\"sn\":\"\",\"idxP\":49},{\"mq\":\"Kayali\",\"nm\":\"Disques pour bocaux\",\"nme\":\"Snap lids for jars\",\"attr\":\"\",\"sku\":\"24839\",\"l2\":\"Contenant et pot\",\"sl\":\"disques-pour-bocaux-kayali-24839\",\"sn\":\"\",\"idxP\":38},{\"mq\":\"Sagetra\",\"nm\":\"Cuill\u00E8re en bois 16\\\"\",\"nme\":\"Wood Spoon 16\\\"\",\"attr\":\"\",\"sku\":\"10396\",\"l2\":\"Ustensiles et accessoires\",\"sl\":\"cuillere-en-bois-16-sagetra-10396\",\"sn\":\"\",\"idxP\":37},{\"mq\":\"Sagetra\",\"nm\":\"Cuill\u00E8re en bois 18\\\"\",\"nme\":\"Wood Spoon 18\\\"\",\"attr\":\"\",\"sku\":\"10394\",\"l2\":\"Ustensiles et accessoires\",\"sl\":\"cuillere-en-bois-18-sagetra-10394\",\"sn\":\"\",\"idxP\":28},{\"mq\":\"Kayali\",\"nm\":\"Verre a shooter 1 oz \\\/ 35ml\",\"nme\":\"Shooter Glass 1 oz \\\/ 35ml\",\"attr\":\"\",\"sku\":\"38587\",\"l2\":\"Verrerie\",\"sl\":\"verre-a-shooter-1-oz-35ml-kayali-38587\",\"sn\":\"\",\"idxP\":22},{\"mq\":\"Sevy\",\"nm\":\"Mini moule \u00E0 g\u00E2teau canel\u00E9 4.75\\\"\",\"nme\":\"Mini fluted cake pan 4,75\\\"\",\"attr\":\"\",\"sku\":\"00209\",\"l2\":\"Accessoire de p\u00E2tisserie\",\"sl\":\"mini-moule-a-gateau-canele-4.75-sevy-00209\",\"sn\":\"moules\",\"idxP\":12},{\"mq\":\"Browne\",\"nm\":\"Plaque \u00E0 biscuits 9X13\",\"nme\":\"Bun Pan 13\\\"X9\\\"\",\"attr\":\"\",\"sku\":\"39951\",\"l2\":\"Accessoire de p\u00E2tisserie\",\"sl\":\"plaque-a-biscuits-9x13-sagetra-39951\",\"sn\":\"\",\"idxP\":88},{\"mq\":\"Sevy\",\"nm\":\"Mini moule \u00E0 pain 6po\",\"nme\":\"Mini loaf pan 6\\\"\",\"attr\":\"\",\"sku\":\"00210\",\"l2\":\"Accessoire de p\u00E2tisserie\",\"sl\":\"mini-moule-a-pain-6po-sevy-00210\",\"sn\":\"moules\",\"idxP\":12},{\"mq\":\"Sevy\",\"nm\":\"Ouvre-bo\u00EEte \u00E0 manivelle pivotante Swing Away\",\"nme\":\"Crank manuel can opener Swing Away\",\"attr\":\"\",\"sku\":\"00214\",\"l2\":\"Ustensiles et accessoires\",\"sl\":\"ouvre-boite-a-manivelle-pivotante-swing-away-sevy-00214\",\"sn\":\"\",\"idxP\":25},{\"mq\":\"Browne\",\"nm\":\"Plaque \u00E0 biscuits  13X18\",\"nme\":\"Bun Pan 18\\\"X13\\\"\",\"attr\":\"\",\"sku\":\"39953\",\"l2\":\"Accessoire de p\u00E2tisserie\",\"sl\":\"plaque-a-biscuits-13x18-sagetra-39953\",\"sn\":\"\",\"idxP\":51},{\"mq\":\"Sevy\",\"nm\":\"Ciseaux \u00E0 volaille.\",\"nme\":\"Poultry scissors.\",\"attr\":\"\",\"sku\":\"00213\",\"l2\":\"Ustensiles et accessoires\",\"sl\":\"ciseaux-a-volaille.-sevy-00213\",\"sn\":\"poulet\",\"idxP\":11},{\"mq\":\"Sevy\",\"nm\":\"\u00C9plucheur inox  Swing Away\",\"nme\":\"Peeler stainless steel Swing Away\",\"attr\":\"\",\"sku\":\"00220\",\"l2\":\"Ustensiles et accessoires\",\"sl\":\"eplucheur-inox-swing-away-sevy-00220\",\"sn\":\"\",\"idxP\":17},{\"mq\":\"Empire\",\"nm\":\"Tasse \u00E0 mesurer 32oz\",\"nme\":\"32oz measuring cup\",\"attr\":\"\",\"sku\":\"00301\",\"l2\":\"Accessoire de cuisine\",\"sl\":\"tasse-a-mesurer-32oz-empire-00301\",\"sn\":\"\",\"idxP\":36},{\"mq\":\"Empire\",\"nm\":\"Moule \u00E0 pain 1.5 litre\",\"nme\":\"1.5 Lt  loaf dish\",\"attr\":\"\",\"sku\":\"00307\",\"l2\":\"Accessoire de p\u00E2tisserie\",\"sl\":\"moule-a-pain-1.5-litre-empire-00307\",\"sn\":\"moules\",\"idxP\":18},{\"mq\":\"Trudeau\",\"nm\":\"Moule \u00E0 muffin r\u00E9gulier (12) confetti\",\"nme\":\"Muffin pan (12) confetti\",\"attr\":\"\",\"sku\":\"27622\",\"l2\":\"Accessoire de p\u00E2tisserie\",\"sl\":\"moule-a-muffin-regulier-12-confetti-trudeau-27622\",\"sn\":\"moules\",\"idxP\":56},{\"mq\":\"Standa\",\"nm\":\"Assiette \u00E0 pr\u00E9sentation rouge contour perle 13\\\"\",\"nme\":\"Red Charger Plate 13\\\"\",\"attr\":\"\",\"sku\":\"25386\",\"l2\":\"Vaisselle\",\"sl\":\"assiette-a-presentation-rouge-contour-perle-13-standa-25386\",\"sn\":\"\",\"idxP\":4},{\"mq\":\"Sevy\",\"nm\":\"Cuill\u00E8res \u00E0 mesurer 5 pi\u00E8ces stainless\",\"nme\":\"Stainless mesuring spoon 5pcs\",\"attr\":\"\",\"sku\":\"00212\",\"l2\":\"Accessoire de cuisine\",\"sl\":\"cuilleres-a-mesurer-5-pieces-stainless-sevy-00212\",\"sn\":\"\",\"idxP\":21},{\"mq\":\"Empire\",\"nm\":\"Tasse \u00E0 mesurer 2 litres\",\"nme\":\"2 Lt batter bowl\",\"attr\":\"\",\"sku\":\"00305\",\"l2\":\"Accessoire de cuisine\",\"sl\":\"tasse-a-mesurer-2-litres-empire-00305\",\"sn\":\"\",\"idxP\":28},{\"mq\":\"Sevy\",\"nm\":\"Pinceau \u00E0 p\u00E2tisserie rond 25cm\",\"nme\":\"Pastry brush round 25cm\",\"attr\":\"\",\"sku\":\"00216\",\"l2\":\"Accessoire de p\u00E2tisserie\",\"sl\":\"pinceau-a-patisserie-rond-25cm-sevy-00216\",\"sn\":\"\",\"idxP\":13},{\"mq\":\"Empire\",\"nm\":\"Tasse \u00E0 mesurer 8oz\",\"nme\":\"8oz measuring cup\",\"attr\":\"\",\"sku\":\"00295\",\"l2\":\"Accessoire de cuisine\",\"sl\":\"tasse-a-mesurer-8oz-empire-00295\",\"sn\":\"\",\"idxP\":26},{\"mq\":\"Adamo\",\"nm\":\"Chalumeau de cuisine\",\"nme\":\"Kitchen torch\",\"attr\":\"\",\"sku\":\"01022\",\"l2\":\"Accessoire de p\u00E2tisserie\",\"sl\":\"chalumeau-de-cuisine-adamo-01022\",\"sn\":\"\",\"idxP\":36},{\"mq\":\"Bios\",\"nm\":\"Thermom\u00E8tre programmable avec minuterie\",\"nme\":\"Programmable thermometer with timer\",\"attr\":\"\",\"sku\":\"01034\",\"l2\":\"Ustensiles et accessoires\",\"sl\":\"thermometre-programmable-avec-minuterie-bios-01034\",\"sn\":\"\",\"idxP\":15},{\"mq\":\"Bios\",\"nm\":\"Minuteur mini\",\"nme\":\"Mini timer\",\"attr\":\"\",\"sku\":\"01039\",\"l2\":\"Ustensiles et accessoires\",\"sl\":\"minuteur-mini-bios-01039\",\"sn\":\"\",\"idxP\":14},{\"mq\":\"Adamo\",\"nm\":\"Cuill\u00E8re de bois 45cm\",\"nme\":\"Wooden spoon 45cm\",\"attr\":\"\",\"sku\":\"01102\",\"l2\":\"Ustensiles et accessoires\",\"sl\":\"cuillere-de-bois-45cm-adamo-01102\",\"sn\":\"\",\"idxP\":0},{\"mq\":\"Adamo\",\"nm\":\"Cuill\u00E8re de bois 30cm\",\"nme\":\"Wooden spoon 30cm\",\"attr\":\"\",\"sku\":\"01113\",\"l2\":\"Ustensiles et accessoires\",\"sl\":\"cuillere-de-bois-30cm-adamo-01113\",\"sn\":\"\",\"idxP\":0},{\"mq\":\"Bios\",\"nm\":\"Thermom\u00E8tre \u00E0 viande 3po\",\"nme\":\"3\\\" meat thermometer\",\"attr\":\"\",\"sku\":\"01033\",\"l2\":\"Ustensiles et accessoires\",\"sl\":\"thermometre-a-viande-3po-bios-01033\",\"sn\":\"\",\"idxP\":16},{\"mq\":\"Bios\",\"nm\":\"Minuteur\",\"nme\":\"Timer\",\"attr\":\"\",\"sku\":\"01040\",\"l2\":\"Ustensiles et accessoires\",\"sl\":\"minuteur-bios-01040\",\"sn\":\"\",\"idxP\":20},{\"mq\":\"Adamo\",\"nm\":\"Casse-noix \\\/ homard inox 16cm\",\"nme\":\"Stainless steel nutcracker \\\/ lobster\",\"attr\":\"\",\"sku\":\"01089\",\"l2\":\"Ustensile de table\",\"sl\":\"casse-noix-homard-inox-16cm-adamo-01089\",\"sn\":\"\",\"idxP\":11},{\"mq\":\"Adamo\",\"nm\":\"Cuill\u00E8re de bois 35cm\",\"nme\":\"Wooden Spoon 35cm\",\"attr\":\"\",\"sku\":\"01105\",\"l2\":\"Ustensiles et accessoires\",\"sl\":\"cuillere-de-bois-35cm-adamo-01105\",\"sn\":\"\",\"idxP\":0},{\"mq\":\"Bios\",\"nm\":\"Thermom\u00E8tre digital r\u00E9frig\u00E9ration et cong\u00E9lation\",\"nme\":\"Digital refrigeration ahd freezing thermometer\",\"attr\":\"\",\"sku\":\"01035\",\"l2\":\"Ustensiles et accessoires\",\"sl\":\"thermometre-digital-refrigeration-et-congelation-bios-01035\",\"sn\":\"\",\"idxP\":11},{\"mq\":\"Adamo\",\"nm\":\"Cuill\u00E8re de bois 40cm\",\"nme\":\"Wooden Spoon 45cm\",\"attr\":\"\",\"sku\":\"01103\",\"l2\":\"Ustensiles et accessoires\",\"sl\":\"cuillere-de-bois-40cm-adamo-01103\",\"sn\":\"\",\"idxP\":0},{\"mq\":\"Adamo\",\"nm\":\"Presse-agrumes classique 15cm\",\"nme\":\"Classic citrus press 15cm\",\"attr\":\"\",\"sku\":\"01092\",\"l2\":\"Ustensiles et accessoires\",\"sl\":\"presse-agrumes-classique-15cm-adamo-01092\",\"sn\":\"\",\"idxP\":10},{\"mq\":\"Adamo\",\"nm\":\"Presse-pur\u00E9e S\\\/S 25cm\",\"nme\":\"Masher S\\\/S 25cm\",\"attr\":\"\",\"sku\":\"01124\",\"l2\":\"Ustensiles et accessoires\",\"sl\":\"presse-puree-ss-25cm-adamo-01124\",\"sn\":\"\",\"idxP\":20},{\"mq\":\"Bios\",\"nm\":\"Thermom\u00E8tre \u00E0 bonbon et \u00E0 friture\",\"nme\":\"Candy and fry thermometer\",\"attr\":\"\",\"sku\":\"01037\",\"l2\":\"Ustensiles et accessoires\",\"sl\":\"thermometre-a-bonbon-et-a-friture-bios-01037\",\"sn\":\"\",\"idxP\":19},{\"mq\":\"Browne\",\"nm\":\"Cuill\u00E8re \u00E0 cr\u00E8me glac\u00E9e ivoire #10\",\"nme\":\"#10 Ivory Ice Cream Scoop\",\"attr\":\"\",\"sku\":\"01206\",\"l2\":\"Ustensiles et accessoires\",\"sl\":\"cuillere-a-creme-glacee-ivoire-10-browne-01206\",\"sn\":\"\",\"idxP\":30},{\"mq\":\"Browne\",\"nm\":\"Cuill\u00E8re \u00E0 cr\u00E8me glac\u00E9e violette #40\",\"nme\":\"#40 Purple Ice Cream Scoop\",\"attr\":\"\",\"sku\":\"01212\",\"l2\":\"Ustensiles et accessoires\",\"sl\":\"cuillere-a-creme-glacee-violette-40-browne-01212\",\"sn\":\"\",\"idxP\":40},{\"mq\":\"Browne\",\"nm\":\"Cuill\u00E8re \u00E0 cr\u00E8me glac\u00E9e grise #8\",\"nme\":\"#8 Gray Ice Cream Scoop\",\"attr\":\"\",\"sku\":\"01205\",\"l2\":\"Ustensiles et accessoires\",\"sl\":\"cuillere-a-creme-glacee-grise-8-browne-01205\",\"sn\":\"\",\"idxP\":31},{\"mq\":\"Browne\",\"nm\":\"Cuill\u00E8re \u00E0 cr\u00E8me glac\u00E9e noire #30\",\"nme\":\"#30 Black Ice Cream Scoop\",\"attr\":\"\",\"sku\":\"01211\",\"l2\":\"Ustensiles et accessoires\",\"sl\":\"cuillere-a-creme-glacee-noire-30-browne-01211\",\"sn\":\"\",\"idxP\":37},{\"mq\":\"Danesco\",\"nm\":\"Repose-baguette\",\"nme\":\"Chopstick rest\",\"attr\":\"\",\"sku\":\"01221\",\"l2\":\"Vaisselle\",\"sl\":\"repose-baguette-danesco-01221\",\"sn\":\"\",\"idxP\":21},{\"mq\":\"Browne\",\"nm\":\"Cuill\u00E8re \u00E0 cr\u00E8me glac\u00E9e verte #12\",\"nme\":\"#12 Green Ice Cream Scoop\",\"attr\":\"\",\"sku\":\"01207\",\"l2\":\"Ustensiles et accessoires\",\"sl\":\"cuillere-a-creme-glacee-verte-12-browne-01207\",\"sn\":\"\",\"idxP\":30},{\"mq\":\"Browne\",\"nm\":\"Cuill\u00E8re \u00E0 cr\u00E8me glac\u00E9e jaune #20\",\"nme\":\"#20 Yellow Ice Cream Scoop\",\"attr\":\"\",\"sku\":\"01209\",\"l2\":\"Ustensiles et accessoires\",\"sl\":\"cuillere-a-creme-glacee-jaune-20-browne-01209\",\"sn\":\"\",\"idxP\":51},{\"mq\":\"Browne\",\"nm\":\"Cuill\u00E8re \u00E0 cr\u00E8me glac\u00E9e rouge #24\",\"nme\":\"#24 Red Ice Cream Scoop\",\"attr\":\"\",\"sku\":\"01210\",\"l2\":\"Ustensiles et accessoires\",\"sl\":\"cuillere-a-creme-glacee-rouge-24-browne-01210\",\"sn\":\"\",\"idxP\":38},{\"mq\":\"Danesco\",\"nm\":\"Bol \u00E0 riz 12,5 cm\",\"nme\":\"Bowl for rice 12,5 cm\",\"attr\":\"\",\"sku\":\"01214\",\"l2\":\"Vaisselle\",\"sl\":\"bol-a-riz-125-cm-danesco-01214\",\"sn\":\"\",\"idxP\":13},{\"mq\":\"Danesco\",\"nm\":\"Bol \u00E0 tremper sauce soja 3oz.\",\"nme\":\"3oz soy sauce dipping bowl\",\"attr\":\"\",\"sku\":\"01215\",\"l2\":\"Vaisselle\",\"sl\":\"bol-a-tremper-sauce-soja-3oz.-danesco-01215\",\"sn\":\"soya, soy\",\"idxP\":33},{\"mq\":\"Danesco\",\"nm\":\"Bol pour le riz 17cm\",\"nme\":\"Bowl for rice 17cm\",\"attr\":\"\",\"sku\":\"01213\",\"l2\":\"Vaisselle\",\"sl\":\"bol-pour-le-riz-17cm-danesco-01213\",\"sn\":\"\",\"idxP\":16},{\"mq\":\"Browne\",\"nm\":\"Cuill\u00E8re \u00E0 cr\u00E8me glac\u00E9e blanche #6\",\"nme\":\"White Ice Cream Spoon #6\",\"attr\":\"\",\"sku\":\"01204\",\"l2\":\"Ustensiles et accessoires\",\"sl\":\"cuillere-a-creme-glacee-blanche-6-browne-01204\",\"sn\":\"\",\"idxP\":27},{\"mq\":\"Browne\",\"nm\":\"Cuill\u00E8re \u00E0 cr\u00E8me glac\u00E9e bleue #16\",\"nme\":\"#16 Blue Ice Cream Scoop\",\"attr\":\"\",\"sku\":\"01208\",\"l2\":\"Ustensiles et accessoires\",\"sl\":\"cuillere-a-creme-glacee-bleue-16-browne-01208\",\"sn\":\"\",\"idxP\":41},{\"mq\":\"Danesco\",\"nm\":\"Pichet mousseur \u00E0 lait\",\"nme\":\"Milk frotter pitcher\",\"attr\":\"\",\"sku\":\"01280\",\"l2\":\"Ustensiles et accessoires\",\"sl\":\"pichet-mousseur-a-lait-danesco-01280\",\"sn\":\"\",\"idxP\":21},{\"mq\":\"Danesco\",\"nm\":\"M\u00E9langeur \u00E0 vinaigrette\",\"nme\":\"Dressing mixer\",\"attr\":\"\",\"sku\":\"01292\",\"l2\":\"Contenant et pot\",\"sl\":\"melangeur-a-vinaigrette-danesco-01292\",\"sn\":\"\",\"idxP\":19},{\"mq\":\"Danesco\",\"nm\":\"Ens. 2mcx pour rouler les sushis\",\"nme\":\"2pc  set for rolling sushi.\",\"attr\":\"\",\"sku\":\"01217\",\"l2\":\"Ustensiles et accessoires\",\"sl\":\"ens.-2mcx-pour-rouler-les-sushis-danesco-01217\",\"sn\":\"\",\"idxP\":15},{\"mq\":\"Danesco\",\"nm\":\"Jeu de 4 ens. de baguettes chinoises  noires.\",\"nme\":\"Set of 4 sets black chopsticks\",\"attr\":\"\",\"sku\":\"01223\",\"l2\":\"Ustensile de table\",\"sl\":\"jeu-de-4-ens.-de-baguettes-chinoises-noires.-danesco-01223\",\"sn\":\"\",\"idxP\":11},{\"mq\":\"Sanelli\",\"nm\":\"Couteau d'office 4.4\\\" rouge\",\"nme\":\"Paring knive 4.4\\\" red\",\"attr\":\"\",\"sku\":\"01402\",\"l2\":\"Couteau de chef\",\"sl\":\"couteau-doffice-4.4-rouge-sanelli-01402\",\"sn\":\"\",\"idxP\":27},{\"mq\":\"Sanelli\",\"nm\":\"Couteau d'office 4.4\\\" bleu\",\"nme\":\"Paring knive 4.4\\\" blue\",\"attr\":\"\",\"sku\":\"01401\",\"l2\":\"Couteau de chef\",\"sl\":\"couteau-doffice-4.4-bleu-sanelli-01401\",\"sn\":\"\",\"idxP\":30},{\"mq\":\"Sanelli\",\"nm\":\"Couteau d'office 4.4\\\" orange\",\"nme\":\"Paring knive 4.4\\\" orange\",\"attr\":\"\",\"sku\":\"01403\",\"l2\":\"Couteau de chef\",\"sl\":\"couteau-doffice-4.4-orange-sanelli-01403\",\"sn\":\"\",\"idxP\":24},{\"mq\":\"Sanelli\",\"nm\":\"Couteau d'office 4,4\\\"  blanc\",\"nme\":\"Paring knive 4,4\\\"  white\",\"attr\":\"\",\"sku\":\"01406\",\"l2\":\"Couteau de chef\",\"sl\":\"couteau-doffice-44-blanc-sanelli-01406\",\"sn\":\"\",\"idxP\":15},{\"mq\":\"Sanelli\",\"nm\":\"Couteau d'office 4.4\\\" jaune\",\"nme\":\"Paring knive 4.4\\\" yellow\",\"attr\":\"\",\"sku\":\"01404\",\"l2\":\"Couteau de chef\",\"sl\":\"couteau-doffice-4.4-jaune-sanelli-01404\",\"sn\":\"\",\"idxP\":28},{\"mq\":\"Sanelli\",\"nm\":\"Couteau d'office 4.4\\\" vert\",\"nme\":\"Paring knive 4.4\\\" green\",\"attr\":\"\",\"sku\":\"01405\",\"l2\":\"Couteau de chef\",\"sl\":\"couteau-doffice-4.4-vert-sanelli-01405\",\"sn\":\"\",\"idxP\":19},{\"mq\":\"Safdie\",\"nm\":\"Jarre en verre 650 ml. avec couvercle Bamboo\",\"nme\":\"Glass jar 650 ml. With bamboo lid\",\"attr\":\"\",\"sku\":\"01498\",\"l2\":\"Contenant et pot\",\"sl\":\"jarre-en-verre-650-ml.-avec-couvercle-bamboo-safdie-01498\",\"sn\":\"\",\"idxP\":15},{\"mq\":\"Safdie\",\"nm\":\"Tasses sur pied 465 ml. Ens. de 2\",\"nme\":\"Footed glass mug set\\\/2\",\"attr\":\"\",\"sku\":\"01489\",\"l2\":\"Vaisselle\",\"sl\":\"tasses-sur-pied-465-ml.-ens.-de-2-safdie-01489\",\"sn\":\"\",\"idxP\":20},{\"mq\":\"Safdie\",\"nm\":\"Shooter verre tremp\u00E9 ens. de 6\",\"nme\":\"Tempered glass shooter set of 6\",\"attr\":\"\",\"sku\":\"01492\",\"l2\":\"Verrerie\",\"sl\":\"shooter-verre-trempe-ens.-de-6-safdie-01492\",\"sn\":\"\",\"idxP\":28},{\"mq\":\"Safdie\",\"nm\":\"Verres \u00E0 jus 200 ml ens. de 6\",\"nme\":\"Glass juice 200ml set\\\/6\",\"attr\":\"\",\"sku\":\"01493\",\"l2\":\"Verrerie\",\"sl\":\"verres-a-jus-200-ml-ens.-de-6-safdie-01493\",\"sn\":\"\",\"idxP\":17},{\"mq\":\"Safdie\",\"nm\":\"Coutellerie 20 mcx inox Nice\",\"nme\":\"Flatware 20 pcs s\\\/s  Nice\",\"attr\":\"\",\"sku\":\"01505\",\"l2\":\"Ustensile de table\",\"sl\":\"coutellerie-20-mcx-inox-nice-safdie-01505\",\"sn\":\"\",\"idxP\":13},{\"mq\":\"Safdie\",\"nm\":\"Mousseur \u00E0 lait 450 ml\",\"nme\":\"Milk frother 450 ml.\",\"attr\":\"\",\"sku\":\"01494\",\"l2\":\"Ustensiles et accessoires\",\"sl\":\"mousseur-a-lait-450-ml-safdie-01494\",\"sn\":\"\",\"idxP\":10},{\"mq\":\"Safdie\",\"nm\":\"Jarre en verre 1.7 L avec couvercle en bamboo\",\"nme\":\"Glass jar 1.7 L with bamboo lid\",\"attr\":\"\",\"sku\":\"01502\",\"l2\":\"Contenant et pot\",\"sl\":\"jarre-en-verre-1.7-l-avec-couvercle-en-bamboo-safdie-01502\",\"sn\":\"\",\"idxP\":15},{\"mq\":\"Safdie\",\"nm\":\"Coutellerie 20 mcx  inox Kelby\",\"nme\":\"Flatware 20 pcs set s\\\/s  Kelby\",\"attr\":\"\",\"sku\":\"01504\",\"l2\":\"Ustensile de table\",\"sl\":\"coutellerie-20-mcx-inox-kelby-safdie-01504\",\"sn\":\"\",\"idxP\":12},{\"mq\":\"Safdie\",\"nm\":\"Jarre en verre 1,4 L avec couvercle en bamboo\",\"nme\":\"Glass jar 1,4 L with bamboo lid\",\"attr\":\"\",\"sku\":\"01501\",\"l2\":\"Contenant et pot\",\"sl\":\"jarre-en-verre-14-l-avec-couvercle-en-bamboo-safdie-01501\",\"sn\":\"\",\"idxP\":8},{\"mq\":\"Safdie\",\"nm\":\"Coutellerie 20 mcx inox Polaris\",\"nme\":\"Flatware 20 pcs s\\\/s Polaris\",\"attr\":\"\",\"sku\":\"01506\",\"l2\":\"Ustensile de table\",\"sl\":\"coutellerie-20-mcx-inox-polaris-safdie-01506\",\"sn\":\"\",\"idxP\":22},{\"mq\":\"Safdie\",\"nm\":\"Jarre en verre 1 L avec couvercle en bamboo\",\"nme\":\"Glass jar 1 L with bamboo lid\",\"attr\":\"\",\"sku\":\"01499\",\"l2\":\"Contenant et pot\",\"sl\":\"jarre-en-verre-1-l-avec-couvercle-en-bamboo-safdie-01499\",\"sn\":\"\",\"idxP\":11},{\"mq\":\"Safdie\",\"nm\":\"Tasses cappuccino double paroi 225 ml. ens. de 2\",\"nme\":\"Dbl wall cappuccino mugs 225 ml. Set\\\/2\",\"attr\":\"\",\"sku\":\"01584\",\"l2\":\"Vaisselle\",\"sl\":\"tasses-cappuccino-double-paroi-225-ml.-ens.-de-2-safdie-01584\",\"sn\":\"\",\"idxP\":16},{\"mq\":\"Trudeau\",\"nm\":\"Caroussel \u00E0 \u00E9pices 12 bouteilles\",\"nme\":\"Jar flick spice caroussel 12 bottles\",\"attr\":\"\",\"sku\":\"01599\",\"l2\":\"Contenant et pot\",\"sl\":\"caroussel-a-epices-12-bouteilles-trudeau-01599\",\"sn\":\"\",\"idxP\":8},{\"mq\":\"Safdie\",\"nm\":\"Tasses espresso double paroi 75 ml. ens. de 2\",\"nme\":\"Dbl wall espresso 75 ml. Set\\\/2\",\"attr\":\"\",\"sku\":\"01583\",\"l2\":\"Vaisselle\",\"sl\":\"tasses-espresso-double-paroi-75-ml.-ens.-de-2-safdie-01583\",\"sn\":\"\",\"idxP\":16},{\"mq\":\"Trudeau\",\"nm\":\"Ramequins 6 oz ens. de 6\",\"nme\":\"Ramekins 6 oz set\\\/6\",\"attr\":\"\",\"sku\":\"01589\",\"l2\":\"Vaisselle\",\"sl\":\"ramequins-6-oz-ens.-de-6-trudeau-01589\",\"sn\":\"\",\"idxP\":2},{\"mq\":\"Sevy\",\"nm\":\"Anneau de montage 4 pouces\",\"nme\":\"Food ring mold 4 inch\",\"attr\":\"\",\"sku\":\"01604\",\"l2\":\"Accessoire de p\u00E2tisserie\",\"sl\":\"anneau-de-montage-4-pouces-sevy-01604\",\"sn\":\"\",\"idxP\":13},{\"mq\":\"Safdie\",\"nm\":\"Tasse \u00E0 latt\u00E9 double paroi 380 ml. Ens. de 2\",\"nme\":\"Dbl wall Latte mug  380 ml. Set\\\/2\",\"attr\":\"\",\"sku\":\"01586\",\"l2\":\"Vaisselle\",\"sl\":\"tasse-a-latte-double-paroi-380-ml.-ens.-de-2-safdie-01586\",\"sn\":\"\",\"idxP\":25},{\"mq\":\"Trudeau\",\"nm\":\"Moulin \u00E0 poivre 16\\\" en bois professionnel\",\"nme\":\"Professionnel pepper mill 16\\\" wood\",\"attr\":\"\",\"sku\":\"01597\",\"l2\":\"Service de table\",\"sl\":\"moulin-a-poivre-16-en-bois-professionnel-trudeau-01597\",\"sn\":\"commercial\",\"idxP\":7},{\"mq\":\"Trudeau\",\"nm\":\"Ens. moulin \u00E0 poivre et sel 6\\\"\",\"nme\":\"Pepper mill and salt mill 6\\\"\",\"attr\":\"\",\"sku\":\"01595\",\"l2\":\"Service de table\",\"sl\":\"ens.-moulin-a-poivre-et-sel-6-trudeau-01595\",\"sn\":\"\",\"idxP\":15},{\"mq\":\"Trudeau\",\"nm\":\"Verres sans-pied 10.25oz\",\"nme\":\"Stemless wine 10.25oz\",\"attr\":\"\",\"sku\":\"01590\",\"l2\":\"Verrerie\",\"sl\":\"verres-sans-pied-10.25oz-trudeau-01590\",\"sn\":\"\",\"idxP\":0},{\"mq\":\"Sevy\",\"nm\":\"Anneau de montage 3 pouces\",\"nme\":\"Food ring mold  3 inch\",\"attr\":\"\",\"sku\":\"01603\",\"l2\":\"Accessoire de p\u00E2tisserie\",\"sl\":\"anneau-de-montage-3-pouces-sevy-01603\",\"sn\":\"\",\"idxP\":12},{\"mq\":\"Sevy\",\"nm\":\"Pinceau \u00E0 p\u00E2tisserie 2 po. fibres naturelles\",\"nme\":\"Pastry brush 2 inches natural fibers\",\"attr\":\"\",\"sku\":\"01606\",\"l2\":\"Accessoire de p\u00E2tisserie\",\"sl\":\"pinceau-a-patisserie-2-po.-fibres-naturelles-sevy-01606\",\"sn\":\"\",\"idxP\":3},{\"mq\":\"Sevy\",\"nm\":\"Thermom\u00E8tre au lazer sans contact\",\"nme\":\"Non contact lazer thermometer\",\"attr\":\"\",\"sku\":\"01613\",\"l2\":\"Ustensiles et accessoires\",\"sl\":\"thermometre-au-lazer-sans-contact-sevy-01613\",\"sn\":\"\",\"idxP\":8},{\"mq\":\"Safdie\",\"nm\":\"Tasses \u00E0 caf\u00E9 double paroi 350 ml. Ens. de 2\",\"nme\":\"Dbl wall coffee mugs 350 ml. Set\\\/2\",\"attr\":\"\",\"sku\":\"01585\",\"l2\":\"Vaisselle\",\"sl\":\"tasses-a-cafe-double-paroi-350-ml.-ens.-de-2-safdie-01585\",\"sn\":\"\",\"idxP\":29},{\"mq\":\"Sevy\",\"nm\":\"Moule \u00E0 quiche mini 2,75\\\"\",\"nme\":\"Mini quiche pan 2,75\\\"\",\"attr\":\"\",\"sku\":\"01602\",\"l2\":\"Accessoire de p\u00E2tisserie\",\"sl\":\"moule-a-quiche-mini-275-sevy-01602\",\"sn\":\"moules\",\"idxP\":28},{\"mq\":\"Trudeau\",\"nm\":\"Ens. de moulins Malia 7\\\"\",\"nme\":\"Malia pepper mill and salt 7\\\"\",\"attr\":\"\",\"sku\":\"01596\",\"l2\":\"Service de table\",\"sl\":\"ens.-de-moulins-malia-7-trudeau-01596\",\"sn\":\"\",\"idxP\":0},{\"mq\":\"Sevy\",\"nm\":\"Pinceau \u00E0 p\u00E2tisserie 3 po. fibres naturelles\",\"nme\":\"Pastry brush 2 inches natural fibers\",\"attr\":\"\",\"sku\":\"01605\",\"l2\":\"Accessoire de p\u00E2tisserie\",\"sl\":\"pinceau-a-patisserie-3-po.-fibres-naturelles-sevy-01605\",\"sn\":\"\",\"idxP\":16},{\"mq\":\"Sevy\",\"nm\":\"Aiguiseur \u00E0 couteaux 3 en 1\",\"nme\":\"Knife sharpener 3 in 1\",\"attr\":\"\",\"sku\":\"01614\",\"l2\":\"Couteau de chef\",\"sl\":\"aiguiseur-a-couteaux-3-en-1-sevy-01614\",\"sn\":\"\",\"idxP\":17},{\"mq\":\"Sevy\",\"nm\":\"Pinceau \u00E0 p\u00E2tisserie 1' po. fibres naturelles\",\"nme\":\"Pastry brush 1,5 inche natural fibers\",\"attr\":\"\",\"sku\":\"01607\",\"l2\":\"Accessoire de p\u00E2tisserie\",\"sl\":\"pinceau-a-patisserie-1-po.-fibres-naturelles-sevy-01607\",\"sn\":\"\",\"idxP\":0},{\"mq\":\"Sevy\",\"nm\":\"Fusil \u00E0 aiguiser 12 pouces\",\"nme\":\"12 inch sharpening steel\",\"attr\":\"\",\"sku\":\"01617\",\"l2\":\"Couteau de chef\",\"sl\":\"fusil-a-aiguiser-12-pouces-sevy-01617\",\"sn\":\"\",\"idxP\":8},{\"mq\":\"Verrerie Empire\",\"nm\":\"Assiette carr\u00E9e 6,25\\\"\",\"nme\":\"Square plate 6,25\\\"\",\"attr\":\"\",\"sku\":\"01778\",\"l2\":\"Vaisselle\",\"sl\":\"assiette-carree-625-verrerie-empire-01778\",\"sn\":\"\",\"idxP\":43},{\"mq\":\"Verrerie Empire\",\"nm\":\"Assiette en forme de larme 6\\\" X 8\\\"\",\"nme\":\"Teardrop plate 6\\\" X 8\\\"\",\"attr\":\"\",\"sku\":\"01779\",\"l2\":\"Vaisselle\",\"sl\":\"assiette-en-forme-de-larme-6-x-8-verrerie-empire-01779\",\"sn\":\"\",\"idxP\":29},{\"mq\":\"Kayali\",\"nm\":\"Verre \u00E0 eau 12oz\",\"nme\":\"12oz water glass\",\"attr\":\"\",\"sku\":\"27238\",\"l2\":\"Verrerie\",\"sl\":\"verre-a-eau-12oz-kayali-27238\",\"sn\":\"\",\"idxP\":79},{\"mq\":\"Verrerie Empire\",\"nm\":\"Assiette carr\u00E9e 5\\\" porcelaine\",\"nme\":\"Square plate 5', porcelain\",\"attr\":\"\",\"sku\":\"01791\",\"l2\":\"Vaisselle\",\"sl\":\"assiette-carree-5-porcelaine-verrerie-empire-01791\",\"sn\":\"\",\"idxP\":5},{\"mq\":\"Verrerie Empire\",\"nm\":\"Bol carr\u00E9 2\\\" porcelaine\",\"nme\":\"2'  porcelain square bowl\",\"attr\":\"\",\"sku\":\"01790\",\"l2\":\"Vaisselle\",\"sl\":\"bol-carre-2-porcelaine-verrerie-empire-01790\",\"sn\":\"\",\"idxP\":1},{\"mq\":\"Verrerie Empire\",\"nm\":\"Cuill\u00E8re chinoise\",\"nme\":\"Chineese spoon\",\"attr\":\"\",\"sku\":\"01777\",\"l2\":\"Vaisselle\",\"sl\":\"cuillere-chinoise-verrerie-empire-01777\",\"sn\":\"\",\"idxP\":52},{\"mq\":\"Verrerie Empire\",\"nm\":\"Bol 4', porcelaine\",\"nme\":\"Bowl 4\\\" porcelain\",\"attr\":\"\",\"sku\":\"01789\",\"l2\":\"Vaisselle\",\"sl\":\"bol-4-porcelaine-verrerie-empire-01789\",\"sn\":\"\",\"idxP\":30},{\"mq\":\"Verrerie Empire\",\"nm\":\"Bol 4.5\\\" porcelaine\",\"nme\":\"Bowl 4.5', porcelain\",\"attr\":\"\",\"sku\":\"01788\",\"l2\":\"Vaisselle\",\"sl\":\"bol-4.5-porcelaine-verrerie-empire-01788\",\"sn\":\"\",\"idxP\":25},{\"mq\":\"Arco\",\"nm\":\"Linge \u00E0 vaisselle extra gros carr\u00E9\",\"nme\":\"Extra large square tea towel\",\"attr\":\"\",\"sku\":\"01825\",\"l2\":\"Serviette et nappe\",\"sl\":\"linge-a-vaisselle-extra-gros-carre-arco-01825\",\"sn\":\"\",\"idxP\":83},{\"mq\":\"Safdie\",\"nm\":\"Pot herm\u00E9tique 1L. avec couvercle en bamboo\",\"nme\":\"Hermetic jar 1.5L with bamboo lid\",\"attr\":\"\",\"sku\":\"01813\",\"l2\":\"Contenant et pot\",\"sl\":\"pot-hermetique-1l.-avec-couvercle-en-bamboo-safdie-01813\",\"sn\":\"\",\"idxP\":15},{\"mq\":\"Safdie\",\"nm\":\"Pot herm\u00E9tique 1.5L. avec couvercle en bamboo\",\"nme\":\"Hermetic jar 1,5L with bamboo lid\",\"attr\":\"\",\"sku\":\"01812\",\"l2\":\"Contenant et pot\",\"sl\":\"pot-hermetique-1.5l.-avec-couvercle-en-bamboo-safdie-01812\",\"sn\":\"\",\"idxP\":13},{\"mq\":\"Verrerie Empire\",\"nm\":\"Assiette rectangulaire 8\\\" X 6\\\"\",\"nme\":\"Rectangular plate 8\\\" x 6\\\"\",\"attr\":\"\",\"sku\":\"01792\",\"l2\":\"Vaisselle\",\"sl\":\"assiette-rectangulaire-8-x-6-verrerie-empire-01792\",\"sn\":\"\",\"idxP\":25},{\"mq\":\"Safdie\",\"nm\":\"Beurrier en verre\",\"nme\":\"Glass Butter Dish\",\"attr\":\"\",\"sku\":\"33185\",\"l2\":\"Service de table\",\"sl\":\"beurrier-en-verre-safdie-33185\",\"sn\":\"\",\"idxP\":10},{\"mq\":\"Safdie\",\"nm\":\"Tasse double paroi 250ml\",\"nme\":\"Double Walled Cup 250ml\",\"attr\":\"\",\"sku\":\"29238\",\"l2\":\"Vaisselle\",\"sl\":\"tasse-double-paroi-250ml-safdie-29238\",\"sn\":\"\",\"idxP\":20},{\"mq\":\"Safdie\",\"nm\":\"Tasse \u00E0 caf\u00E9 double paroi 370ml\",\"nme\":\"Double Wall Coffee Cup 370ml\",\"attr\":\"\",\"sku\":\"29932\",\"l2\":\"Vaisselle\",\"sl\":\"tasse-a-cafe-double-paroi-370ml-safdie-29932\",\"sn\":\"\",\"idxP\":30},{\"mq\":\"Arco\",\"nm\":\"Serviette  de table lin Julia 17X17\",\"nme\":\"Linen napkin Julia 17X17\",\"attr\":\"\",\"sku\":\"01991\",\"l2\":\"Serviette et nappe\",\"sl\":\"serviette-de-table-lin-julia-17x17-arco-01991\",\"sn\":\"\",\"idxP\":12},{\"mq\":\"Arco\",\"nm\":\"Nappe lin Julia 60X84\",\"nme\":\"Linen tablecloth Julia 60X84\",\"attr\":\"\",\"sku\":\"01993\",\"l2\":\"Serviette et nappe\",\"sl\":\"nappe-lin-julia-60x84-arco-01993\",\"sn\":\"\",\"idxP\":19},{\"mq\":\"Arco\",\"nm\":\"Serviettes de table rouge Julia 17X17\",\"nme\":\"Red napkin Julia 17X17\",\"attr\":\"\",\"sku\":\"02002\",\"l2\":\"Serviette et nappe\",\"sl\":\"serviettes-de-table-rouge-julia-17x17-arco-02002\",\"sn\":\"\",\"idxP\":8},{\"mq\":\"Arco\",\"nm\":\"Nappe lin Julia 52X70\",\"nme\":\"Linen tablecloth Julia 52X70\",\"attr\":\"\",\"sku\":\"01992\",\"l2\":\"Serviette et nappe\",\"sl\":\"nappe-lin-julia-52x70-arco-01992\",\"sn\":\"\",\"idxP\":15},{\"mq\":\"Safdie\",\"nm\":\"Bol \u00E0 salade 3 morceaux en acier inoxydable 26cm\",\"nme\":\"Stainless Steel Salad Bowl 26cm\",\"attr\":\"\",\"sku\":\"25505\",\"l2\":\"Vaisselle\",\"sl\":\"bol-a-salade-3-morceaux-en-acier-inoxydable-26cm-safdie-25505\",\"sn\":\"\",\"idxP\":7},{\"mq\":\"Arco\",\"nm\":\"Nappe lin Julia 60X120\",\"nme\":\"Linen tablecloth Julia 60X120\",\"attr\":\"\",\"sku\":\"01999\",\"l2\":\"Serviette et nappe\",\"sl\":\"nappe-lin-julia-60x120-arco-01999\",\"sn\":\"\",\"idxP\":22},{\"mq\":\"Arco\",\"nm\":\"Serviette de table charcoal Julia 17X17\",\"nme\":\"Charcoal napkin julia 17X17\",\"attr\":\"\",\"sku\":\"02005\",\"l2\":\"Serviette et nappe\",\"sl\":\"serviette-de-table-charcoal-julia-17x17-arco-02005\",\"sn\":\"\",\"idxP\":18},{\"mq\":\"Arco\",\"nm\":\"Serviette de table jaune Julia 17X17\",\"nme\":\"Yellow napkin Julia 17X17\",\"attr\":\"\",\"sku\":\"02006\",\"l2\":\"Serviette et nappe\",\"sl\":\"serviette-de-table-jaune-julia-17x17-arco-02006\",\"sn\":\"\",\"idxP\":1},{\"mq\":\"Arco\",\"nm\":\"Serviette de table marine Julia 17X17\",\"nme\":\"Navy napkin Julia 17X17\",\"attr\":\"\",\"sku\":\"02004\",\"l2\":\"Serviette et nappe\",\"sl\":\"serviette-de-table-marine-julia-17x17-arco-02004\",\"sn\":\"\",\"idxP\":13},{\"mq\":\"Arco\",\"nm\":\"Nappe lin ronde Julia 70\\\"\",\"nme\":\"Linen tablecloth Julia round 70\\\"\",\"attr\":\"\",\"sku\":\"02001\",\"l2\":\"Serviette et nappe\",\"sl\":\"nappe-lin-ronde-julia-70-arco-02001\",\"sn\":\"\",\"idxP\":11},{\"mq\":\"Arco\",\"nm\":\"Nappe lin Julia 60X104\",\"nme\":\"Linen tablecloth Julia 60X104\",\"attr\":\"\",\"sku\":\"01997\",\"l2\":\"Serviette et nappe\",\"sl\":\"nappe-lin-julia-60x104-arco-01997\",\"sn\":\"\",\"idxP\":21},{\"mq\":\"Starfrit\",\"nm\":\"Moule \u00E0 pain The Rock\",\"nme\":\"The rock loaf pan\",\"attr\":\"\",\"sku\":\"02181\",\"l2\":\"Accessoire de p\u00E2tisserie\",\"sl\":\"moule-a-pain-the-rock-starfrit-02181\",\"sn\":\"moules\",\"idxP\":7},{\"mq\":\"Starfrit\",\"nm\":\"Mini cocottes ens. de 2\",\"nme\":\"Mini casseroles set of 2\",\"attr\":\"\",\"sku\":\"02160\",\"l2\":\"Vaisselle\",\"sl\":\"mini-cocottes-ens.-de-2-starfrit-02160\",\"sn\":\"\",\"idxP\":3},{\"mq\":\"Starfrit\",\"nm\":\"Grill \u00E0 steak en fonte The rock\",\"nme\":\"Cast iron steak grill 28cm The rock\",\"attr\":\"\",\"sku\":\"02178\",\"l2\":\"Batterie de cuisine\",\"sl\":\"grill-a-steak-en-fonte-the-rock-starfrit-02178\",\"sn\":\"\",\"idxP\":9},{\"mq\":\"Arco\",\"nm\":\"Prot\u00E8ge table en vinyle deluxe 52\\\"X70\\\"\",\"nme\":\"Delux Vinyl Tablepad 52\\\"x70\\\"\",\"attr\":\"\",\"sku\":\"24279\",\"l2\":\"Serviette et nappe\",\"sl\":\"protege-table-en-vinyle-deluxe-52x70-arco-24279\",\"sn\":\"\",\"idxP\":8},{\"mq\":\"Arco\",\"nm\":\"Prot\u00E8ge table en vinyle deluxe 52\\\"X120\\\"\",\"nme\":\"Delux Vinyl Tablepad 52\\\"x120\\\"\",\"attr\":\"\",\"sku\":\"24282\",\"l2\":\"Serviette et nappe\",\"sl\":\"protege-table-en-vinyle-deluxe-52x120-arco-24282\",\"sn\":\"\",\"idxP\":8},{\"mq\":\"Trudeau\",\"nm\":\"Carafe \u00E0 pompe noire 1,8 litre\",\"nme\":\"1,8 liter black pump carafe\",\"attr\":\"\",\"sku\":\"02424\",\"l2\":\"Service de table\",\"sl\":\"carafe-a-pompe-noire-18-litre-trudeau-02424\",\"sn\":\"\",\"idxP\":10},{\"mq\":\"Cookina\",\"nm\":\"Tapis prot\u00E8ge tablette Cookina r\u00E9utilisable BBQ\",\"nme\":\"Reusable protector mat shelvesCookina BBQ\",\"attr\":\"\",\"sku\":\"02413\",\"l2\":\"Accessoire de p\u00E2tisserie\",\"sl\":\"tapis-protege-tablette-cookina-reutilisable-bbq-cookina-02413\",\"sn\":\"\",\"idxP\":0},{\"mq\":\"Trudeau\",\"nm\":\"Moulin \u00E0 sel et poivre Allegro 8\\\"\",\"nme\":\"8\\\" Allegro pepper and salt mill agrylic s\\\/s\",\"attr\":\"\",\"sku\":\"02497\",\"l2\":\"Service de table\",\"sl\":\"moulin-a-sel-et-poivre-allegro-8-trudeau-02497\",\"sn\":\"\",\"idxP\":12},{\"mq\":\"Cookina\",\"nm\":\"Feuille en mailles Cookina Barbecue\",\"nme\":\"Reusable Mesh mat Cookina Barbecue\",\"attr\":\"\",\"sku\":\"02416\",\"l2\":\"Accessoire de p\u00E2tisserie\",\"sl\":\"feuille-en-mailles-cookina-barbecue-cookina-02416\",\"sn\":\"BBQ\",\"idxP\":0},{\"mq\":\"Starfrit\",\"nm\":\"Beurrier Breton en porcelaine\",\"nme\":\"Porcelain Butter Bell Crock\",\"attr\":\"\",\"sku\":\"02530\",\"l2\":\"Service de table\",\"sl\":\"beurrier-breton-en-porcelaine-starfrit-02530\",\"sn\":\"\",\"idxP\":6},{\"mq\":\"Sagetra\",\"nm\":\"Rouleau \u00E0 p\u00E2tisserie 45cm professionnel\",\"nme\":\"Rolling pin 45cm professional\",\"attr\":\"\",\"sku\":\"02578\",\"l2\":\"Accessoire de p\u00E2tisserie\",\"sl\":\"rouleau-a-patisserie-45cm-professionnel-sagetra-02578\",\"sn\":\"commercial\",\"idxP\":10},{\"mq\":\"Global\",\"nm\":\"Couteau trancheur cannel\u00E9 11po\",\"nme\":\"Fluted Slicing Knive  11in.\",\"attr\":\"\",\"sku\":\"02609\",\"l2\":\"Couteau de chef\",\"sl\":\"couteau-trancheur-cannele-11po-global-02609\",\"sn\":\"\",\"idxP\":1},{\"mq\":\"Oxo Danesco\",\"nm\":\"Presse-ail\",\"nme\":\"Garlic Press\",\"attr\":\"\",\"sku\":\"03128\",\"l2\":\"Ustensiles et accessoires\",\"sl\":\"presse-ail-oxo-danesco-03128\",\"sn\":\"\",\"idxP\":22},{\"mq\":\"Orly\",\"nm\":\"Mijoteuse en inox 6,5L\",\"nme\":\"Stainless Steel Stewpot 6.5 L\",\"attr\":\"\",\"sku\":\"29816\",\"l2\":\"Batterie de cuisine\",\"sl\":\"mijoteuse-en-inox-65l-orly-29816\",\"sn\":\"\",\"idxP\":46},{\"mq\":\"Waring\",\"nm\":\"M\u00E9langeur 48oz commercial\",\"nme\":\"48oz Commercial Blender\",\"attr\":\"\",\"sku\":\"11209\",\"l2\":\"Ustensiles et accessoires\",\"sl\":\"melangeur-48oz-commercial-waring-11209\",\"sn\":\"\",\"idxP\":0},{\"mq\":\"Browne\",\"nm\":\"R\u00E9cipient sauce 2,5 oz \\\/ 58 ml\",\"nme\":\"Sauce Cup 2,5 oz \\\/ 58 ml\",\"attr\":\"\",\"sku\":\"11339\",\"l2\":\"Vaisselle\",\"sl\":\"recipient-sauce-25-oz-58-ml-browne-11339\",\"sn\":\"\",\"idxP\":39},{\"mq\":\"Browne\",\"nm\":\"Pince de pr\u00E9cision courb\u00E9e 8\\\"\",\"nme\":\"8\\\" curved precision tong\",\"attr\":\"\",\"sku\":\"11390\",\"l2\":\"Ustensiles et accessoires\",\"sl\":\"pince-de-precision-courbee-8-browne-11390\",\"sn\":\"\",\"idxP\":0},{\"mq\":\"Browne\",\"nm\":\"Ouvre-bo\u00EEte commercial robuste\",\"nme\":\"Commercial heavy-duty can opener\",\"attr\":\"\",\"sku\":\"11396\",\"l2\":\"Ustensiles et accessoires\",\"sl\":\"ouvre-boite-commercial-robuste-browne-11396\",\"sn\":\"\",\"idxP\":0},{\"mq\":\"Browne\",\"nm\":\"Pince de pr\u00E9cision courb\u00E9e longue 8\\\"\",\"nme\":\"8\\\" long curved precision tong\",\"attr\":\"\",\"sku\":\"11391\",\"l2\":\"Ustensiles et accessoires\",\"sl\":\"pince-de-precision-courbee-longue-8-browne-11391\",\"sn\":\"\",\"idxP\":0},{\"mq\":\"Browne\",\"nm\":\"Pince de pr\u00E9cision droite 8\\\"\",\"nme\":\"8\\\" straight precision tong\",\"attr\":\"\",\"sku\":\"11389\",\"l2\":\"Ustensiles et accessoires\",\"sl\":\"pince-de-precision-droite-8-browne-11389\",\"sn\":\"\",\"idxP\":0},{\"mq\":\"Pasabahce\",\"nm\":\"Verre \u00E0 m\u00E9langer en verre 16.75oz\",\"nme\":\"Glass mixing 16.75oz glasses\",\"attr\":\"\",\"sku\":\"11467\",\"l2\":\"Verrerie\",\"sl\":\"verre-a-melanger-en-verre-16.75oz-pasabahce-11467\",\"sn\":\"\",\"idxP\":6},{\"mq\":\"Orly\",\"nm\":\"Marmite 9L\",\"nme\":\"9L Stock Pot\",\"attr\":\"\",\"sku\":\"11702\",\"l2\":\"Batterie de cuisine\",\"sl\":\"marmite-9l-orly-11702\",\"sn\":\"\",\"idxP\":0},{\"mq\":\"Kayali\",\"nm\":\"Assiette ronde en porcelaine 8\\\"\",\"nme\":\"Porcelain Round Plate 8\\\"\",\"attr\":\"\",\"sku\":\"11846\",\"l2\":\"Vaisselle\",\"sl\":\"assiette-ronde-en-porcelaine-8-kayali-11846\",\"sn\":\"\",\"idxP\":0},{\"mq\":\"Sealock\",\"nm\":\"Pot Mason en verre 250ml\",\"nme\":\"250ml Mason Glass Jar\",\"attr\":\"\",\"sku\":\"11951\",\"l2\":\"Contenant et pot\",\"sl\":\"pot-mason-en-verre-250ml-sealock-11951\",\"sn\":\"\",\"idxP\":37},{\"mq\":\"Sealock\",\"nm\":\"Pot Mason en verre 1L\",\"nme\":\"1L Mason Glass Jar\",\"attr\":\"\",\"sku\":\"11952\",\"l2\":\"Contenant et pot\",\"sl\":\"pot-mason-en-verre-1l-sealock-11952\",\"sn\":\"\",\"idxP\":0},{\"mq\":\"Starfrit\",\"nm\":\"Po\u00EAle Terra The Rock 26cm corail, bleu ou vert\",\"nme\":\"Coral, Blue, Green 26cm Terra The Rock Frying Pan\",\"attr\":\"\",\"sku\":\"11986\",\"l2\":\"Batterie de cuisine\",\"sl\":\"poele-terra-the-rock-26cm-corail-bleu-ou-vert-starfrit-11986\",\"sn\":\"\",\"idxP\":0},{\"mq\":\"Lodge Cast Iron\",\"nm\":\"Cocotte \u00E9maill\u00E9e rouge 5.5 pintes\",\"nme\":\"5.5 QT Red Enamel Dutch Oven\",\"attr\":\"\",\"sku\":\"12082\",\"l2\":\"Batterie de cuisine\",\"sl\":\"cocotte-emaillee-rouge-5.5-pintes-lodge-cast-iron-12082\",\"sn\":\"\",\"idxP\":0},{\"mq\":\"Starfrit\",\"nm\":\"Ens. de 14 morceaux avec couteaux \u00E0 steak\",\"nme\":\"14 Pieces Kit with Steak Knives\",\"attr\":\"\",\"sku\":\"12085\",\"l2\":\"Couteau de chef\",\"sl\":\"ens.-de-14-morceaux-avec-couteaux-a-steak-starfrit-12085\",\"sn\":\"\",\"idxP\":38},{\"mq\":\"Elements\",\"nm\":\"Casserole inox avec couvercle 1.89L\",\"nme\":\"1.89L Stainless Steel Sauce Pan with Cover\",\"attr\":\"\",\"sku\":\"12090\",\"l2\":\"Batterie de cuisine\",\"sl\":\"casserole-inox-avec-couvercle-1.89l-elements-12090\",\"sn\":\"\",\"idxP\":0},{\"mq\":\"Elements\",\"nm\":\"Casserole inox avec couvercle 9.5L\",\"nme\":\"9.5L Stainless Steel Sauce Pan with Cover\",\"attr\":\"\",\"sku\":\"12092\",\"l2\":\"Batterie de cuisine\",\"sl\":\"casserole-inox-avec-couvercle-9.5l-elements-12092\",\"sn\":\"\",\"idxP\":0},{\"mq\":\"Elements\",\"nm\":\"Sauteuse inox avec couvercle 4.75L\",\"nme\":\"4.75L Inox Saute Pan with Cover\",\"attr\":\"\",\"sku\":\"12101\",\"l2\":\"Batterie de cuisine\",\"sl\":\"sauteuse-inox-avec-couvercle-4.75l-elements-12101\",\"sn\":\"\",\"idxP\":0},{\"mq\":\"Elements\",\"nm\":\"Marmite inox avec couvercle 7.57L\",\"nme\":\"7.57L Inox Stock Pot with Cover\",\"attr\":\"\",\"sku\":\"12108\",\"l2\":\"Batterie de cuisine\",\"sl\":\"marmite-inox-avec-couvercle-7.57l-elements-12108\",\"sn\":\"\",\"idxP\":0},{\"mq\":\"Elements\",\"nm\":\"Po\u00EAle \u00E0 frire inox 28cm\",\"nme\":\"28cm Inox Fry Pan\",\"attr\":\"\",\"sku\":\"12096\",\"l2\":\"Batterie de cuisine\",\"sl\":\"poele-a-frire-inox-28cm-elements-12096\",\"sn\":\"\",\"idxP\":0},{\"mq\":\"Elements\",\"nm\":\"Braisi\u00E8re en inox avec couvercle 14.2L\",\"nme\":\"14.2L Stainless Steel Brazier with Cover\",\"attr\":\"\",\"sku\":\"12089\",\"l2\":\"Batterie de cuisine\",\"sl\":\"braisiere-en-inox-avec-couvercle-14.2l-elements-12089\",\"sn\":\"\",\"idxP\":0},{\"mq\":\"Thermalloy\",\"nm\":\"Po\u00EAle \u00E0 frire aluminium antiadh\u00E9sif 10\\\"\",\"nme\":\"10\\\" Non-Stick Aluminum Frying Pan\",\"attr\":\"\",\"sku\":\"12105\",\"l2\":\"Batterie de cuisine\",\"sl\":\"poele-a-frire-aluminium-antiadhesif-10-thermalloy-12105\",\"sn\":\"\",\"idxP\":0},{\"mq\":\"Elements\",\"nm\":\"Po\u00EAle \u00E0 frire inox 20cm\",\"nme\":\"20cm Inox Fry Pan\",\"attr\":\"\",\"sku\":\"12094\",\"l2\":\"Batterie de cuisine\",\"sl\":\"poele-a-frire-inox-20cm-elements-12094\",\"sn\":\"\",\"idxP\":0},{\"mq\":\"Elements\",\"nm\":\"Po\u00EAle \u00E0 frire inox 24cm\",\"nme\":\"24cm Inox Fry Pan\",\"attr\":\"\",\"sku\":\"12095\",\"l2\":\"Batterie de cuisine\",\"sl\":\"poele-a-frire-inox-24cm-elements-12095\",\"sn\":\"\",\"idxP\":0},{\"mq\":\"Thermalloy\",\"nm\":\"Po\u00EAle \u00E0 frire aluminium antiadh\u00E9sif 7\\\"\",\"nme\":\"7\\\" Non-Stick Aluminum Frying Pan\",\"attr\":\"\",\"sku\":\"12103\",\"l2\":\"Batterie de cuisine\",\"sl\":\"poele-a-frire-aluminium-antiadhesif-7-thermalloy-12103\",\"sn\":\"\",\"idxP\":0},{\"mq\":\"Elements\",\"nm\":\"Marmite inox avec couvercle 11.25L\",\"nme\":\"11.25L Inox Stock Pot with Cover\",\"attr\":\"\",\"sku\":\"12109\",\"l2\":\"Batterie de cuisine\",\"sl\":\"marmite-inox-avec-couvercle-11.25l-elements-12109\",\"sn\":\"\",\"idxP\":0},{\"mq\":\"Trudeau\",\"nm\":\"Verres \u00E0 vin blanc 12.5oz\",\"nme\":\"12.5oz White Wine Glasses\",\"attr\":\"\",\"sku\":\"12077\",\"l2\":\"Verrerie\",\"sl\":\"verres-a-vin-blanc-12.5oz-trudeau-12077\",\"sn\":\"\",\"idxP\":0},{\"mq\":\"Thermalloy\",\"nm\":\"Po\u00EAle \u00E0 frire aluminium antiadh\u00E9sif 8\\\"\",\"nme\":\"8\\\" Non-Stick Aluminum Frying Pan\",\"attr\":\"\",\"sku\":\"12104\",\"l2\":\"Batterie de cuisine\",\"sl\":\"poele-a-frire-aluminium-antiadhesif-8-thermalloy-12104\",\"sn\":\"\",\"idxP\":0},{\"mq\":\"Trudeau\",\"nm\":\"Verres \u00E0 vin rouge 15.75oz\",\"nme\":\"15.75oz Red Whine Glasses\",\"attr\":\"\",\"sku\":\"12078\",\"l2\":\"Verrerie\",\"sl\":\"verres-a-vin-rouge-15.75oz-trudeau-12078\",\"sn\":\"\",\"idxP\":0},{\"mq\":\"Elements\",\"nm\":\"Casserole inox avec couvercle 7.2L\",\"nme\":\"7.2L Stainless Steel Sauce Pan with Cover\",\"attr\":\"\",\"sku\":\"12091\",\"l2\":\"Batterie de cuisine\",\"sl\":\"casserole-inox-avec-couvercle-7.2l-elements-12091\",\"sn\":\"\",\"idxP\":0},{\"mq\":\"Elements\",\"nm\":\"Po\u00EAle \u00E0 frire inox 32cm\",\"nme\":\"32cm Inox Fry Pan\",\"attr\":\"\",\"sku\":\"12097\",\"l2\":\"Batterie de cuisine\",\"sl\":\"poele-a-frire-inox-32cm-elements-12097\",\"sn\":\"\",\"idxP\":0},{\"mq\":\"Elements\",\"nm\":\"Marmite inox avec couvercle 5L\",\"nme\":\"5L Inox Stock Pot with Cover\",\"attr\":\"\",\"sku\":\"12107\",\"l2\":\"Batterie de cuisine\",\"sl\":\"marmite-inox-avec-couvercle-5l-elements-12107\",\"sn\":\"\",\"idxP\":0},{\"mq\":\"Elements\",\"nm\":\"Po\u00EAle \u00E0 frire inox 36cm\",\"nme\":\"36cm Inox Fry Pan\",\"attr\":\"\",\"sku\":\"12099\",\"l2\":\"Batterie de cuisine\",\"sl\":\"poele-a-frire-inox-36cm-elements-12099\",\"sn\":\"\",\"idxP\":0},{\"mq\":\"Thermalloy\",\"nm\":\"Po\u00EAle \u00E0 frire aluminium antiadh\u00E9sif 12\\\"\",\"nme\":\"12\\\" Non-Stick Aluminum Frying Pan\",\"attr\":\"\",\"sku\":\"12106\",\"l2\":\"Batterie de cuisine\",\"sl\":\"poele-a-frire-aluminium-antiadhesif-12-thermalloy-12106\",\"sn\":\"\",\"idxP\":0},{\"mq\":\"Silikomart\",\"nm\":\"Moule gros muffin silicone\",\"nme\":\"Silicone Large Muffin Mold\",\"attr\":\"\",\"sku\":\"12182\",\"l2\":\"Accessoire de p\u00E2tisserie\",\"sl\":\"moule-gros-muffin-silicone-silikomart-12182\",\"sn\":\"moules\",\"idxP\":0},{\"mq\":\"Silikomart\",\"nm\":\"Moule bordelais Siliconflex\",\"nme\":\"Bordelais Siliconflex Mold\",\"attr\":\"\",\"sku\":\"12192\",\"l2\":\"Accessoire de p\u00E2tisserie\",\"sl\":\"moule-bordelais-siliconflex-silikomart-12192\",\"sn\":\"moules\",\"idxP\":0},{\"mq\":\"Silikomart\",\"nm\":\"Moule silicone \u00E0 g\u00E2teau 7\\\" x 2 1\\\/2\\\"\",\"nme\":\"Cake Silicone Mold 7\\\" x 2 1\\\/2\\\"\",\"attr\":\"\",\"sku\":\"12198\",\"l2\":\"Accessoire de p\u00E2tisserie\",\"sl\":\"moule-silicone-a-gateau-7-x-2-12-silikomart-12198\",\"sn\":\"moules\",\"idxP\":0},{\"mq\":\"Silikomart\",\"nm\":\"Moule silicone florentin\",\"nme\":\"Florentine Silicone Mold\",\"attr\":\"\",\"sku\":\"12183\",\"l2\":\"Accessoire de p\u00E2tisserie\",\"sl\":\"moule-silicone-florentin-silikomart-12183\",\"sn\":\"moules\",\"idxP\":0},{\"mq\":\"Silikomart\",\"nm\":\"Moule silicone \u00E0 tartelette\",\"nme\":\"Tart Silicone Mold\",\"attr\":\"\",\"sku\":\"12188\",\"l2\":\"Accessoire de p\u00E2tisserie\",\"sl\":\"moule-silicone-a-tartelette-silikomart-12188\",\"sn\":\"moules\",\"idxP\":0},{\"mq\":\"Silikomart\",\"nm\":\"Moule silicone demie-sph\u00E8re D 3.15 H 1.57\\\"\",\"nme\":\"Half-Sphere Silicone Mold D 3.15 H 1.57\\\"\",\"attr\":\"\",\"sku\":\"12206\",\"l2\":\"Accessoire de p\u00E2tisserie\",\"sl\":\"moule-silicone-demie-sphere-d-3.15-h-1.57-silikomart-12206\",\"sn\":\"moules\",\"idxP\":0},{\"mq\":\"Elements\",\"nm\":\"Marmite inox avec couvercle 15L\",\"nme\":\"15L Inox Stock Pot with Cover\",\"attr\":\"\",\"sku\":\"12110\",\"l2\":\"Batterie de cuisine\",\"sl\":\"marmite-inox-avec-couvercle-15l-elements-12110\",\"sn\":\"\",\"idxP\":0},{\"mq\":\"Silikomart\",\"nm\":\"Moule silicone vertigo\",\"nme\":\"Vertigo Silicone Mold\",\"attr\":\"\",\"sku\":\"12195\",\"l2\":\"Accessoire de p\u00E2tisserie\",\"sl\":\"moule-silicone-vertigo-silikomart-12195\",\"sn\":\"moules\",\"idxP\":0},{\"mq\":\"Silikomart\",\"nm\":\"Moule silicone demie-sph\u00E8re D 2.35 H 1.18\\\"\",\"nme\":\"Half-Sphere Silicone Mold D 2.35 H 1.18\\\"\",\"attr\":\"\",\"sku\":\"12209\",\"l2\":\"Accessoire de p\u00E2tisserie\",\"sl\":\"moule-silicone-demie-sphere-d-2.35-h-1.18-silikomart-12209\",\"sn\":\"moules\",\"idxP\":0},{\"mq\":\"Silikomart\",\"nm\":\"Moule silicone cylindre\",\"nme\":\"Cylinder Silicone Mold\",\"attr\":\"\",\"sku\":\"12235\",\"l2\":\"Accessoire de p\u00E2tisserie\",\"sl\":\"moule-silicone-cylindre-silikomart-12235\",\"sn\":\"moules\",\"idxP\":0},{\"mq\":\"Silikomart\",\"nm\":\"Moule mini muffin Siliconflex\",\"nme\":\"Siliconflex Mini Muffin Mold\",\"attr\":\"\",\"sku\":\"12179\",\"l2\":\"Accessoire de p\u00E2tisserie\",\"sl\":\"moule-mini-muffin-siliconflex-silikomart-12179\",\"sn\":\"moules\",\"idxP\":0},{\"mq\":\"Silikomart\",\"nm\":\"Moule silicone coeur\",\"nme\":\"Heart Silicone Mold\",\"attr\":\"\",\"sku\":\"12185\",\"l2\":\"Accessoire de p\u00E2tisserie\",\"sl\":\"moule-silicone-coeur-silikomart-12185\",\"sn\":\"moules\",\"idxP\":0},{\"mq\":\"Silikomart\",\"nm\":\"Moule silicone bateau\",\"nme\":\"Boat Silicone Mold\",\"attr\":\"\",\"sku\":\"12186\",\"l2\":\"Accessoire de p\u00E2tisserie\",\"sl\":\"moule-silicone-bateau-silikomart-12186\",\"sn\":\"moules\",\"idxP\":0},{\"mq\":\"Silikomart\",\"nm\":\"Moule silicone marguerite\",\"nme\":\"Daisy Silicone Mold\",\"attr\":\"\",\"sku\":\"12191\",\"l2\":\"Accessoire de p\u00E2tisserie\",\"sl\":\"moule-silicone-marguerite-silikomart-12191\",\"sn\":\"moules\",\"idxP\":0},{\"mq\":\"Silikomart\",\"nm\":\"Moule g\u00E2teau 10 1\\\/4\\\" x 1 3\\\/4\\\"\",\"nme\":\"Cake Silicone Mold 10 1\\\/4\\\" x 1 3\\\/4\\\"\",\"attr\":\"\",\"sku\":\"12197\",\"l2\":\"Accessoire de p\u00E2tisserie\",\"sl\":\"moule-gateau-10-14-x-1-34-silikomart-12197\",\"sn\":\"moules\",\"idxP\":0},{\"mq\":\"Silikomart\",\"nm\":\"Moule muffin Siliconflex\",\"nme\":\"Siliconflex Muffin Mold\",\"attr\":\"\",\"sku\":\"12225\",\"l2\":\"Accessoire de p\u00E2tisserie\",\"sl\":\"moule-muffin-siliconflex-silikomart-12225\",\"sn\":\"moules\",\"idxP\":0},{\"mq\":\"Silikomart\",\"nm\":\"Moule silicone \u00E0 madeleine\",\"nme\":\"Madeleine Silicone Molk\",\"attr\":\"\",\"sku\":\"12184\",\"l2\":\"Accessoire de p\u00E2tisserie\",\"sl\":\"moule-silicone-a-madeleine-silikomart-12184\",\"sn\":\"moules\",\"idxP\":0},{\"mq\":\"Silikomart\",\"nm\":\"Moule silicone fantaisie\",\"nme\":\"Fantasy Silicone Mold\",\"attr\":\"\",\"sku\":\"12234\",\"l2\":\"Accessoire de p\u00E2tisserie\",\"sl\":\"moule-silicone-fantaisie-silikomart-12234\",\"sn\":\"moules\",\"idxP\":0},{\"mq\":\"Silikomart\",\"nm\":\"Moule silicone \u00E0 g\u00E2teau 11\\\" x 9\\\" x 1 1\\\/2\\\"\",\"nme\":\"Silicone Cake Mold 11\\\" x 9\\\" x 1 1\\\/2\\\"\",\"attr\":\"\",\"sku\":\"12237\",\"l2\":\"Accessoire de p\u00E2tisserie\",\"sl\":\"moule-silicone-a-gateau-11-x-9-x-1-12-silikomart-12237\",\"sn\":\"moules\",\"idxP\":0},{\"mq\":\"Silikomart\",\"nm\":\"Moule muffin Siliconflex\",\"nme\":\"Siliconflex Muffin Mold\",\"attr\":\"\",\"sku\":\"12189\",\"l2\":\"Accessoire de p\u00E2tisserie\",\"sl\":\"moule-muffin-siliconflex-silikomart-12189\",\"sn\":\"moules\",\"idxP\":0},{\"mq\":\"Silikomart\",\"nm\":\"Moule silicone cubes 8x125ml\",\"nme\":\"Cubes Silicone Molds 8x125ml\",\"attr\":\"\",\"sku\":\"12194\",\"l2\":\"Accessoire de p\u00E2tisserie\",\"sl\":\"moule-silicone-cubes-8x125ml-silikomart-12194\",\"sn\":\"moules\",\"idxP\":0},{\"mq\":\"Silikomart\",\"nm\":\"Moule silicone \u00E0 g\u00E2teau 10 1\\\/4\\\" x 4\\\" x 2 3\\\/4\\\"\",\"nme\":\"Cake Silicone Mold 10 1\\\/4\\\" x 4\\\" x 2 3\\\/4\\\"\",\"attr\":\"\",\"sku\":\"12205\",\"l2\":\"Accessoire de p\u00E2tisserie\",\"sl\":\"moule-silicone-a-gateau-10-14-x-4-x-2-34-silikomart-12205\",\"sn\":\"moules\",\"idxP\":0},{\"mq\":\"Silikomart\",\"nm\":\"Moule silicone beigne\",\"nme\":\"Donut Silicone Mold\",\"attr\":\"\",\"sku\":\"12196\",\"l2\":\"Accessoire de p\u00E2tisserie\",\"sl\":\"moule-silicone-beigne-silikomart-12196\",\"sn\":\"moules\",\"idxP\":0},{\"mq\":\"Silikomart\",\"nm\":\"Moule silicone savarin D 2.55 H 0.82\\\"\",\"nme\":\"Savarin Silicone Mold D 2.35 H 1.18\\\"\",\"attr\":\"\",\"sku\":\"12218\",\"l2\":\"Accessoire de p\u00E2tisserie\",\"sl\":\"moule-silicone-savarin-d-2.55-h-0.82-silikomart-12218\",\"sn\":\"moules\",\"idxP\":0},{\"mq\":\"Silikomart\",\"nm\":\"Moule silicone mini demie-sph\u00E8re\",\"nme\":\"Mini Half-Sphere Silicone Mold\",\"attr\":\"\",\"sku\":\"12177\",\"l2\":\"Accessoire de p\u00E2tisserie\",\"sl\":\"moule-silicone-mini-demie-sphere-silikomart-12177\",\"sn\":\"moules\",\"idxP\":0},{\"mq\":\"Silikomart\",\"nm\":\"Moule silicone \u00E0 savarin\",\"nme\":\"Savarin Silicone Mold\",\"attr\":\"\",\"sku\":\"12178\",\"l2\":\"Accessoire de p\u00E2tisserie\",\"sl\":\"moule-silicone-a-savarin-silikomart-12178\",\"sn\":\"moules\",\"idxP\":0},{\"mq\":\"Silikomart\",\"nm\":\"Moule moyen muffin Siliconflex\",\"nme\":\"Siliconflex Medium Muffin Mold\",\"attr\":\"\",\"sku\":\"12180\",\"l2\":\"Accessoire de p\u00E2tisserie\",\"sl\":\"moule-moyen-muffin-siliconflex-silikomart-12180\",\"sn\":\"moules\",\"idxP\":0},{\"mq\":\"Silikomart\",\"nm\":\"Moule silicone ovale\",\"nme\":\"Oval Silicone Mold\",\"attr\":\"\",\"sku\":\"12190\",\"l2\":\"Accessoire de p\u00E2tisserie\",\"sl\":\"moule-silicone-ovale-silikomart-12190\",\"sn\":\"moules\",\"idxP\":0},{\"mq\":\"Silikomart\",\"nm\":\"Moule silicone \u00E0 g\u00E2teau 8 2\\\/3\\\" x 1 2\\\/3\\\"\",\"nme\":\"Silicone Cake Mold 8 2\\\/3\\\" x 1 2\\\/3\\\"\",\"attr\":\"\",\"sku\":\"12236\",\"l2\":\"Accessoire de p\u00E2tisserie\",\"sl\":\"moule-silicone-a-gateau-8-23-x-1-23-silikomart-12236\",\"sn\":\"moules\",\"idxP\":0},{\"mq\":\"Silikomart\",\"nm\":\"Moule petit four Siliconflex\",\"nme\":\"Petit Four Siliconflex Mold\",\"attr\":\"\",\"sku\":\"12226\",\"l2\":\"Accessoire de p\u00E2tisserie\",\"sl\":\"moule-petit-four-siliconflex-silikomart-12226\",\"sn\":\"moules\",\"idxP\":0},{\"mq\":\"Silikomart\",\"nm\":\"Moule silicone savarin rectangle\",\"nme\":\"Rectangle Savarin Silicone Mold\",\"attr\":\"\",\"sku\":\"12193\",\"l2\":\"Accessoire de p\u00E2tisserie\",\"sl\":\"moule-silicone-savarin-rectangle-silikomart-12193\",\"sn\":\"moules\",\"idxP\":0},{\"mq\":\"Starfrit\",\"nm\":\"Contenant Lock N Lock \u00E0 jus 2L\\\/68oz\",\"nme\":\"2L\\\/68oz Juice Lock N Lock Container\",\"attr\":\"\",\"sku\":\"12441\",\"l2\":\"Service de table\",\"sl\":\"contenant-lock-n-lock-a-jus-2l68oz-starfrit-12441\",\"sn\":\"\",\"idxP\":0},{\"mq\":\"Starfrit\",\"nm\":\"Contenant Lock N Lock avec couvercle 5L\\\/169oz\",\"nme\":\"5L\\\/169oz Lock N Lock Container with Lid\",\"attr\":\"\",\"sku\":\"12440\",\"l2\":\"Contenant et pot\",\"sl\":\"contenant-lock-n-lock-avec-couvercle-5l169oz-starfrit-12440\",\"sn\":\"\",\"idxP\":0},{\"mq\":\"Starfrit\",\"nm\":\"Contenant Lock N Lock avec couvercle 12L\\\/406oz\",\"nme\":\"12L\\\/406oz Lock N Lock Container with Lid\",\"attr\":\"\",\"sku\":\"12438\",\"l2\":\"Contenant et pot\",\"sl\":\"contenant-lock-n-lock-avec-couvercle-12l406oz-starfrit-12438\",\"sn\":\"\",\"idxP\":0},{\"mq\":\"Starfrit\",\"nm\":\"Ensemble de couteaux avec \u00E9tui protecteur\",\"nme\":\"Knives with Protective Sleeve Kit\",\"attr\":\"\",\"sku\":\"12439\",\"l2\":\"Couteau de chef\",\"sl\":\"ensemble-de-couteaux-avec-etui-protecteur-starfrit-12439\",\"sn\":\"\",\"idxP\":0},{\"mq\":\"Martin\",\"nm\":\"R\u00E9chaud au butane 8000 BTU\",\"nme\":\"8000 BTU Butane Stove\",\"attr\":\"\",\"sku\":\"12466\",\"l2\":\"Service de table\",\"sl\":\"rechaud-au-butane-8000-btu-martin-12466\",\"sn\":\"\",\"idxP\":0},{\"mq\":\"Martin\",\"nm\":\"Br\u00FBleur au propane R-65 65000 BTU\",\"nme\":\"65000 BTU R-65 Propane Burner\",\"attr\":\"\",\"sku\":\"12467\",\"l2\":\"Buffet\",\"sl\":\"bruleur-au-propane-r-65-65000-btu-martin-12467\",\"sn\":\"\",\"idxP\":0},{\"mq\":\"Starfrit\",\"nm\":\"Po\u00EAle en fonte avec poign\u00E9e 30 cm The Rock\",\"nme\":\"The Rock 30 cm Cast Iron Pan with Handle\",\"attr\":\"\",\"sku\":\"12488\",\"l2\":\"Batterie de cuisine\",\"sl\":\"poele-en-fonte-avec-poignee-30-cm-the-rock-12488\",\"sn\":\"\",\"idxP\":17},{\"mq\":\"Starfrit\",\"nm\":\"Ouvre-bo\u00EEte MightiCan noir\",\"nme\":\"Black MightiCan Can Opener\",\"attr\":\"\",\"sku\":\"12512\",\"l2\":\"Ustensiles et accessoires\",\"sl\":\"ouvre-boite-mightican-noir-12512\",\"sn\":\"\",\"idxP\":0},{\"mq\":\"Cucina d'Abruzzo\",\"nm\":\"R\u00F4tissoire metal anti-adh\u00E9sif 43cm\",\"nme\":\"43cm Non-Stick Metal Roast Pan\",\"attr\":\"\",\"sku\":\"12521\",\"l2\":\"Batterie de cuisine\",\"sl\":\"rotissoire-metal-anti-adhesif-43cm-12521\",\"sn\":\"\",\"idxP\":30},{\"mq\":\"Martin\",\"nm\":\"Plaque de cuisson porcelaine 3 br\u00FBleurs 8500 BTU\",\"nme\":\"8500 BTU 3 Burners Porcelain Cooking Plate\",\"attr\":\"\",\"sku\":\"12523\",\"l2\":\"Ustensiles et accessoires\",\"sl\":\"plaque-de-cuisson-porcelaine-3-bruleurs-8500-btu-12523\",\"sn\":\"\",\"idxP\":1},{\"mq\":\"Kayali\",\"nm\":\"Plat coquille St-Jacques\",\"nme\":\"St-Jacques Shell Plate\",\"attr\":\"\",\"sku\":\"12631\",\"l2\":\"Service de table\",\"sl\":\"plat-coquille-st-jacques-12631\",\"sn\":\"\",\"idxP\":33},{\"mq\":\"Adamo\",\"nm\":\"Spatule perfor\u00E9e bois 30cm\",\"nme\":\"30cm Perforated Wooden Spatula\",\"attr\":\"\",\"sku\":\"12705\",\"l2\":\"Ustensiles et accessoires\",\"sl\":\"spatule-perforee-bois-30cm-12705\",\"sn\":\"\",\"idxP\":0},{\"mq\":\"Adamo\",\"nm\":\"Ciseaux \u00E0 pizza poign\u00E9es douces lame acier\",\"nme\":\"Steel Blade Soft Handles Pizza Scissors\",\"attr\":\"\",\"sku\":\"12706\",\"l2\":\"Ustensiles et accessoires\",\"sl\":\"ciseaux-a-pizza-poignees-douces-lame-acier-12706\",\"sn\":\"\",\"idxP\":0},{\"mq\":\"Adamo\",\"nm\":\"Fourchette spaghetti bois 30cm\",\"nme\":\"30cm Wooden Spaghetti Fork\",\"attr\":\"\",\"sku\":\"12708\",\"l2\":\"Ustensile de table\",\"sl\":\"fourchette-spaghetti-bois-30cm-12708\",\"sn\":\"\",\"idxP\":0},{\"mq\":\"Adamo\",\"nm\":\"Cuill\u00E8re ronde trou\u00E9e bois 30cm\",\"nme\":\"30cm Perforated Round Wooden Spoon\",\"attr\":\"\",\"sku\":\"12709\",\"l2\":\"Ustensile de table\",\"sl\":\"cuillere-ronde-trouee-bois-30cm-12709\",\"sn\":\"\",\"idxP\":0},{\"mq\":\"Adamo\",\"nm\":\"Cuill\u00E8re ronde bois 30cm\",\"nme\":\"30cm Round Wooden Spoon\",\"attr\":\"\",\"sku\":\"12710\",\"l2\":\"Ustensile de table\",\"sl\":\"cuillere-ronde-bois-30cm-12710\",\"sn\":\"\",\"idxP\":0},{\"mq\":\"Cuisinart\",\"nm\":\"R\u00F4tissoire avec grille 17\\\"\",\"nme\":\"17\\\" Roasting Pan with Rack\",\"attr\":\"\",\"sku\":\"12735\",\"l2\":\"Batterie de cuisine\",\"sl\":\"rotissoire-avec-grille-17-12735\",\"sn\":\"\",\"idxP\":0},{\"mq\":\"Cuisinart\",\"nm\":\"Presse hamburger fonte 6.5\\\"\",\"nme\":\"6.5\\\" Cast Iron Hamburger Press\",\"attr\":\"\",\"sku\":\"12741\",\"l2\":\"Batterie de cuisine\",\"sl\":\"presse-hamburger-fonte-65-12741\",\"sn\":\"\",\"idxP\":0},{\"mq\":\"Starfrit\",\"nm\":\"Ensemble 8 pi\u00E8ces garde-manger Lock N Lock\",\"nme\":\"Lock N Lock 8 Piece Pantry Set\",\"attr\":\"\",\"sku\":\"12750\",\"l2\":\"Contenant et pot\",\"sl\":\"ensemble-8-pieces-garde-manger-lock-n-lock-12750\",\"sn\":\"\",\"idxP\":0},{\"mq\":\"Kayali\",\"nm\":\"Pot Mason en verre 470ml\",\"nme\":\"Mason glass jar 470ml\",\"attr\":\"\",\"sku\":\"39205\",\"l2\":\"Contenant et pot\",\"sl\":\"pot-mason-en-verre-470ml-39205\",\"sn\":\"\",\"idxP\":22},{\"mq\":\"Kayali\",\"nm\":\"Pot Mason en verre 1L\",\"nme\":\"Mason glass jar 1L\",\"attr\":\"\",\"sku\":\"39292\",\"l2\":\"Contenant et pot\",\"sl\":\"pot-mason-en-verre-1l-39292\",\"sn\":\"\",\"idxP\":0},{\"mq\":\"Starfrit\",\"nm\":\"Ensemble 2 plats cuisson c\u00E9ramique The Rock\",\"nme\":\"The Rock 2 Piece Ceramic Ovenware\",\"attr\":\"\",\"sku\":\"12764\",\"l2\":\"Batterie de cuisine\",\"sl\":\"ensemble-2-plats-cuisson-ceramique-the-rock-12764\",\"sn\":\"\",\"idxP\":0},{\"mq\":\"Oggi\",\"nm\":\"Bac \u00E0 gla\u00E7on carr\u00E9\",\"nme\":\"Square Ice Cube Tray\",\"attr\":\"\",\"sku\":\"12940\",\"l2\":\"Ustensiles et accessoires\",\"sl\":\"bac-a-glacon-carre-12940\",\"sn\":\"plateau\",\"idxP\":0},{\"mq\":\"Oggi\",\"nm\":\"Bac \u00E0 gla\u00E7on rond\",\"nme\":\"Round Ice Cube Tray\",\"attr\":\"\",\"sku\":\"12949\",\"l2\":\"Ustensiles et accessoires\",\"sl\":\"bac-a-glacon-rond-12949\",\"sn\":\"plateau\",\"idxP\":0},{\"mq\":\"Victoria\",\"nm\":\"Cocotte combo 5.7L\",\"nme\":\"5.7L Combo Dutch Oven\",\"attr\":\"\",\"sku\":\"12951\",\"l2\":\"Batterie de cuisine\",\"sl\":\"cocotte-combo-57l-12951\",\"sn\":\"\",\"idxP\":0},{\"mq\":\"Joseph Joseph\",\"nm\":\"Recharge pour brosse vaisselle\",\"nme\":\"Dish Scrubber Recharge\",\"attr\":\"\",\"sku\":\"12954\",\"l2\":\"Ustensiles et accessoires\",\"sl\":\"recharge-pour-brosse-vaisselle-12954\",\"sn\":\"\",\"idxP\":0},{\"mq\":\"Joseph Joseph\",\"nm\":\"Recharge tampon \u00E0 r\u00E9curer\",\"nme\":\"Scrubber Refill\",\"attr\":\"\",\"sku\":\"12955\",\"l2\":\"Ustensiles et accessoires\",\"sl\":\"recharge-tampon-a-recurer-12955\",\"sn\":\"\",\"idxP\":0},{\"mq\":\"Joseph Joseph\",\"nm\":\"Brosse vaisselle r\u00E9servoir savon\",\"nme\":\"Dish Brush with Soap Dispenser\",\"attr\":\"\",\"sku\":\"12956\",\"l2\":\"Ustensiles et accessoires\",\"sl\":\"brosse-vaisselle-reservoir-savon-12956\",\"sn\":\"\",\"idxP\":0},{\"mq\":\"Victoria\",\"nm\":\"Po\u00EAle en fonte 30cm\",\"nme\":\"30cm Cast Iron Skillet\",\"attr\":\"\",\"sku\":\"12963\",\"l2\":\"Batterie de cuisine\",\"sl\":\"poele-en-fonte-30cm-12963\",\"sn\":\"\",\"idxP\":0},{\"mq\":\"Victoria\",\"nm\":\"Po\u00EAle carr\u00E9e en fonte 25cm\",\"nme\":\"25cm Square Cast Iron Skillet\",\"attr\":\"\",\"sku\":\"12964\",\"l2\":\"Batterie de cuisine\",\"sl\":\"poele-carree-en-fonte-25cm-12964\",\"sn\":\"\",\"idxP\":0},{\"mq\":\"Victoria\",\"nm\":\"Po\u00EAle en fonte 20cm\",\"nme\":\"20cm Cast Iron Skillet\",\"attr\":\"\",\"sku\":\"12965\",\"l2\":\"Batterie de cuisine\",\"sl\":\"poele-en-fonte-20cm-12965\",\"sn\":\"\",\"idxP\":0},{\"mq\":\"Joseph Joseph\",\"nm\":\"Brosse vaisselle r\u00E9servoir savon\",\"nme\":\"Dish Brush with Soap Dispenser\",\"attr\":\"\",\"sku\":\"13051\",\"l2\":\"Ustensiles et accessoires\",\"sl\":\"brosse-vaisselle-reservoir-savon-13051\",\"sn\":\"\",\"idxP\":0},{\"mq\":\"H\u00E9ritage\",\"nm\":\"Bouilloire \u00E9lectrique plastique noir Alston 1L\",\"nme\":\"1L Alson Black Plastic Electric Kettle\",\"attr\":\"\",\"sku\":\"13056\",\"l2\":\"Service de table\",\"sl\":\"bouilloire-electrique-plastique-noir-alston-1l-13056\",\"sn\":\"\",\"idxP\":0},{\"mq\":\"Starfrit\",\"nm\":\"Po\u00EAle \u00E0 d\u00E9jeuner 23cm\",\"nme\":\"23cm Breakfast Frying Pan\",\"attr\":\"\",\"sku\":\"13060\",\"l2\":\"Batterie de cuisine\",\"sl\":\"poele-a-dejeuner-23cm-13060\",\"sn\":\"\",\"idxP\":0},{\"mq\":\"Starfrit\",\"nm\":\"Pompe pr\u00E9server vin 2 bouchons\",\"nme\":\"2 Stoppers Wine Preserving Pump\",\"attr\":\"\",\"sku\":\"13063\",\"l2\":\"Ustensiles et accessoires\",\"sl\":\"pompe-preserver-vin-2-bouchons-13063\",\"sn\":\"\",\"idxP\":0},{\"mq\":\"Starfrit\",\"nm\":\"Contenant ensemble mixte Lock N Lock PP verre\",\"nme\":\"PP Glass Lock N Lock Mixed Container Set\",\"attr\":\"\",\"sku\":\"13064\",\"l2\":\"Contenant et pot\",\"sl\":\"contenant-ensemble-mixte-lock-n-lock-pp-verre-13064\",\"sn\":\"\",\"idxP\":0},{\"mq\":\"Trudeau\",\"nm\":\"Verres \u00E0 vin rouge 18oz\",\"nme\":\"18oz Red Wine Glasses\",\"attr\":\"\",\"sku\":\"13139\",\"l2\":\"Verrerie\",\"sl\":\"verres-a-vin-rouge-18oz-13139\",\"sn\":\"\",\"idxP\":0},{\"mq\":\"Artika\",\"nm\":\"Verre ensemble 12 morceaux 6x10oz 6x16oz\",\"nme\":\"6x10oz 6x16oz 12 Pieces Glass Set\",\"attr\":\"\",\"sku\":\"13140\",\"l2\":\"Verrerie\",\"sl\":\"verre-ensemble-12-morceaux-6x10oz-6x16oz-13140\",\"sn\":\"\",\"idxP\":0},{\"mq\":\"Agga\",\"nm\":\"Cafeti\u00E8re espresso barista blanche\",\"nme\":\"White Barista Espresso Coffee Machine\",\"attr\":\"\",\"sku\":\"13696\",\"l2\":\"Service de table\",\"sl\":\"cafetiere-espresso-barista-blanche-13696\",\"sn\":\"\",\"idxP\":0},{\"mq\":\"Agga\",\"nm\":\"Cafeti\u00E8re espresso barista noire\",\"nme\":\"Black Barista Espresso Coffee Machine\",\"attr\":\"\",\"sku\":\"13697\",\"l2\":\"Service de table\",\"sl\":\"cafetiere-espresso-barista-noire-13697\",\"sn\":\"\",\"idxP\":0},{\"mq\":\"Adamo\",\"nm\":\"Couteau \u00E0 hu\u00EEtre\",\"nme\":\"Oyster Shucker\",\"attr\":\"\",\"sku\":\"13969\",\"l2\":\"Ustensile de table\",\"sl\":\"couteau-a-huitre-13969\",\"sn\":\"\",\"idxP\":2},{\"mq\":\"Adamo\",\"nm\":\"Tubes \u00E0 canoli sicilien\",\"nme\":\"Sicilian Canoli Tubes\",\"attr\":\"\",\"sku\":\"13970\",\"l2\":\"Accessoire de p\u00E2tisserie\",\"sl\":\"tubes-a-canoli-sicilien-13970\",\"sn\":\"\",\"idxP\":2},{\"mq\":\"Adamo\",\"nm\":\"\u00C9tampe \u00E0 ravioli 60mm\",\"nme\":\"60mm Ravioli Poincer\",\"attr\":\"\",\"sku\":\"13972\",\"l2\":\"Ustensiles et accessoires\",\"sl\":\"etampe-a-ravioli-60mm-13972\",\"sn\":\"\",\"idxP\":0},{\"mq\":\"Safdie\",\"nm\":\"Verre Baroque pour Highball\",\"nme\":\"Highball Baroque Glass\",\"attr\":\"\",\"sku\":\"14064\",\"l2\":\"Verrerie\",\"sl\":\"verre-baroque-pour-highball-14064\",\"sn\":\"\",\"idxP\":0},{\"mq\":\"Safdie\",\"nm\":\"Verre Baroque pour Old Fashioned\",\"nme\":\"Old Fashioned Baroque Glass\",\"attr\":\"\",\"sku\":\"14065\",\"l2\":\"Verrerie\",\"sl\":\"verre-baroque-pour-old-fashioned-14065\",\"sn\":\"\",\"idxP\":0},{\"mq\":\"Safdie\",\"nm\":\"Verre \u00E0 vin Maldive\",\"nme\":\"Maldive Wine Glass\",\"attr\":\"\",\"sku\":\"14066\",\"l2\":\"Verrerie\",\"sl\":\"verre-a-vin-maldive-14066\",\"sn\":\"\",\"idxP\":0},{\"mq\":\"Safdie\",\"nm\":\"Verre \u00E0 vin Amber\",\"nme\":\"Amber Wine Glass\",\"attr\":\"\",\"sku\":\"14067\",\"l2\":\"Verrerie\",\"sl\":\"verre-a-vin-amber-14067\",\"sn\":\"\",\"idxP\":0},{\"mq\":\"Safdie\",\"nm\":\"Tasse verre tremp\u00E9 \u00E0 latt\u00E9\",\"nme\":\"Tempered Glass Latte Mug\",\"attr\":\"\",\"sku\":\"14070\",\"l2\":\"Verrerie\",\"sl\":\"tasse-verre-trempe-a-latte-14070\",\"sn\":\"\",\"idxP\":0},{\"mq\":\"Safdie\",\"nm\":\"Verre \u00E0 vin Bolero\",\"nme\":\"Bolero Wine Glass\",\"attr\":\"\",\"sku\":\"14071\",\"l2\":\"Verrerie\",\"sl\":\"verre-a-vin-bolero-14071\",\"sn\":\"\",\"idxP\":0},{\"mq\":\"Eurodib\",\"nm\":\"Grille \u00E0 panini\",\"nme\":\"Panini Grill\",\"attr\":\"\",\"sku\":\"23305\",\"l2\":\"Appareil de cuisine\",\"sl\":\"grille-a-panini-eurodib-23305\",\"sn\":\"commercial\",\"idxP\":9},{\"mq\":\"IEL\",\"nm\":\"Contenant rectangulaire #60518 avec couvercle\",\"nme\":\"Rectangular Container #60518 with Lid\",\"attr\":\"\",\"sku\":\"19208\",\"l2\":\"Bac\",\"sl\":\"contenant-rectangulaire-60518-avec-couvercle-iel-19208\",\"sn\":\"\",\"idxP\":92},{\"mq\":\"IEL\",\"nm\":\"Contenant rectangulaire #60517 avec couvercle\",\"nme\":\"Rectangular Container #60517 with Lid\",\"attr\":\"\",\"sku\":\"19209\",\"l2\":\"Bac\",\"sl\":\"contenant-rectangulaire-60517-avec-couvercle-iel-19209\",\"sn\":\"\",\"idxP\":87},{\"mq\":\"IEL\",\"nm\":\"Contenant rectangulaire avec couvercle\",\"nme\":\"Rectangular Container with Lid\",\"attr\":\"\",\"sku\":\"49960\",\"l2\":\"Bac\",\"sl\":\"contenant-rectangulaire-avec-couvercle-iel-49960\",\"sn\":\"\",\"idxP\":85},{\"mq\":\"Eurodib\",\"nm\":\"Sac sous-vide gaufr\u00E9 8\\\"x12\\\"\",\"nme\":\"Vacuum Sealer Channelled Cooking Bag 8\\\"x 12\\\"\",\"attr\":\"\",\"sku\":\"23310\",\"l2\":\"Autre\",\"sl\":\"sac-sous-vide-gaufre-8x12-eurodib-23310\",\"sn\":\"\",\"idxP\":85},{\"mq\":\"Eurodib\",\"nm\":\"Sac sous-vide lisse 8\\\"x10\\\" conservation\",\"nme\":\"Vacuum Sealer Smooth Bag 8\\\"x10\\\" conservation\",\"attr\":\"\",\"sku\":\"23313\",\"l2\":\"Autre\",\"sl\":\"sac-sous-vide-lisse-8x10-conservation-eurodib-23313\",\"sn\":\"\",\"idxP\":79},{\"mq\":\"IEL\",\"nm\":\"Contenant avec couvercle naturel\",\"nme\":\"Natural Container with Cover 4L\",\"attr\":\"\",\"sku\":\"26865\",\"l2\":\"Bac\",\"sl\":\"contenant-avec-couvercle-naturel-iel-26865\",\"sn\":\"\",\"idxP\":44},{\"mq\":\"IEL\",\"nm\":\"Seau en plastique avec anse blanc 3.9L\",\"nme\":\"White Plastic Hand Bucket 3.9L\",\"attr\":\"\",\"sku\":\"26869\",\"l2\":\"Bac\",\"sl\":\"seau-en-plastique-avec-anse-blanc-3.9l-iel-26869\",\"sn\":\"\",\"idxP\":50},{\"mq\":\"IEL\",\"nm\":\"Seau anse metal blanc 21.5L\",\"nme\":\"White handle metal Bucket 21,5L\",\"attr\":\"\",\"sku\":\"26872\",\"l2\":\"Bac\",\"sl\":\"seau-anse-metal-blanc-21.5l-iel-26872\",\"sn\":\"\",\"idxP\":69},{\"mq\":\"IEL\",\"nm\":\"Contenant rectangle avec anse blanc 8L\",\"nme\":\"White with Handle Rectangular Container 8L\",\"attr\":\"\",\"sku\":\"26867\",\"l2\":\"Bac\",\"sl\":\"contenant-rectangle-avec-anse-blanc-8l-iel-26867\",\"sn\":\"\",\"idxP\":42},{\"mq\":\"IEL\",\"nm\":\"Couvercle blanc\",\"nme\":\"White Cover\",\"attr\":\"\",\"sku\":\"26870\",\"l2\":\"Bac\",\"sl\":\"couvercle-blanc-iel-26870\",\"sn\":\"\",\"idxP\":34},{\"mq\":\"IEL\",\"nm\":\"Seau en plastique avec anse blanc 5L\",\"nme\":\"White Plastic Hand Bucket 5L\",\"attr\":\"\",\"sku\":\"26871\",\"l2\":\"Bac\",\"sl\":\"seau-en-plastique-avec-anse-blanc-5l-iel-26871\",\"sn\":\"\",\"idxP\":34},{\"mq\":\"IEL\",\"nm\":\"Contenant rondavec couvercle #60513\",\"nme\":\"Round Container with Cover #60513\",\"attr\":\"\",\"sku\":\"49023\",\"l2\":\"Bac\",\"sl\":\"contenant-rondavec-couvercle-60513-iel-49023\",\"sn\":\"\",\"idxP\":30},{\"mq\":\"IEL\",\"nm\":\"Contenant rectangulaire #60520 + couvercle 4.86L\",\"nme\":\"Rectangular Container #60520 + Lid 4.86L\",\"attr\":\"\",\"sku\":\"13488\",\"l2\":\"Bac\",\"sl\":\"contenant-rectangulaire-60520-couvercle-4.86l-iel-13488\",\"sn\":\"\",\"idxP\":35},{\"mq\":\"IEL\",\"nm\":\"Couvercle carr\u00E9 sans joint \u00E9tanche blanc\",\"nme\":\"White Square Without Seal Joint Cover\",\"attr\":\"\",\"sku\":\"26883\",\"l2\":\"Bac\",\"sl\":\"couvercle-carre-sans-joint-etanche-blanc-iel-26883\",\"sn\":\"\",\"idxP\":35},{\"mq\":\"IEL\",\"nm\":\"Couvert articul\u00E9 inpack blanc\",\"nme\":\"White Articulated Inpack Cover\",\"attr\":\"\",\"sku\":\"26868\",\"l2\":\"Bac\",\"sl\":\"couvert-articule-inpack-blanc-iel-26868\",\"sn\":\"\",\"idxP\":49},{\"mq\":\"IEL\",\"nm\":\"Couvercle blanc\",\"nme\":\"White Cover\",\"attr\":\"\",\"sku\":\"26873\",\"l2\":\"Bac\",\"sl\":\"couvercle-blanc-iel-26873\",\"sn\":\"\",\"idxP\":51},{\"mq\":\"Rabco\",\"nm\":\"Mitaine \u00E0 four noire 17\\\"\",\"nme\":\"Black oven mitt 17\\\"\",\"attr\":\"\",\"sku\":\"00039\",\"l2\":\"V\u00EAtement\",\"sl\":\"mitaine-a-four-noire-17-rabco-00039\",\"sn\":\"\",\"idxP\":22},{\"mq\":\"IEL\",\"nm\":\"Seau en plastique carr\u00E9e avec anse blanc 15.3L\",\"nme\":\"White Plastic Square Handle Bucket 15.3L\",\"attr\":\"\",\"sku\":\"26882\",\"l2\":\"Bac\",\"sl\":\"seau-en-plastique-carree-avec-anse-blanc-15.3l-iel-26882\",\"sn\":\"\",\"idxP\":50},{\"mq\":\"Rabco\",\"nm\":\"Tablier noir bavette 1 poche\",\"nme\":\"Black bib apron 1 pocket\",\"attr\":\"\",\"sku\":\"08706\",\"l2\":\"V\u00EAtement\",\"sl\":\"tablier-noir-bavette-1-poche-rabco-08706\",\"sn\":\"\",\"idxP\":4},{\"mq\":\"IEL\",\"nm\":\"Contenant avec couvercle transparent 2.5L\",\"nme\":\"Clear Container with Cover 2.5L\",\"attr\":\"\",\"sku\":\"26864\",\"l2\":\"Bac\",\"sl\":\"contenant-avec-couvercle-transparent-2.5l-iel-26864\",\"sn\":\"\",\"idxP\":66},{\"mq\":\"Lapaco\",\"nm\":\"Filet \u00E0 cheveux de chef invisible\",\"nme\":\"Brown Invisible Chef's Hair Net\",\"attr\":\"\",\"sku\":\"19454\",\"l2\":\"V\u00EAtement\",\"sl\":\"filet-a-cheveux-de-chef-invisible-lapaco-19454\",\"sn\":\"\",\"idxP\":64},{\"mq\":\"Sagetra\",\"nm\":\"Contenant carr\u00E9 transparent 12L\",\"nme\":\"Clear Square Container 12L\",\"attr\":\"\",\"sku\":\"21129\",\"l2\":\"Bac\",\"sl\":\"contenant-carre-transparent-12l-sagetra-21129\",\"sn\":\"transparent\",\"idxP\":13},{\"mq\":\"Sagetra\",\"nm\":\"Contenant carr\u00E9 transparent 2 L\",\"nme\":\"Clear Square Container 2 L\",\"attr\":\"\",\"sku\":\"21137\",\"l2\":\"Bac\",\"sl\":\"contenant-carre-transparent-2-l-sagetra-21137\",\"sn\":\"transparent\",\"idxP\":23},{\"mq\":\"Rabco\",\"nm\":\"Mitaine \u00E0 four 17\\\" 100% cotton\",\"nme\":\"Oven mitt 17\\\" 100% cotton\",\"attr\":\"\",\"sku\":\"13518\",\"l2\":\"V\u00EAtement\",\"sl\":\"mitaine-a-four-17-100-cotton-rabco-13518\",\"sn\":\"\",\"idxP\":0},{\"mq\":\"Sagetra\",\"nm\":\"Couvercle carr\u00E9 en poly\u00E9thyl\u00E8ne rouge\",\"nme\":\"Square Polyethylene Red Cover\",\"attr\":\"\",\"sku\":\"21127\",\"l2\":\"Bac\",\"sl\":\"couvercle-carre-en-polyethylene-rouge-sagetra-21127\",\"sn\":\"\",\"idxP\":7},{\"mq\":\"Sagetra\",\"nm\":\"Contenant carr\u00E9 transparent 18L\",\"nme\":\"Clear Square Container 18L\",\"attr\":\"\",\"sku\":\"21130\",\"l2\":\"Bac\",\"sl\":\"contenant-carre-transparent-18l-sagetra-21130\",\"sn\":\"transparent\",\"idxP\":16},{\"mq\":\"Rabco\",\"nm\":\"Pique-note 6\\\"\",\"nme\":\"Spindle Check 6\\\"\",\"attr\":\"\",\"sku\":\"13392\",\"l2\":\"Papeterie\",\"sl\":\"pique-note-6-rabco-13392\",\"sn\":\"\",\"idxP\":20},{\"mq\":\"Sagetra\",\"nm\":\"Chariot aluminium pour t\u00F4les \u00E0 biscuits 12 \u00E9tages\",\"nme\":\"Aluminum Bun Pan Rack 12 Rows\",\"attr\":\"\",\"sku\":\"25213\",\"l2\":\"Chariot\",\"sl\":\"chariot-aluminium-pour-toles-a-biscuits-12-etages-sagetra-25213\",\"sn\":\"\",\"idxP\":6},{\"mq\":\"Sagetra\",\"nm\":\"Chariot aluminium pour t\u00F4les \u00E0 biscuits 20 \u00E9tages\",\"nme\":\"Aluminum Bun Pan Rack 20 Rows\",\"attr\":\"\",\"sku\":\"23876\",\"l2\":\"Chariot\",\"sl\":\"chariot-aluminium-pour-toles-a-biscuits-20-etages-sagetra-23876\",\"sn\":\"\",\"idxP\":1},{\"mq\":\"Dynamic\",\"nm\":\"M\u00E9langeur MiniPro\",\"nme\":\"MiniPro Mixer\",\"attr\":\"\",\"sku\":\"24095\",\"l2\":\"Appareil de cuisine\",\"sl\":\"melangeur-minipro-dynamic-24095\",\"sn\":\"\",\"idxP\":32},{\"mq\":\"Eurodib\",\"nm\":\"Soupi\u00E8re professionnelle 10 L\",\"nme\":\"Commercial Soup Kettle 10 L\",\"attr\":\"\",\"sku\":\"23306\",\"l2\":\"Appareil de cuisine\",\"sl\":\"soupiere-professionnelle-10-l-eurodib-23306\",\"sn\":\"commercial\",\"idxP\":11},{\"mq\":\"Sagetra\",\"nm\":\"Housse plastique transparente pour chariot 18\\\"x26\\\"\",\"nme\":\"Plastic Cover for Pan Rack 18\\\"x26\\\"\",\"attr\":\"\",\"sku\":\"23878\",\"l2\":\"Chariot\",\"sl\":\"housse-plastique-transparente-pour-chariot-18x26-sagetra-23878\",\"sn\":\"\",\"idxP\":2},{\"mq\":\"Sagetra\",\"nm\":\"Housse plastique pour chariot 18\\\"x26\\\"\",\"nme\":\"Plastic Cover for Pan Rack 18\\\"x26\\\"\",\"attr\":\"\",\"sku\":\"23877\",\"l2\":\"Chariot\",\"sl\":\"housse-plastique-pour-chariot-18x26-sagetra-23877\",\"sn\":\"\",\"idxP\":3},{\"mq\":\"Adamo\",\"nm\":\"Machine \u00E0 tomate \u00E9lectrique\",\"nme\":\"Electric Tomato Machine #2455\",\"attr\":\"\",\"sku\":\"26070\",\"l2\":\"Appareil de cuisine\",\"sl\":\"machine-a-tomate-electrique-adamo-26070\",\"sn\":\"tomates\",\"idxP\":7},{\"mq\":\"Trudeau\",\"nm\":\"Ensemble de 3 marqueurs lavables\",\"nme\":\"Set of 3 Washable Pens\",\"attr\":\"\",\"sku\":\"26859\",\"l2\":\"Papeterie\",\"sl\":\"ensemble-de-3-marqueurs-lavables-trudeau-26859\",\"sn\":\"\",\"idxP\":15},{\"mq\":\"Eurodib\",\"nm\":\"Trancheur de viande 12\\\"\",\"nme\":\"Meat Slicer 12\\\"\",\"attr\":\"\",\"sku\":\"25817\",\"l2\":\"Appareil de cuisine\",\"sl\":\"trancheur-de-viande-12-eurodib-25817\",\"sn\":\"\",\"idxP\":1},{\"mq\":\"Eurodib\",\"nm\":\"Trancheur \u00E0 viande 12\\\"\",\"nme\":\"Meat Slicer 12\\\"\",\"attr\":\"\",\"sku\":\"25816\",\"l2\":\"Appareil de cuisine\",\"sl\":\"trancheur-a-viande-12-eurodib-25816\",\"sn\":\"\",\"idxP\":32}], [{\"mq\":\"Orly\",\"nm\":\"Poign\u00E9e pour couvercle titanium\",\"nme\":\"Knob titanium for Glass Lid\",\"attr\":\"\",\"sku\":\"38253\",\"l2\":\"V\u00EAtement\",\"sl\":\"poignee-pour-couvercle-titanium-orly-38253\",\"sn\":\"\",\"idxP\":14},{\"mq\":\"Orly\",\"nm\":\"Mitaine pour le four orange 33 cm \\\/ 13 \\\"\",\"nme\":\"Orange Oven Mitt 35 cm \\\/ 13 \\\"\",\"attr\":\"\",\"sku\":\"42057\",\"l2\":\"V\u00EAtement\",\"sl\":\"mitaine-pour-le-four-orange-33-cm-13-orly-42057\",\"sn\":\"\",\"idxP\":19},{\"mq\":\"Sagetra\",\"nm\":\"Couvercle carr\u00E9 en poly\u00E9thyl\u00E8ne bleu\",\"nme\":\"Square Polyethylene Blue Cover\",\"attr\":\"\",\"sku\":\"21126\",\"l2\":\"Bac\",\"sl\":\"couvercle-carre-en-polyethylene-bleu-sagetra-21126\",\"sn\":\"\",\"idxP\":15},{\"mq\":\"Sagetra\",\"nm\":\"Couvercle pour conteneur alimentaire poly\u00E9thyl\u00E8ne\",\"nme\":\"Cover for Polyethylene Food Storage Container\",\"attr\":\"\",\"sku\":\"25104\",\"l2\":\"Bac\",\"sl\":\"couvercle-pour-conteneur-alimentaire-polyethylene-sagetra-25104\",\"sn\":\"\",\"idxP\":15},{\"mq\":\"Sagetra\",\"nm\":\"Conteneur alimentaire NSF 45 litres\",\"nme\":\"45 liter NSF food container\",\"attr\":\"\",\"sku\":\"25103\",\"l2\":\"Bac\",\"sl\":\"conteneur-alimentaire-nsf-45-litres-sagetra-25103\",\"sn\":\"\",\"idxP\":14},{\"mq\":\"Sagetra\",\"nm\":\"Conteneur alimentaire NSF 30 litres\",\"nme\":\"30 liter NSF food container\",\"attr\":\"\",\"sku\":\"25102\",\"l2\":\"Bac\",\"sl\":\"conteneur-alimentaire-nsf-30-litres-sagetra-25102\",\"sn\":\"\",\"idxP\":15},{\"mq\":\"Sagetra\",\"nm\":\"Extension 16 compartiments cr\u00E9maill\u00E8re grise\",\"nme\":\"Grey Rack 16 Compartments Extension\",\"attr\":\"\",\"sku\":\"42169\",\"l2\":\"Bac\",\"sl\":\"extension-16-compartiments-cremaillere-grise-sagetra-42169\",\"sn\":\"\",\"idxP\":2},{\"mq\":\"Sagetra\",\"nm\":\"Extension 36 compartiments cr\u00E9maill\u00E8re grise\",\"nme\":\"Grey Rack 36 Compartments Extension\",\"attr\":\"\",\"sku\":\"42167\",\"l2\":\"Bac\",\"sl\":\"extension-36-compartiments-cremaillere-grise-sagetra-42167\",\"sn\":\"\",\"idxP\":2},{\"mq\":\"Sagetra\",\"nm\":\"Extension 25 compartiments cr\u00E9mailli\u00E8re grise\",\"nme\":\"Grey Rack 25 Compartments Extension\",\"attr\":\"\",\"sku\":\"42168\",\"l2\":\"Bac\",\"sl\":\"extension-25-compartiments-cremailliere-grise-sagetra-42168\",\"sn\":\"\",\"idxP\":3},{\"mq\":\"Sagetra\",\"nm\":\"Cr\u00E9mailli\u00E8re \u00E0 tasse ouverte grise\",\"nme\":\"Grey Open Cup Rack\",\"attr\":\"\",\"sku\":\"42173\",\"l2\":\"Bac\",\"sl\":\"cremailliere-a-tasse-ouverte-grise-sagetra-42173\",\"sn\":\"\",\"idxP\":3},{\"mq\":\"Sagetra\",\"nm\":\"Bac \u00E0 coutellerie\",\"nme\":\"Cutlery Basket\",\"attr\":\"\",\"sku\":\"23764\",\"l2\":\"Bac\",\"sl\":\"bac-a-coutellerie-sagetra-23764\",\"sn\":\"\",\"idxP\":12},{\"mq\":\"Sagetra\",\"nm\":\"Cr\u00E9mailli\u00E8re \u00E0 coutellerie grise\",\"nme\":\"Grey Rack Base For Flatware\",\"attr\":\"\",\"sku\":\"42170\",\"l2\":\"Bac\",\"sl\":\"cremailliere-a-coutellerie-grise-sagetra-42170\",\"sn\":\"\",\"idxP\":2},{\"mq\":\"Axia\",\"nm\":\"Tapis anti-fatigue rouge 3'x5'\",\"nme\":\"Red Carpet anti-fatigue 3'x5'\",\"attr\":\"\",\"sku\":\"26848\",\"l2\":\"Tapis\",\"sl\":\"tapis-anti-fatigue-rouge-3x5-axia-26848\",\"sn\":\"\",\"idxP\":12},{\"mq\":\"Axia\",\"nm\":\"Tapis anti-fatigue noir 3\\\"x5\\\"\",\"nme\":\"Black Carpet anti-fatigue 3\\\"x5\\\"\",\"attr\":\"\",\"sku\":\"26846\",\"l2\":\"Tapis\",\"sl\":\"tapis-anti-fatigue-noir-3x5-axia-26846\",\"sn\":\"\",\"idxP\":35},{\"mq\":\"Sagetra\",\"nm\":\"Base de cr\u00E9maill\u00E8re 16 compartiments\",\"nme\":\"Grey Rack Base 16 Compartments\",\"attr\":\"\",\"sku\":\"42166\",\"l2\":\"Bac\",\"sl\":\"base-de-cremaillere-16-compartiments-sagetra-42166\",\"sn\":\"\",\"idxP\":1},{\"mq\":\"Sagetra\",\"nm\":\"Base de cr\u00E9maill\u00E8re pour plat et plateau\",\"nme\":\"Grey Rack Base For Plate and Tray\",\"attr\":\"\",\"sku\":\"42171\",\"l2\":\"Bac\",\"sl\":\"base-de-cremaillere-pour-plat-et-plateau-sagetra-42171\",\"sn\":\"plateau\",\"idxP\":5},{\"mq\":\"Sagetra\",\"nm\":\"Base de cr\u00E9maill\u00E8re 25 compartiments\",\"nme\":\"Grey Rack Base 25 Compartments\",\"attr\":\"\",\"sku\":\"42165\",\"l2\":\"Bac\",\"sl\":\"base-de-cremaillere-25-compartiments-sagetra-42165\",\"sn\":\"\",\"idxP\":1},{\"mq\":\"Sagetra\",\"nm\":\"Base de cr\u00E9maill\u00E8re 36 compartiments\",\"nme\":\"Grey Rack Base 36 Compartments\",\"attr\":\"\",\"sku\":\"42164\",\"l2\":\"Bac\",\"sl\":\"base-de-cremaillere-36-compartiments-sagetra-42164\",\"sn\":\"\",\"idxP\":2},{\"mq\":\"Rabco\",\"nm\":\"Tablier en vinyle\",\"nme\":\"Vinyl Apron\",\"attr\":\"\",\"sku\":\"26018\",\"l2\":\"V\u00EAtement\",\"sl\":\"tablier-en-vinyle-rabco-26018\",\"sn\":\"\",\"idxP\":18},{\"mq\":\"Nap-art\",\"nm\":\"Carnet factures de livraison 3 feuilles\",\"nme\":\"Delivery Invoice Pad 3 Sheets\",\"attr\":\"\",\"sku\":\"42117\",\"l2\":\"Papeterie\",\"sl\":\"carnet-factures-de-livraison-3-feuilles-nap-art-42117\",\"sn\":\"\",\"idxP\":36},{\"mq\":\"Rabco\",\"nm\":\"Tablier noir 4 poches\",\"nme\":\"Black Apron 4 Pockets\",\"attr\":\"\",\"sku\":\"26237\",\"l2\":\"V\u00EAtement\",\"sl\":\"tablier-noir-4-poches-rabco-26237\",\"sn\":\"\",\"idxP\":10},{\"mq\":\"Rabco\",\"nm\":\"Tablier blanc bavette\",\"nme\":\"White bib Apron 1 Pocket\",\"attr\":\"\",\"sku\":\"39939\",\"l2\":\"V\u00EAtement\",\"sl\":\"tablier-blanc-bavette-rabco-39939\",\"sn\":\"\",\"idxP\":3},{\"mq\":\"Nap-art\",\"nm\":\"Carnet de notes de repas 1 feuille\",\"nme\":\"Lunch Invoices Pad 1 Sheet\",\"attr\":\"\",\"sku\":\"42120\",\"l2\":\"Papeterie\",\"sl\":\"carnet-de-notes-de-repas-1-feuille-nap-art-42120\",\"sn\":\"\",\"idxP\":27},{\"mq\":\"Globe\",\"nm\":\"Lames de remplacement pour item 4200\",\"nme\":\"Replacement Blade for Item 4200\",\"attr\":\"\",\"sku\":\"27903\",\"l2\":\"Papeterie\",\"sl\":\"lames-de-remplacement-pour-item-4200-globe-27903\",\"sn\":\"\",\"idxP\":10},{\"mq\":\"Arco\",\"nm\":\"Tablier solide\",\"nme\":\"Apron Solid\",\"attr\":\"\",\"sku\":\"24962\",\"l2\":\"V\u00EAtement\",\"sl\":\"tablier-solide-arco-24962\",\"sn\":\"\",\"idxP\":34},{\"mq\":\"Arco\",\"nm\":\"Ensemble de gants de four couleur uni\",\"nme\":\"Solid Color Oven Mitt Set\",\"attr\":\"\",\"sku\":\"27555\",\"l2\":\"V\u00EAtement\",\"sl\":\"ensemble-de-gants-de-four-couleur-uni-arco-27555\",\"sn\":\"\",\"idxP\":47},{\"mq\":\"Berwick\",\"nm\":\"Ruban blanc 3\\\/16\\\" 500V\",\"nme\":\"White Ribbon 3\\\/16\\\" 500V\",\"attr\":\"\",\"sku\":\"33231\",\"l2\":\"Papeterie\",\"sl\":\"ruban-blanc-316-500v-berwick-33231\",\"sn\":\"\",\"idxP\":4},{\"mq\":\"Classic\",\"nm\":\"Bloc notes de repas\",\"nme\":\"Food Memo Pad\",\"attr\":\"\",\"sku\":\"46491\",\"l2\":\"Papeterie\",\"sl\":\"bloc-notes-de-repas-classic-46491\",\"sn\":\"\",\"idxP\":29},{\"mq\":\"Starfrit\",\"nm\":\"Couvercle protecteur micro-ondes\",\"nme\":\"Microwave Food Cover\",\"attr\":\"\",\"sku\":\"28601\",\"l2\":\"Bac\",\"sl\":\"couvercle-protecteur-micro-ondes-starfrit-28601\",\"sn\":\"\",\"idxP\":16},{\"mq\":\"Mi-Ma Pack\",\"nm\":\"Rouleau de caisse enregistreuse 3.18 x 200\\\"\",\"nme\":\"Cash Register Roll 3.18 x 200\\\"\",\"attr\":\"\",\"sku\":\"29152\",\"l2\":\"Papeterie\",\"sl\":\"rouleau-de-caisse-enregistreuse-3.18-x-200-mi-ma-pack-29152\",\"sn\":\"\",\"idxP\":52},{\"mq\":\"Mi-Ma Pack\",\"nm\":\"Rouleau de caisse enregistreuse 2.14 x 60\\\"\",\"nme\":\"Cash Register Roll 2.14 x 60\\\"\",\"attr\":\"\",\"sku\":\"29153\",\"l2\":\"Papeterie\",\"sl\":\"rouleau-de-caisse-enregistreuse-2.14-x-60-mi-ma-pack-29153\",\"sn\":\"\",\"idxP\":42},{\"mq\":\"Sagetra\",\"nm\":\"Cloche de comptoir\",\"nme\":\"Call Bell Chrome Finish 3 3\\\/8\\\"\",\"attr\":\"\",\"sku\":\"29290\",\"l2\":\"Papeterie\",\"sl\":\"cloche-de-comptoir-sagetra-29290\",\"sn\":\"\",\"idxP\":10},{\"mq\":\"Eurodib\",\"nm\":\"Trancheur \u00E0 viande 10\\\"\",\"nme\":\"Meat Slicer 10\\\"\",\"attr\":\"\",\"sku\":\"25815\",\"l2\":\"Appareil de cuisine\",\"sl\":\"trancheur-a-viande-10-eurodib-25815\",\"sn\":\"\",\"idxP\":35},{\"mq\":\"Victorinox\",\"nm\":\"Gant de performance tr\u00E8s grand\",\"nme\":\"Performance Glove Extra Large\",\"attr\":\"\",\"sku\":\"38616\",\"l2\":\"V\u00EAtement\",\"sl\":\"gant-de-performance-tres-grand-victorinox-38616\",\"sn\":\"\",\"idxP\":0},{\"mq\":\"Berwick\",\"nm\":\"Ruban bleu royal 3\\\/16\\\" 500V\",\"nme\":\"Royal Blue Ribbon 3\\\/16\\\" 500V\",\"attr\":\"\",\"sku\":\"33233\",\"l2\":\"Papeterie\",\"sl\":\"ruban-bleu-royal-316-500v-berwick-33233\",\"sn\":\"\",\"idxP\":4},{\"mq\":\"Berwick\",\"nm\":\"Ruban vert 3\\\/16\\\" 500V\",\"nme\":\"Green Ribbon 3\\\/16\\\" 500V\",\"attr\":\"\",\"sku\":\"33234\",\"l2\":\"Papeterie\",\"sl\":\"ruban-vert-316-500v-berwick-33234\",\"sn\":\"\",\"idxP\":4},{\"mq\":\"Berwick\",\"nm\":\"Ruban bleu p\u00E2le 3\\\/16\\\" 500V\",\"nme\":\"Light Blue Ribbon 3\\\/16\\\" 500V\",\"attr\":\"\",\"sku\":\"33236\",\"l2\":\"Papeterie\",\"sl\":\"ruban-bleu-pale-316-500v-berwick-33236\",\"sn\":\"\",\"idxP\":4},{\"mq\":\"Victorinox\",\"nm\":\"Gant de performance grand\",\"nme\":\"Performance Glove Large\",\"attr\":\"\",\"sku\":\"38614\",\"l2\":\"V\u00EAtement\",\"sl\":\"gant-de-performance-grand-victorinox-38614\",\"sn\":\"\",\"idxP\":1},{\"mq\":\"Berwick\",\"nm\":\"Ruban or 3\\\/16\\\" 500V\",\"nme\":\"Gold Ribbon 3\\\/16\\\" 500V\",\"attr\":\"\",\"sku\":\"33232\",\"l2\":\"Papeterie\",\"sl\":\"ruban-or-316-500v-berwick-33232\",\"sn\":\"\",\"idxP\":3},{\"mq\":\"Berwick\",\"nm\":\"Ruban lavande 3\\\/16\\\" 500V\",\"nme\":\"Lavender Ribbon 3\\\/16\\\" 500V\",\"attr\":\"\",\"sku\":\"33235\",\"l2\":\"Papeterie\",\"sl\":\"ruban-lavande-316-500v-berwick-33235\",\"sn\":\"\",\"idxP\":5},{\"mq\":\"Victorinox\",\"nm\":\"Gant de performance moyen\",\"nme\":\"Performance Glove Medium\",\"attr\":\"\",\"sku\":\"38612\",\"l2\":\"V\u00EAtement\",\"sl\":\"gant-de-performance-moyen-victorinox-38612\",\"sn\":\"\",\"idxP\":2},{\"mq\":\"Berwick\",\"nm\":\"Ruban rouge 3\\\/16\\\" 500V\",\"nme\":\"Red Ribbon 3\\\/16\\\" 500V\",\"attr\":\"\",\"sku\":\"33237\",\"l2\":\"Papeterie\",\"sl\":\"ruban-rouge-316-500v-berwick-33237\",\"sn\":\"\",\"idxP\":5},{\"mq\":\"IEL\",\"nm\":\"Seau gradu\u00E9 en plastique 15L\",\"nme\":\"Plastic Graduated Bucket\",\"attr\":\"\",\"sku\":\"29459\",\"l2\":\"Bac\",\"sl\":\"seau-gradue-en-plastique-15l-iel-29459\",\"sn\":\"\",\"idxP\":43},{\"mq\":\"IEL\",\"nm\":\"Seau gradu\u00E9 en plastique 8L\",\"nme\":\"Plastic Graduated Bucket\",\"attr\":\"\",\"sku\":\"29457\",\"l2\":\"Bac\",\"sl\":\"seau-gradue-en-plastique-8l-iel-29457\",\"sn\":\"\",\"idxP\":57},{\"mq\":\"IEL\",\"nm\":\"Couvercle carr\u00E9 \u00E0 pression\",\"nme\":\"Square Pressure Cover\",\"attr\":\"\",\"sku\":\"29458\",\"l2\":\"Bac\",\"sl\":\"couvercle-carre-a-pression-iel-29458\",\"sn\":\"\",\"idxP\":67},{\"mq\":\"Orly\",\"nm\":\"Mitaine four silicone 13\\\" jaune\",\"nme\":\"Silicone oven mitt 13\\\" yellow\",\"attr\":\"\",\"sku\":\"29792\",\"l2\":\"V\u00EAtement\",\"sl\":\"mitaine-four-silicone-13-jaune-orly-29792\",\"sn\":\"\",\"idxP\":7},{\"mq\":\"Sagetra\",\"nm\":\"Petit chariot de service gris 3 tablettes\",\"nme\":\"Small Grey Trolley 3 Utility\",\"attr\":\"\",\"sku\":\"31720\",\"l2\":\"Chariot\",\"sl\":\"petit-chariot-de-service-gris-3-tablettes-sagetra-31720\",\"sn\":\"\",\"idxP\":0},{\"mq\":\"Sagetra\",\"nm\":\"Grand chariot de service noir 3 tablettes\",\"nme\":\"Large Black Trolley 3 Utility\",\"attr\":\"\",\"sku\":\"31718\",\"l2\":\"Chariot\",\"sl\":\"grand-chariot-de-service-noir-3-tablettes-sagetra-31718\",\"sn\":\"\",\"idxP\":2},{\"mq\":\"Sagetra\",\"nm\":\"Petit chariot de service noir 3 tablettes\",\"nme\":\"Small Black Trolley 3 Utility\",\"attr\":\"\",\"sku\":\"31719\",\"l2\":\"Chariot\",\"sl\":\"petit-chariot-de-service-noir-3-tablettes-sagetra-31719\",\"sn\":\"\",\"idxP\":1},{\"mq\":\"Hy Five\",\"nm\":\"Gant nitrile bleu tr\u00E8s grand\",\"nme\":\"Extra Large Nitrile Blue Glove\",\"attr\":\"\",\"sku\":\"36251\",\"l2\":\"V\u00EAtement\",\"sl\":\"gant-nitrile-bleu-tres-grand-hy-five-36251\",\"sn\":\"\",\"idxP\":0},{\"mq\":\"Orly\",\"nm\":\"Mitaine pour le four bleue en silicone 15\\\"\",\"nme\":\"Blue Silicone Mitt Oven 15\\\"\",\"attr\":\"\",\"sku\":\"10564\",\"l2\":\"V\u00EAtement\",\"sl\":\"mitaine-pour-le-four-bleue-en-silicone-15-orly-10564\",\"sn\":\"\",\"idxP\":20},{\"mq\":\"Eurodib\",\"nm\":\"Machine sous-vide externe\",\"nme\":\"External vacuum machine\",\"attr\":\"\",\"sku\":\"01043\",\"l2\":\"Appareil de cuisine\",\"sl\":\"machine-sous-vide-externe-eurodib-01043\",\"sn\":\"\",\"idxP\":26},{\"mq\":\"Eurodib\",\"nm\":\"Machine sous-vide \u00E0 cuve\",\"nme\":\"Tank vacuum sealer\",\"attr\":\"\",\"sku\":\"01044\",\"l2\":\"Appareil de cuisine\",\"sl\":\"machine-sous-vide-a-cuve-eurodib-01044\",\"sn\":\"\",\"idxP\":15},{\"mq\":\"Globe\",\"nm\":\"Bac \u00E0 vaisselle blanc 5\\\"\",\"nme\":\"White Tote Box 5\\\"\",\"attr\":\"\",\"sku\":\"24534\",\"l2\":\"Bac\",\"sl\":\"bac-a-vaisselle-blanc-5-globe-24534\",\"sn\":\"\",\"idxP\":64},{\"mq\":\"Eurodib\",\"nm\":\"Rouleau sacs sous-vide 12\\\" X 20'\",\"nme\":\"Vacuum bag roll 12\\\" X 20'\",\"attr\":\"\",\"sku\":\"01776\",\"l2\":\"Autre\",\"sl\":\"rouleau-sacs-sous-vide-12-x-20-eurodib-01776\",\"sn\":\"\",\"idxP\":67},{\"mq\":\"Eurodib\",\"nm\":\"Rouleau sacs sous-vide 8\\\" X 20'\",\"nme\":\"Vacuum bag roll 8\\\" X 20'\",\"attr\":\"\",\"sku\":\"01775\",\"l2\":\"Autre\",\"sl\":\"rouleau-sacs-sous-vide-8-x-20-eurodib-01775\",\"sn\":\"\",\"idxP\":100},{\"mq\":\"Dynamic\",\"nm\":\"M\u00E9langeur commercial MX-91  115W\",\"nme\":\"MX-91 commercial mixer  115W\",\"attr\":\"\",\"sku\":\"02105\",\"l2\":\"Appareil de cuisine\",\"sl\":\"melangeur-commercial-mx-91-115w-dynamic-02105\",\"sn\":\"\",\"idxP\":12},{\"mq\":\"Adamo\",\"nm\":\"Trancheur \u00E0 viande commercial 9\\\"\",\"nme\":\"Commercial Meat Slicer 9in\",\"attr\":\"\",\"sku\":\"02074\",\"l2\":\"Appareil de cuisine\",\"sl\":\"trancheur-a-viande-commercial-9-adamo-02074\",\"sn\":\"\",\"idxP\":0},{\"mq\":\"Globe\",\"nm\":\"Bac \u00E0 vaisselle gris 5\\\"\",\"nme\":\"Grey Tote Box 5\\\"\",\"attr\":\"\",\"sku\":\"24536\",\"l2\":\"Bac\",\"sl\":\"bac-a-vaisselle-gris-5-globe-24536\",\"sn\":\"\",\"idxP\":97},{\"mq\":\"Eurodib\",\"nm\":\"Plaque \u00E0 induction 1800 watts\",\"nme\":\"1800 watt induction hob\",\"attr\":\"\",\"sku\":\"02529\",\"l2\":\"Appareil de cuisine\",\"sl\":\"plaque-a-induction-1800-watts-eurodib-02529\",\"sn\":\"\",\"idxP\":12},{\"mq\":\"Sani-guard\",\"nm\":\"Gant caoutchouc grand\",\"nme\":\"Rubber gloves large\",\"attr\":\"\",\"sku\":\"03005\",\"l2\":\"V\u00EAtement\",\"sl\":\"gant-caoutchouc-grand-sani-guard-03005\",\"sn\":\"\",\"idxP\":57},{\"mq\":\"Hy Pax\",\"nm\":\"Attaches vertes 4\\\"x1\\\/8\\\"\",\"nme\":\"Green paper twist ties 4\\\"x1\\\/8\\\"\",\"attr\":\"\",\"sku\":\"11395\",\"l2\":\"Papeterie\",\"sl\":\"attaches-vertes-4x18-hy-pax-11395\",\"sn\":\"\",\"idxP\":32},{\"mq\":\"Louis Tellier\",\"nm\":\"Raclette alpage\",\"nme\":\"Alpage Raclette\",\"attr\":\"\",\"sku\":\"12166\",\"l2\":\"Appareil de cuisine\",\"sl\":\"raclette-alpage-louis-tellier-12166\",\"sn\":\"\",\"idxP\":0},{\"mq\":\"Turpone\",\"nm\":\"Four \u00E0 pizza rotatif 12\\\"\",\"nme\":\"Rotating 12\\\" Pizza Oven\",\"attr\":\"\",\"sku\":\"12415\",\"l2\":\"Appareil de cuisine\",\"sl\":\"four-a-pizza-rotatif-12-turpone-12415\",\"sn\":\"\",\"idxP\":0},{\"mq\":\"Eurodib\",\"nm\":\"M\u00E9langeur plan\u00E9taire 20 pintes\",\"nme\":\"20 Qts Planetary Mixer\",\"attr\":\"\",\"sku\":\"12476\",\"l2\":\"Appareil de cuisine\",\"sl\":\"melangeur-planetaire-20-pintes-12476\",\"sn\":\"\",\"idxP\":0},{\"mq\":\"Titan\",\"nm\":\"Ruban d'emballage clair 48mm x 132m\",\"nme\":\"48mm x 132m Clear Packing Tape\",\"attr\":\"\",\"sku\":\"12599\",\"l2\":\"Papeterie\",\"sl\":\"ruban-demballage-clair-48mm-x-132m-12599\",\"sn\":\"transparent\",\"idxP\":33},{\"mq\":\"Atmovac\",\"nm\":\"Sac sous-vide gaufr\u00E9 10\\\"x14\\\"\",\"nme\":\"10\\\"x14\\\" Vacuum Sealer Bag\",\"attr\":\"\",\"sku\":\"12635\",\"l2\":\"Autre\",\"sl\":\"sac-sous-vide-gaufre-10x14-12635\",\"sn\":\"\",\"idxP\":7},{\"mq\":\"Atmovac\",\"nm\":\"Sac sous-vide gaufr\u00E9 6\\\"x12\\\"\",\"nme\":\"6\\\"x12\\\" Vacuum Sealer Bag\",\"attr\":\"\",\"sku\":\"12636\",\"l2\":\"Autre\",\"sl\":\"sac-sous-vide-gaufre-6x12-12636\",\"sn\":\"\",\"idxP\":14},{\"mq\":\"Starfrit\",\"nm\":\"Hachoir \u00E0 base rotative\",\"nme\":\"Rotative Chopper\",\"attr\":\"\",\"sku\":\"28642\",\"l2\":\"Appareil de cuisine\",\"sl\":\"hachoir-a-base-rotative-28642\",\"sn\":\"\",\"idxP\":16},{\"mq\":\"Adamo\",\"nm\":\"Pr\u00E9sentoir \u00E0 p\u00E2tisserie\",\"nme\":\"Pastry Display\",\"attr\":\"\",\"sku\":\"12707\",\"l2\":\"Pr\u00E9sentoir\",\"sl\":\"presentoir-a-patisserie-12707\",\"sn\":\"\",\"idxP\":0},{\"mq\":\"Cuisinart\",\"nm\":\"Friteuse professionnelle\",\"nme\":\"Professional Deep Fryer\",\"attr\":\"\",\"sku\":\"12739\",\"l2\":\"Appareil de cuisine\",\"sl\":\"friteuse-professionnelle-12739\",\"sn\":\"commercial\",\"idxP\":0},{\"mq\":\"Cuisinart\",\"nm\":\"Four \u00E0 micro-ondes\",\"nme\":\"Microwave Oven\",\"attr\":\"\",\"sku\":\"12742\",\"l2\":\"Appareil de cuisine\",\"sl\":\"four-a-micro-ondes-12742\",\"sn\":\"\",\"idxP\":0},{\"mq\":\"Cuisinart\",\"nm\":\"Machine \u00E0 cr\u00E8me glac\u00E9e molle Mix It In\",\"nme\":\"Mix It In Soft-Serve Ice Cream Maker\",\"attr\":\"\",\"sku\":\"12743\",\"l2\":\"Appareil de cuisine\",\"sl\":\"machine-a-creme-glacee-molle-mix-it-in-12743\",\"sn\":\"\",\"idxP\":0},{\"mq\":\"Cuisinart\",\"nm\":\"\u00C9clateur de ma\u00EFs EasyPop\",\"nme\":\"EasyPop Popcorn Maker\",\"attr\":\"\",\"sku\":\"12744\",\"l2\":\"Appareil de cuisine\",\"sl\":\"eclateur-de-mais-easypop-12744\",\"sn\":\"\",\"idxP\":0},{\"mq\":\"Cuisinart\",\"nm\":\"Chauffe-terrasse \u00E0 combustion sans fum\u00E9e 24\\\"\",\"nme\":\"24\\\" Smokeless Combustion Fire Pit\",\"attr\":\"\",\"sku\":\"12747\",\"l2\":\"Appareil de cuisine\",\"sl\":\"chauffe-terrasse-a-combustion-sans-fumee-24-12747\",\"sn\":\"\",\"idxP\":0},{\"mq\":\"Martin\",\"nm\":\"Chauffe-terrasse 45000 BTU\",\"nme\":\"45000 BTU Patio Heater\",\"attr\":\"\",\"sku\":\"12753\",\"l2\":\"Appareil de cuisine\",\"sl\":\"chauffe-terrasse-45000-btu-12753\",\"sn\":\"\",\"idxP\":0},{\"mq\":\"Martin\",\"nm\":\"Chauffe-terrasse Inferno 36000 BTU\",\"nme\":\"36000 BTU Inferno Patio Heater\",\"attr\":\"\",\"sku\":\"12754\",\"l2\":\"Appareil de cuisine\",\"sl\":\"chauffe-terrasse-inferno-36000-btu-12754\",\"sn\":\"\",\"idxP\":0},{\"mq\":\"Turpone\",\"nm\":\"Four \u00E0 pizza rotatif 17\\\"\",\"nme\":\"Rotating 17\\\" Pizza Oven\",\"attr\":\"\",\"sku\":\"12791\",\"l2\":\"Appareil de cuisine\",\"sl\":\"four-a-pizza-rotatif-17-12791\",\"sn\":\"\",\"idxP\":0},{\"mq\":\"Victoria\",\"nm\":\"Poign\u00E9e silicone petite\",\"nme\":\"Small Silicone Handle\",\"attr\":\"\",\"sku\":\"12952\",\"l2\":\"V\u00EAtement\",\"sl\":\"poignee-silicone-petite-12952\",\"sn\":\"\",\"idxP\":0},{\"mq\":\"Victoria\",\"nm\":\"Poign\u00E9e silicone grande\",\"nme\":\"Large Silicone Handle\",\"attr\":\"\",\"sku\":\"12962\",\"l2\":\"V\u00EAtement\",\"sl\":\"poignee-silicone-grande-12962\",\"sn\":\"\",\"idxP\":0},{\"mq\":\"H\u00E9ritage\",\"nm\":\"Grille panini \u00E9lectrique The Rock\",\"nme\":\"The Rock Electric Panini Grill\",\"attr\":\"\",\"sku\":\"13055\",\"l2\":\"Appareil de cuisine\",\"sl\":\"grille-panini-electrique-the-rock-13055\",\"sn\":\"\",\"idxP\":0},{\"mq\":\"Trudeau\",\"nm\":\"Ensemble fondue 3 en 1\",\"nme\":\"3 in 1 Fondue Set\",\"attr\":\"\",\"sku\":\"25125\",\"l2\":\"Appareil de cuisine\",\"sl\":\"ensemble-fondue-3-en-1-25125\",\"sn\":\"\",\"idxP\":0},{\"mq\":\"Trudeau\",\"nm\":\"Raclette r\u00E9versible\",\"nme\":\"Reversible Raclette\",\"attr\":\"\",\"sku\":\"13119\",\"l2\":\"Appareil de cuisine\",\"sl\":\"raclette-reversible-13119\",\"sn\":\"\",\"idxP\":0},{\"mq\":\"Duracore\",\"nm\":\"Gant vinyle petit non poudr\u00E9\",\"nme\":\"Non Powdered Small Vinyl Glove\",\"attr\":\"\",\"sku\":\"13228\",\"l2\":\"V\u00EAtement\",\"sl\":\"gant-vinyle-petit-non-poudre-13228\",\"sn\":\"\",\"idxP\":0},{\"mq\":\"Duracore\",\"nm\":\"Gant vinyle extra grand non poudr\u00E9\",\"nme\":\"Non Powdered Extra Large Vinyl Glove\",\"attr\":\"\",\"sku\":\"13229\",\"l2\":\"V\u00EAtement\",\"sl\":\"gant-vinyle-extra-grand-non-poudre-13229\",\"sn\":\"\",\"idxP\":0},{\"mq\":\"Duracore\",\"nm\":\"Gant vinyle grand non poudr\u00E9\",\"nme\":\"Non Powdered Large Vinyl Glove\",\"attr\":\"\",\"sku\":\"13230\",\"l2\":\"V\u00EAtement\",\"sl\":\"gant-vinyle-grand-non-poudre-13230\",\"sn\":\"\",\"idxP\":0},{\"mq\":\"Duracore\",\"nm\":\"Gant vinyle moyen non poudr\u00E9\",\"nme\":\"Non Powdered Medium Vinyl Glove\",\"attr\":\"\",\"sku\":\"13231\",\"l2\":\"V\u00EAtement\",\"sl\":\"gant-vinyle-moyen-non-poudre-13231\",\"sn\":\"\",\"idxP\":0},{\"mq\":\"Duracore\",\"nm\":\"Gant poly\u00E9thyl\u00E8ne petit\",\"nme\":\"Small Polyethylene Glove\",\"attr\":\"\",\"sku\":\"13234\",\"l2\":\"V\u00EAtement\",\"sl\":\"gant-polyethylene-petit-13234\",\"sn\":\"\",\"idxP\":0},{\"mq\":\"Duracore\",\"nm\":\"Gant poly\u00E9thyl\u00E8ne moyen\",\"nme\":\"Medium Polyethylene Glove\",\"attr\":\"\",\"sku\":\"13239\",\"l2\":\"V\u00EAtement\",\"sl\":\"gant-polyethylene-moyen-13239\",\"sn\":\"\",\"idxP\":0},{\"mq\":\"Duracore\",\"nm\":\"Gant poly\u00E9thyl\u00E8ne grand\",\"nme\":\"Large Polyethylene Glove\",\"attr\":\"\",\"sku\":\"13240\",\"l2\":\"V\u00EAtement\",\"sl\":\"gant-polyethylene-grand-13240\",\"sn\":\"\",\"idxP\":0},{\"mq\":\"Duracore\",\"nm\":\"Gant poly\u00E9thyl\u00E8ne extra grand\",\"nme\":\"Extra Large Polyethylene Glove\",\"attr\":\"\",\"sku\":\"13241\",\"l2\":\"V\u00EAtement\",\"sl\":\"gant-polyethylene-extra-grand-13241\",\"sn\":\"\",\"idxP\":0},{\"mq\":\"Duracore\",\"nm\":\"Gant nitrile bleu petit\",\"nme\":\"Small Blue Nitrile Glove\",\"attr\":\"\",\"sku\":\"13242\",\"l2\":\"V\u00EAtement\",\"sl\":\"gant-nitrile-bleu-petit-13242\",\"sn\":\"\",\"idxP\":0},{\"mq\":\"Duracore\",\"nm\":\"Gant nitrile bleu moyen\",\"nme\":\"Medium Blue Nitrile Glove\",\"attr\":\"\",\"sku\":\"13243\",\"l2\":\"V\u00EAtement\",\"sl\":\"gant-nitrile-bleu-moyen-13243\",\"sn\":\"\",\"idxP\":0},{\"mq\":\"Duracore\",\"nm\":\"Gant nitrile bleu grand\",\"nme\":\"Large Blue Nitrile Glove\",\"attr\":\"\",\"sku\":\"13246\",\"l2\":\"V\u00EAtement\",\"sl\":\"gant-nitrile-bleu-grand-13246\",\"sn\":\"\",\"idxP\":0},{\"mq\":\"Duracore\",\"nm\":\"Gant nitrile bleu extra grand\",\"nme\":\"Extra Large Blue Nitrile Glove\",\"attr\":\"\",\"sku\":\"13247\",\"l2\":\"V\u00EAtement\",\"sl\":\"gant-nitrile-bleu-extra-grand-13247\",\"sn\":\"\",\"idxP\":0},{\"mq\":\"Duracore\",\"nm\":\"Gant nitrile noir extra extra grand\",\"nme\":\"Extra Extra Large Black Nitrile Glove\",\"attr\":\"\",\"sku\":\"13248\",\"l2\":\"V\u00EAtement\",\"sl\":\"gant-nitrile-noir-extra-extra-grand-13248\",\"sn\":\"\",\"idxP\":0},{\"mq\":\"Eurodib\",\"nm\":\"Machine sous-vide\",\"nme\":\"Vac Pack Machine\",\"attr\":\"\",\"sku\":\"14099\",\"l2\":\"Appareil de cuisine\",\"sl\":\"machine-sous-vide-14099\",\"sn\":\"\",\"idxP\":0},{\"mq\":\"Bunn\",\"nm\":\"Filtre \u00E0 caf\u00E9\",\"nme\":\"Coffee Filter\",\"attr\":\"\",\"sku\":\"01273\",\"l2\":\"Autre\",\"sl\":\"filtre-a-cafe-bunn-01273\",\"sn\":\"\",\"idxP\":10},{\"nm\":\"Plateau de pizza 9\\\"\",\"nme\":\"Tray Pizza 9\\\"\",\"attr\":\"\u00C9cologique\",\"sku\":\"25363\",\"l2\":\"Vaisselle jetable\",\"sl\":\"plateau-de-pizza-9-boite-25363\",\"sn\":\"plateau\",\"idxP\":8},{\"mq\":\"Polarpro\",\"nm\":\"Cuill\u00E8re \u00E0 soupe blanche en propyl\u00E8ne\",\"nme\":\"Propylene White Soup Spoon\",\"attr\":\"\",\"sku\":\"17736\",\"l2\":\"Vaisselle jetable\",\"sl\":\"cuillere-a-soupe-blanche-en-propylene-polarpro-17736\",\"sn\":\"\",\"idxP\":14},{\"mq\":\"Polarpro\",\"nm\":\"Fourchette blanche en propyl\u00E8ne\",\"nme\":\"Propylene White Fork\",\"attr\":\"\",\"sku\":\"17734\",\"l2\":\"Vaisselle jetable\",\"sl\":\"fourchette-blanche-en-propylene-polarpro-17734\",\"sn\":\"\",\"idxP\":33},{\"mq\":\"Rosenbloom\",\"nm\":\"Sac d'\u00E9picerie papier kraft 14lb\",\"nme\":\"Kraft Paper Grocery Bag 14lb\",\"attr\":\"\",\"sku\":\"25789\",\"l2\":\"Sac \u00E0 emballage\",\"sl\":\"sac-depicerie-papier-kraft-14lb-rosenbloom-25789\",\"sn\":\"\",\"idxP\":57},{\"mq\":\"Rosenbloom\",\"nm\":\"Sac d'\u00E9picerie papier kraft 20lb\",\"nme\":\"Kraft Paper Grocery Bag 20 lb\",\"attr\":\"\",\"sku\":\"25790\",\"l2\":\"Sac \u00E0 emballage\",\"sl\":\"sac-depicerie-papier-kraft-20lb-rosenbloom-25790\",\"sn\":\"\",\"idxP\":69},{\"mq\":\"Table Accents\",\"nm\":\"Ens. ustensile plastique blanc 6pcs (f\\\/k\\\/s\\\/n\\\/s\\\/p)\",\"nme\":\"White Plastic Cutlery Pack(f\\\/k\\\/s\\\/n\\\/s\\\/p)\",\"attr\":\"\",\"sku\":\"29715\",\"l2\":\"Vaisselle jetable\",\"sl\":\"ens.-ustensile-plastique-blanc-6pcs-fksnsp-table-accents-29715\",\"sn\":\"\",\"idxP\":86},{\"mq\":\"Lapaco\",\"nm\":\"Serviette \u00E0 d\u00EEner blanche 1 pli\",\"nme\":\"White Dinner Napkin One Ply\",\"attr\":\"\",\"sku\":\"17305\",\"l2\":\"Serviettes et nappes jetables\",\"sl\":\"serviette-a-diner-blanche-1-pli-lapaco-17305\",\"sn\":\"\",\"idxP\":100},{\"mq\":\"Master Packaging\",\"nm\":\"Boite \u00E0 pizza ondul\u00E9e imprim\u00E9e 10\\\"\",\"nme\":\"Printed Corrugated Pizza Box 10\\\"\",\"attr\":\"\",\"sku\":\"34438\",\"l2\":\"Boite carton\",\"sl\":\"boite-a-pizza-ondulee-imprimee-10-master-packaging-34438\",\"sn\":\"\",\"idxP\":51},{\"mq\":\"Lapaco\",\"nm\":\"Napperon Bienvenue rouge\",\"nme\":\"Red Welcome Placemat\",\"attr\":\"\",\"sku\":\"22298\",\"l2\":\"Serviettes et nappes jetables\",\"sl\":\"napperon-bienvenue-rouge-lapaco-22298\",\"sn\":\"\",\"idxP\":30},{\"mq\":\"Master Packaging\",\"nm\":\"Bo\u00EEte \u00E0 pizza ondul\u00E9e imprim\u00E9e 12\\\"\",\"nme\":\"Printed Corrugated Pizza Box 12\\\"\",\"attr\":\"\",\"sku\":\"34437\",\"l2\":\"Boite carton\",\"sl\":\"boite-a-pizza-ondulee-imprimee-12-master-packaging-34437\",\"sn\":\"\",\"idxP\":61},{\"mq\":\"Polarpro\",\"nm\":\"Couteau blanc en propyl\u00E8ne\",\"nme\":\"Propylene White Knife\",\"attr\":\"\",\"sku\":\"17737\",\"l2\":\"Vaisselle jetable\",\"sl\":\"couteau-blanc-en-propylene-polarpro-17737\",\"sn\":\"\",\"idxP\":14},{\"mq\":\"Lapaco\",\"nm\":\"Napperon Bienvenue brun\",\"nme\":\"Brown Welcome Placemat\",\"attr\":\"\",\"sku\":\"37622\",\"l2\":\"Serviettes et nappes jetables\",\"sl\":\"napperon-bienvenue-brun-lapaco-37622\",\"sn\":\"\",\"idxP\":15},{\"mq\":\"Rosenbloom\",\"nm\":\"Sac d'\u00E9picerie papier kraft 7lb\",\"nme\":\"Kraft Paper Grocery Bag 7lb\",\"attr\":\"\",\"sku\":\"25786\",\"l2\":\"Sac \u00E0 emballage\",\"sl\":\"sac-depicerie-papier-kraft-7lb-rosenbloom-25786\",\"sn\":\"\",\"idxP\":36},{\"mq\":\"Chef Elite\",\"nm\":\"Rouleau papier aluminium 45cm x 100m\",\"nme\":\"Aluminium Foil Roll 45cm x 100m\",\"attr\":\"\",\"sku\":\"23740\",\"l2\":\"Pellicule, papier alimentaire\",\"sl\":\"rouleau-papier-aluminium-45cm-x-100m-chef-elite-23740\",\"sn\":\"\",\"idxP\":97},{\"mq\":\"ABC Emballuxe\",\"nm\":\"Pique bambou boule rouge 150 mm\",\"nme\":\"Red Ball Bamboo Pick 150 mm\",\"attr\":\"\u00C9cologique\",\"sku\":\"26568\",\"l2\":\"Vaisselle jetable\",\"sl\":\"pique-bambou-boule-rouge-150-mm-abc-emballuxe-26568\",\"sn\":\"\",\"idxP\":65},{\"mq\":\"ABC Emballuxe\",\"nm\":\"Pique bambou tress\u00E9 2 perles rouges 120 mm\",\"nme\":\"2 Red Pearls Plait Bamboo Pick 120 mm\",\"attr\":\"\u00C9cologique\",\"sku\":\"26574\",\"l2\":\"Vaisselle jetable\",\"sl\":\"pique-bambou-tresse-2-perles-rouges-120-mm-abc-emballuxe-26574\",\"sn\":\"\",\"idxP\":63},{\"mq\":\"ABC Emballuxe\",\"nm\":\"Pique bambou Tepoku 150 mm\",\"nme\":\"Tepoku Bamboo Pick 150 mm\",\"attr\":\"\u00C9cologique\",\"sku\":\"26566\",\"l2\":\"Vaisselle jetable\",\"sl\":\"pique-bambou-tepoku-150-mm-abc-emballuxe-26566\",\"sn\":\"\",\"idxP\":86},{\"mq\":\"ABC Emballuxe\",\"nm\":\"Pique bambou coeur rouge Love 120 mm\",\"nme\":\"Red Heart Love Bamboo Pick 120 mm\",\"attr\":\"\u00C9cologique\",\"sku\":\"26582\",\"l2\":\"Vaisselle jetable\",\"sl\":\"pique-bambou-coeur-rouge-love-120-mm-abc-emballuxe-26582\",\"sn\":\"\",\"idxP\":48},{\"mq\":\"ABC Emballuxe\",\"nm\":\"Pique bambou Twist 105 mm\",\"nme\":\"Twist Bamboo Pick 105 mm\",\"attr\":\"\u00C9cologique\",\"sku\":\"26564\",\"l2\":\"Vaisselle jetable\",\"sl\":\"pique-bambou-twist-105-mm-abc-emballuxe-26564\",\"sn\":\"\",\"idxP\":87},{\"mq\":\"ABC Emballuxe\",\"nm\":\"Pique bambou Twist noir 100 mm\",\"nme\":\"Black Twist Bamboo Pick 100 mm\",\"attr\":\"\u00C9cologique\",\"sku\":\"26584\",\"l2\":\"Vaisselle jetable\",\"sl\":\"pique-bambou-twist-noir-100-mm-abc-emballuxe-26584\",\"sn\":\"\",\"idxP\":44},{\"mq\":\"ABC Emballuxe\",\"nm\":\"Pique bambou Twist 120 mm\",\"nme\":\"Twist Bamboo Pick 120 mm\",\"attr\":\"\u00C9cologique\",\"sku\":\"26565\",\"l2\":\"Vaisselle jetable\",\"sl\":\"pique-bambou-twist-120-mm-abc-emballuxe-26565\",\"sn\":\"\",\"idxP\":88},{\"mq\":\"ABC Emballuxe\",\"nm\":\"Pique bambou Kuromoji 90 mm\",\"nme\":\"Kuromoji Bamboo Pick 90 mm\",\"attr\":\"\u00C9cologique\",\"sku\":\"26570\",\"l2\":\"Vaisselle jetable\",\"sl\":\"pique-bambou-kuromoji-90-mm-abc-emballuxe-26570\",\"sn\":\"\",\"idxP\":39},{\"mq\":\"ABC Emballuxe\",\"nm\":\"Pique bambou Twist rouge 120 mm\",\"nme\":\"Red Twist Bamboo Pick 120 mm\",\"attr\":\"\u00C9cologique\",\"sku\":\"26585\",\"l2\":\"Vaisselle jetable\",\"sl\":\"pique-bambou-twist-rouge-120-mm-abc-emballuxe-26585\",\"sn\":\"\",\"idxP\":55},{\"mq\":\"ABC Emballuxe\",\"nm\":\"Pique bambou Twist rouge 100 mm\",\"nme\":\"Red Twist Bamboo Pick 100 mm\",\"attr\":\"\u00C9cologique\",\"sku\":\"26583\",\"l2\":\"Vaisselle jetable\",\"sl\":\"pique-bambou-twist-rouge-100-mm-abc-emballuxe-26583\",\"sn\":\"\",\"idxP\":80},{\"mq\":\"ABC Emballuxe\",\"nm\":\"Pique Tepoku 70 mm\",\"nme\":\"Tepoku Bamboo Pick 70 mm\",\"attr\":\"\u00C9cologique\",\"sku\":\"26588\",\"l2\":\"Vaisselle jetable\",\"sl\":\"pique-tepoku-70-mm-abc-emballuxe-26588\",\"sn\":\"\",\"idxP\":48},{\"mq\":\"ABC Emballuxe\",\"nm\":\"Pique bambou Atami noire rondelle rouge 70 mm\",\"nme\":\"Black End Red Ring Atami Bamboo Pick 70 mm\",\"attr\":\"\u00C9cologique\",\"sku\":\"26571\",\"l2\":\"Vaisselle jetable\",\"sl\":\"pique-bambou-atami-noire-rondelle-rouge-70-mm-abc-emballuxe-26571\",\"sn\":\"\",\"idxP\":59},{\"mq\":\"ABC Emballuxe\",\"nm\":\"Mini pince \u00E0 linge en bois\",\"nme\":\"Wooden Mini Clothepin\",\"attr\":\"\u00C9cologique\",\"sku\":\"26589\",\"l2\":\"Vaisselle jetable\",\"sl\":\"mini-pince-a-linge-en-bois-abc-emballuxe-26589\",\"sn\":\"\",\"idxP\":47},{\"mq\":\"ABC Emballuxe\",\"nm\":\"Pique bambou boucle droite 100 mm\",\"nme\":\"Straight Curl Bamboo Pick 100 mm\",\"attr\":\"\u00C9cologique\",\"sku\":\"26575\",\"l2\":\"Vaisselle jetable\",\"sl\":\"pique-bambou-boucle-droite-100-mm-abc-emballuxe-26575\",\"sn\":\"\",\"idxP\":66},{\"mq\":\"ABC Emballuxe\",\"nm\":\"Pique bambou Twist noir 120 mm\",\"nme\":\"Black Twist Bamboo Pick 120 mm\",\"attr\":\"\u00C9cologique\",\"sku\":\"26586\",\"l2\":\"Vaisselle jetable\",\"sl\":\"pique-bambou-twist-noir-120-mm-abc-emballuxe-26586\",\"sn\":\"\",\"idxP\":86},{\"mq\":\"ABC Emballuxe\",\"nm\":\"Pique bambou tress\u00E9 2 perles rouges 90 mm\",\"nme\":\"2 Red Pearls Plait Bamboo Pick 90 mm\",\"attr\":\"\u00C9cologique\",\"sku\":\"26573\",\"l2\":\"Vaisselle jetable\",\"sl\":\"pique-bambou-tresse-2-perles-rouges-90-mm-abc-emballuxe-26573\",\"sn\":\"\",\"idxP\":82},{\"mq\":\"ABC Emballuxe\",\"nm\":\"Pique bambou Kyoto boule rouge 70 mm\",\"nme\":\"Red Ball Kyoto Bamboo Pick 70 mm\",\"attr\":\"\u00C9cologique\",\"sku\":\"26576\",\"l2\":\"Vaisselle jetable\",\"sl\":\"pique-bambou-kyoto-boule-rouge-70-mm-abc-emballuxe-26576\",\"sn\":\"\",\"idxP\":68},{\"mq\":\"ABC Emballuxe\",\"nm\":\"Pique bambou boule rouge et noire 100 mm\",\"nme\":\"Red and Black Ball Bamboo Pick 100 mm\",\"attr\":\"\u00C9cologique\",\"sku\":\"26567\",\"l2\":\"Vaisselle jetable\",\"sl\":\"pique-bambou-boule-rouge-et-noire-100-mm-abc-emballuxe-26567\",\"sn\":\"\",\"idxP\":88},{\"mq\":\"ABC Emballuxe\",\"nm\":\"Pique bambou Kyoto boule rouge bout noir 70 mm\",\"nme\":\"Red Ball Kyoto Bamboo Pick 70 mm\",\"attr\":\"\u00C9cologique\",\"sku\":\"26587\",\"l2\":\"Vaisselle jetable\",\"sl\":\"pique-bambou-kyoto-boule-rouge-bout-noir-70-mm-abc-emballuxe-26587\",\"sn\":\"\",\"idxP\":50},{\"mq\":\"Ziploc\",\"nm\":\"Sac \u00E0 Cong\u00E9lation moyen\",\"nme\":\"Medium Freezer Bag\",\"attr\":\"\",\"sku\":\"01892\",\"l2\":\"Sac \u00E0 emballage\",\"sl\":\"sac-a-congelation-moyen-ziploc-01892\",\"sn\":\"\",\"idxP\":50},{\"mq\":\"Ziploc\",\"nm\":\"Sac \u00E0 Cong\u00E9lation grand\",\"nme\":\"Large Freezer Bag\",\"attr\":\"\",\"sku\":\"01893\",\"l2\":\"Sac \u00E0 emballage\",\"sl\":\"sac-a-congelation-grand-ziploc-01893\",\"sn\":\"\",\"idxP\":60},{\"mq\":\"Lapaco\",\"nm\":\"Napperon l\u00E9ger blanc 10\\\"x14\\\"\",\"nme\":\"Granada White Placemat 10\\\"x14\\\"\",\"attr\":\"\",\"sku\":\"00120\",\"l2\":\"Serviettes et nappes jetables\",\"sl\":\"napperon-leger-blanc-10x14-lapaco-00120\",\"sn\":\"\",\"idxP\":17},{\"mq\":\"Lapaco\",\"nm\":\"Nappe blanche papier 40\\\" x 300'\",\"nme\":\"White Paper Tablecloth 40\\\" x 300'\",\"attr\":\"\",\"sku\":\"10125\",\"l2\":\"Serviettes et nappes jetables\",\"sl\":\"nappe-blanche-papier-40-x-300-lapaco-10125\",\"sn\":\"\",\"idxP\":18},{\"mq\":\"Lapaco\",\"nm\":\"Napperon dentelle papier blanc 12\\\"\",\"nme\":\"White Lace Paper Placemat 12\\\"\",\"attr\":\"\",\"sku\":\"11200\",\"l2\":\"Serviettes et nappes jetables\",\"sl\":\"napperon-dentelle-papier-blanc-12-lapaco-11200\",\"sn\":\"\",\"idxP\":22},{\"mq\":\"Lapaco\",\"nm\":\"Napperon dentelle ronde papier blanc 8\\\"\",\"nme\":\"Round White Lace Paper Placemat 8\\\"\",\"attr\":\"\",\"sku\":\"11201\",\"l2\":\"Serviettes et nappes jetables\",\"sl\":\"napperon-dentelle-ronde-papier-blanc-8-lapaco-11201\",\"sn\":\"\",\"idxP\":21},{\"mq\":\"Lapaco\",\"nm\":\"Moule \u00E0 g\u00E2teau blanc moyen\",\"nme\":\"White Medium Baking Cup\",\"attr\":\"\",\"sku\":\"28109\",\"l2\":\"Autre\",\"sl\":\"moule-a-gateau-blanc-moyen-lapaco-28109\",\"sn\":\"\",\"idxP\":33},{\"mq\":\"Lapaco\",\"nm\":\"Moule \u00E0 g\u00E2teau blanc grand\",\"nme\":\"White Large Baking Cups\",\"attr\":\"\",\"sku\":\"28111\",\"l2\":\"Autre\",\"sl\":\"moule-a-gateau-blanc-grand-lapaco-28111\",\"sn\":\"\",\"idxP\":52},{\"mq\":\"Lapaco\",\"nm\":\"Napperon dentelle ronde papier blanc 4\\\"\",\"nme\":\"Round White Lace Paper Placemat 4\\\"\",\"attr\":\"\",\"sku\":\"11199\",\"l2\":\"Serviettes et nappes jetables\",\"sl\":\"napperon-dentelle-ronde-papier-blanc-4-lapaco-11199\",\"sn\":\"\",\"idxP\":13},{\"mq\":\"Lapaco\",\"nm\":\"Napperon dentelle ronde papier blanc 10\\\"\",\"nme\":\"Round White Lace Paper Placemat 10\\\"\",\"attr\":\"\",\"sku\":\"11401\",\"l2\":\"Serviettes et nappes jetables\",\"sl\":\"napperon-dentelle-ronde-papier-blanc-10-lapaco-11401\",\"sn\":\"\",\"idxP\":24},{\"mq\":\"Lapaco\",\"nm\":\"Napperon Bienvenue vert\",\"nme\":\"Green Welcome Placemates\",\"attr\":\"\",\"sku\":\"22299\",\"l2\":\"Serviettes et nappes jetables\",\"sl\":\"napperon-bienvenue-vert-lapaco-22299\",\"sn\":\"\",\"idxP\":21},{\"mq\":\"Lapaco\",\"nm\":\"Serviette \u00E0 d\u00EEner noire 2 plis\",\"nme\":\"Two Fold Black Dinner Napkin\",\"attr\":\"\",\"sku\":\"30894\",\"l2\":\"Serviettes et nappes jetables\",\"sl\":\"serviette-a-diner-noire-2-plis-lapaco-30894\",\"sn\":\"\",\"idxP\":40},{\"mq\":\"Lapaco\",\"nm\":\"Napperon Bienvenue bleu\",\"nme\":\"Blue Welcome Placemat\",\"attr\":\"\",\"sku\":\"35172\",\"l2\":\"Serviettes et nappes jetables\",\"sl\":\"napperon-bienvenue-bleu-lapaco-35172\",\"sn\":\"\",\"idxP\":24},{\"mq\":\"Lapaco\",\"nm\":\"Moule \u00E0 g\u00E2teau blanc jumbo\",\"nme\":\"White Jumbo Baking Cups\",\"attr\":\"\",\"sku\":\"28894\",\"l2\":\"Autre\",\"sl\":\"moule-a-gateau-blanc-jumbo-lapaco-28894\",\"sn\":\"\",\"idxP\":64},{\"mq\":\"Lapaco\",\"nm\":\"Napperon dentelle ronde papier blanc 6\\\"\",\"nme\":\"Round White Lace Paper Placemat 6\\\"\",\"attr\":\"\",\"sku\":\"11204\",\"l2\":\"Serviettes et nappes jetables\",\"sl\":\"napperon-dentelle-ronde-papier-blanc-6-lapaco-11204\",\"sn\":\"\",\"idxP\":23},{\"mq\":\"Lapaco\",\"nm\":\"Serviette \u00E0 d\u00EEner blanche 2 plis\",\"nme\":\"Two Fold White Dinner Napkin\",\"attr\":\"\",\"sku\":\"18711\",\"l2\":\"Serviettes et nappes jetables\",\"sl\":\"serviette-a-diner-blanche-2-plis-lapaco-18711\",\"sn\":\"\",\"idxP\":68},{\"mq\":\"Lapaco\",\"nm\":\"Serviette \u00E0 d\u00EEner rouge 2 plis\",\"nme\":\"Red Dinner Napkin Two Fold\",\"attr\":\"\",\"sku\":\"30893\",\"l2\":\"Serviettes et nappes jetables\",\"sl\":\"serviette-a-diner-rouge-2-plis-lapaco-30893\",\"sn\":\"\",\"idxP\":25},{\"mq\":\"Lapaco\",\"nm\":\"Serviette \u00E0 d\u00EEner blanche 3 plis\",\"nme\":\"Three Fold White Dinner Napkin\",\"attr\":\"\",\"sku\":\"35061\",\"l2\":\"Serviettes et nappes jetables\",\"sl\":\"serviette-a-diner-blanche-3-plis-lapaco-35061\",\"sn\":\"\",\"idxP\":73},{\"mq\":\"Lapaco\",\"nm\":\"Napperon dentelle ronde papier blanc  5\\\"\",\"nme\":\"Round White Lace Paper Placemat 5\\\"\",\"attr\":\"\",\"sku\":\"11400\",\"l2\":\"Serviettes et nappes jetables\",\"sl\":\"napperon-dentelle-ronde-papier-blanc-5-lapaco-11400\",\"sn\":\"\",\"idxP\":18},{\"mq\":\"MPC\",\"nm\":\"Sac \u00E0 hamburger en aluminium\",\"nme\":\"Aluminium Foil Hamburger Bag\",\"attr\":\"\",\"sku\":\"17945\",\"l2\":\"Sac \u00E0 emballage\",\"sl\":\"sac-a-hamburger-en-aluminium-mpc-17945\",\"sn\":\"\",\"idxP\":8},{\"mq\":\"MPC\",\"nm\":\"Sacs \u00E0 sous-marins\",\"nme\":\"Sub-marine Paper Bag\",\"attr\":\"\",\"sku\":\"17942\",\"l2\":\"Sac \u00E0 emballage\",\"sl\":\"sacs-a-sous-marins-mpc-17942\",\"sn\":\"\",\"idxP\":10},{\"mq\":\"Table Accents\",\"nm\":\"Cuill\u00E8re th\u00E9 blanche compostable\",\"nme\":\"White tea spoon compostable\",\"attr\":\"\u00C9cologique\",\"sku\":\"23745\",\"l2\":\"Vaisselle jetable\",\"sl\":\"cuillere-the-blanche-compostable-table-accents-23745\",\"sn\":\"biologique\",\"idxP\":22},{\"mq\":\"Table Accents\",\"nm\":\"Fourchette blanche compostable\",\"nme\":\"White Fork Compostable\",\"attr\":\"\u00C9cologique\",\"sku\":\"23744\",\"l2\":\"Vaisselle jetable\",\"sl\":\"fourchette-blanche-compostable-table-accents-23744\",\"sn\":\"biologique\",\"idxP\":40},{\"mq\":\"MPC\",\"nm\":\"Sac \u00E0 sandwich blanc anti-gras 6\\\" 3\\\/4 x 6\\\" 3\\\/4\",\"nme\":\"Greaseproof White Sandwich Bags 6\\\" 3\\\/4 x 6\\\" 3\\\/4\",\"attr\":\"\",\"sku\":\"14048\",\"l2\":\"Sac \u00E0 emballage\",\"sl\":\"sac-a-sandwich-blanc-anti-gras-6-34-x-6-34-mpc-14048\",\"sn\":\"\",\"idxP\":51},{\"mq\":\"MPC\",\"nm\":\"Sac sandwich cir\u00E9 blanc 6,75\\\"\",\"nme\":\"White Waxed Sandwich Bag 6.75\\\"\",\"attr\":\"\",\"sku\":\"14047\",\"l2\":\"Sac \u00E0 emballage\",\"sl\":\"sac-sandwich-cire-blanc-675-mpc-14047\",\"sn\":\"\",\"idxP\":33},{\"mq\":\"Table Accents\",\"nm\":\"Cuill\u00E8re soupe blanche compostable\",\"nme\":\"White spoon soup compostable\",\"attr\":\"\u00C9cologique\",\"sku\":\"23746\",\"l2\":\"Vaisselle jetable\",\"sl\":\"cuillere-soupe-blanche-compostable-table-accents-23746\",\"sn\":\"biologique\",\"idxP\":25},{\"mq\":\"MPC\",\"nm\":\"Sac \u00E0 sandwich blanc anti-gras 6\\\"x9\\\"\",\"nme\":\"Greaseproof White Sandwich Bags 6\\\"x9\\\"\",\"attr\":\"\",\"sku\":\"14049\",\"l2\":\"Sac \u00E0 emballage\",\"sl\":\"sac-a-sandwich-blanc-anti-gras-6x9-mpc-14049\",\"sn\":\"\",\"idxP\":41},{\"mq\":\"Party Couture\",\"nm\":\"Verres shooter hauts\",\"nme\":\"Tall Shooter Glass\",\"attr\":\"\",\"sku\":\"32488\",\"l2\":\"Vaisselle jetable\",\"sl\":\"verres-shooter-hauts-party-couture-32488\",\"sn\":\"\",\"idxP\":57},{\"mq\":\"Party Couture\",\"nm\":\"Mini plateau rectangulaire transparent\",\"nme\":\"Rectangular Clear Mini Tray\",\"attr\":\"\",\"sku\":\"32508\",\"l2\":\"Vaisselle jetable\",\"sl\":\"mini-plateau-rectangulaire-transparent-party-couture-32508\",\"sn\":\"transparent, plateau\",\"idxP\":76},{\"mq\":\"Party Couture\",\"nm\":\"Mini cuill\u00E8res transparentes x40\",\"nme\":\"Clear Mini Spoon\",\"attr\":\"\",\"sku\":\"32491\",\"l2\":\"Vaisselle jetable\",\"sl\":\"mini-cuilleres-transparentes-x40-party-couture-32491\",\"sn\":\"transparent\",\"idxP\":54},{\"mq\":\"Party Couture\",\"nm\":\"Verres martini mini\",\"nme\":\"Martini Glass Mini\",\"attr\":\"\",\"sku\":\"32487\",\"l2\":\"Vaisselle jetable\",\"sl\":\"verres-martini-mini-party-couture-32487\",\"sn\":\"\",\"idxP\":47},{\"mq\":\"Party Couture\",\"nm\":\"Bol dessert transparent cylindrique mini\",\"nme\":\"Cylindrical Clear Dessert Bowl Mini\",\"attr\":\"\",\"sku\":\"32496\",\"l2\":\"Contenant jetable\",\"sl\":\"bol-dessert-transparent-cylindrique-mini-party-couture-32496\",\"sn\":\"transparent\",\"idxP\":29},{\"mq\":\"Party Couture\",\"nm\":\"Cuill\u00E8re de d\u00E9gustation transparente avec support\",\"nme\":\"Clear Tasting Spoons\",\"attr\":\"\",\"sku\":\"32497\",\"l2\":\"Vaisselle jetable\",\"sl\":\"cuillere-de-degustation-transparente-avec-support-party-couture-32497\",\"sn\":\"transparent\",\"idxP\":25},{\"mq\":\"Alpha Polybag\",\"nm\":\"Sac 10lb 7x3x20\\\"\",\"nme\":\"10lb Bag 7x3x20\\\"\",\"attr\":\"\",\"sku\":\"02892\",\"l2\":\"Sac \u00E0 emballage\",\"sl\":\"sac-10lb-7x3x20-alpha-polybag-02892\",\"sn\":\"\",\"idxP\":32},{\"mq\":\"Alpha Polybag\",\"nm\":\"Sac 7lb 6x3x15\\\"\",\"nme\":\"7lb Bag 6x3x15\\\"\",\"attr\":\"\",\"sku\":\"02894\",\"l2\":\"Sac \u00E0 emballage\",\"sl\":\"sac-7lb-6x3x15-alpha-polybag-02894\",\"sn\":\"\",\"idxP\":34},{\"mq\":\"Alpha Polybag\",\"nm\":\"Sac 5lb 5x3x14\\\"\",\"nme\":\"5lb Bag 5x3x14\\\"\",\"attr\":\"\",\"sku\":\"02891\",\"l2\":\"Sac \u00E0 emballage\",\"sl\":\"sac-5lb-5x3x14-alpha-polybag-02891\",\"sn\":\"\",\"idxP\":63},{\"mq\":\"Hy Pax\",\"nm\":\"Ficelle pour boucher poli 6R\",\"nme\":\"Polish Butcher Twine 6R\",\"attr\":\"\",\"sku\":\"33010\",\"l2\":\"Pellicule, papier alimentaire\",\"sl\":\"ficelle-pour-boucher-poli-6r-hy-pax-33010\",\"sn\":\"\",\"idxP\":39},{\"mq\":\"Alpha Polybag\",\"nm\":\"Sac 8lb 7x3x16\\\"\",\"nme\":\"8lb Bag 7x3x16\\\"\",\"attr\":\"\",\"sku\":\"02893\",\"l2\":\"Sac \u00E0 emballage\",\"sl\":\"sac-8lb-7x3x16-alpha-polybag-02893\",\"sn\":\"\",\"idxP\":36},{\"mq\":\"Carton\",\"nm\":\"Carton argent carr\u00E9 pour g\u00E2teau 3\\\/16x10\\\"\",\"nme\":\"Square Board Cake 3\\\/16x10\\\"\",\"attr\":\"\",\"sku\":\"10375\",\"l2\":\"Boite carton\",\"sl\":\"carton-argent-carre-pour-gateau-316x10-carton-10375\",\"sn\":\"\",\"idxP\":29},{\"mq\":\"Carton\",\"nm\":\"Carton argent carr\u00E9 pour g\u00E2teau 3\\\/16x12\\\"\",\"nme\":\"Square Board Cake 3\\\/16x12\\\"\",\"attr\":\"\",\"sku\":\"10376\",\"l2\":\"Boite carton\",\"sl\":\"carton-argent-carre-pour-gateau-316x12-carton-10376\",\"sn\":\"\",\"idxP\":23},{\"mq\":\"Sly-Pack\",\"nm\":\"Carton argent rond 3\\\/16x12\\\"\",\"nme\":\"Round Board Cake 3\\\/16x12\\\"\",\"attr\":\"\",\"sku\":\"11100\",\"l2\":\"Boite carton\",\"sl\":\"carton-argent-rond-316x12-sly-pack-11100\",\"sn\":\"\",\"idxP\":43},{\"mq\":\"Carton\",\"nm\":\"Carton argent carr\u00E9 pour g\u00E2teau 3\\\/16x14\\\"\",\"nme\":\"Square Board Cake 3\\\/16x14\\\"\",\"attr\":\"\",\"sku\":\"10377\",\"l2\":\"Boite carton\",\"sl\":\"carton-argent-carre-pour-gateau-316x14-carton-10377\",\"sn\":\"\",\"idxP\":14},{\"mq\":\"Carton\",\"nm\":\"Carton rectangulaire argent 12x17\\\"\",\"nme\":\"Rectangular Board Cake 12x17\\\"\",\"attr\":\"\",\"sku\":\"12550\",\"l2\":\"Boite carton\",\"sl\":\"carton-rectangulaire-argent-12x17-carton-12550\",\"sn\":\"\",\"idxP\":15},{\"mq\":\"Carton\",\"nm\":\"Carton argent rond 3\\\/16x10\\\"\",\"nme\":\"Round Board Cake 3\\\/16x10\\\"\",\"attr\":\"\",\"sku\":\"11099\",\"l2\":\"Boite carton\",\"sl\":\"carton-argent-rond-316x10-carton-11099\",\"sn\":\"\",\"idxP\":45},{\"mq\":\"Carton\",\"nm\":\"Carton argent rond 3\\\/16x8\\\"\",\"nme\":\"Round Board Cake 3\\\/16x8\\\"\",\"attr\":\"\",\"sku\":\"11098\",\"l2\":\"Boite carton\",\"sl\":\"carton-argent-rond-316x8-carton-11098\",\"sn\":\"\",\"idxP\":37},{\"mq\":\"Touch\",\"nm\":\"Pic brochette 8\\\" bambou\",\"nme\":\"Stick skewer 8\\\" bamboo\",\"attr\":\"\",\"sku\":\"11103\",\"l2\":\"Vaisselle jetable\",\"sl\":\"pic-brochette-8-bambou-touch-11103\",\"sn\":\"\",\"idxP\":79},{\"mq\":\"Carton\",\"nm\":\"Carton argent rond 3\\\/16x14\\\"\",\"nme\":\"Round Board Cake 3\\\/16x14\\\"\",\"attr\":\"\",\"sku\":\"11101\",\"l2\":\"Boite carton\",\"sl\":\"carton-argent-rond-316x14-carton-11101\",\"sn\":\"\",\"idxP\":26},{\"mq\":\"Chef Elite\",\"nm\":\"Feuille d'aluminium 12x10.75\\\"\",\"nme\":\"Aluminum Sheet 12x10.75\\\"\",\"attr\":\"\",\"sku\":\"21517\",\"l2\":\"Pellicule, papier alimentaire\",\"sl\":\"feuille-daluminium-12x10.75-chef-elite-21517\",\"sn\":\"\",\"idxP\":78},{\"mq\":\"Graphic\",\"nm\":\"Bo\u00EEte \u00E0 g\u00E2teau 10\\\" x 10\\\" x 5\\\"\",\"nme\":\"Cake Box 10\\\" x 10\\\" x 5\\\"\",\"attr\":\"\",\"sku\":\"25217\",\"l2\":\"Boite carton\",\"sl\":\"boite-a-gateau-10-x-10-x-5-graphic-25217\",\"sn\":\"\",\"idxP\":43},{\"mq\":\"Graphic\",\"nm\":\"Bo\u00EEte \u00E0 g\u00E2teau 6.5\\\" x 6,5\\\" x 3,5\\\"\",\"nme\":\"Cake Box 6.5\\\" x 6.5\\\" x 3.5\\\"\",\"attr\":\"\",\"sku\":\"25224\",\"l2\":\"Boite carton\",\"sl\":\"boite-a-gateau-6.5-x-65-x-35-graphic-25224\",\"sn\":\"\",\"idxP\":26},{\"mq\":\"Graphic\",\"nm\":\"Bo\u00EEte \u00E0 g\u00E2teau 9\\\" x 9\\\" x 4\\\"\",\"nme\":\"Cake Box 9\\\" x 9\\\" x 4\\\"\",\"attr\":\"\",\"sku\":\"25232\",\"l2\":\"Boite carton\",\"sl\":\"boite-a-gateau-9-x-9-x-4-graphic-25232\",\"sn\":\"\",\"idxP\":17},{\"mq\":\"Graphic\",\"nm\":\"Bo\u00EEte \u00E0 pizza 6\\\"x6\\\"x1,5\\\" x250\",\"nme\":\"Pizza Box 6\\\"x6\\\"x1.5\\\" x250\",\"attr\":\"\",\"sku\":\"25239\",\"l2\":\"Boite carton\",\"sl\":\"boite-a-pizza-6x6x15-x250-graphic-25239\",\"sn\":\"\",\"idxP\":18},{\"mq\":\"Graphic\",\"nm\":\"Bo\u00EEte \u00E0 pizza 12\\\"x12\\\"x1,5\\\" x100\",\"nme\":\"Pizza Box 12\\\"x12\\\"x1.5\\\" x100\",\"attr\":\"\",\"sku\":\"25235\",\"l2\":\"Boite carton\",\"sl\":\"boite-a-pizza-12x12x15-x100-graphic-25235\",\"sn\":\"\",\"idxP\":35},{\"mq\":\"Graphic\",\"nm\":\"Bo\u00EEte \u00E0 pizza 8\\\"x8\\\"x1,5\\\" x250\",\"nme\":\"Pizza Box 8\\\"x8\\\"x1.5\\\" x250\",\"attr\":\"\",\"sku\":\"25240\",\"l2\":\"Boite carton\",\"sl\":\"boite-a-pizza-8x8x15-x250-graphic-25240\",\"sn\":\"\",\"idxP\":42},{\"mq\":\"Carton\",\"nm\":\"Carton argent rond 3\\\/16x16\\\"\",\"nme\":\"Round Board Cake 3\\\/16x16\\\"\",\"attr\":\"\",\"sku\":\"11102\",\"l2\":\"Boite carton\",\"sl\":\"carton-argent-rond-316x16-carton-11102\",\"sn\":\"\",\"idxP\":14},{\"mq\":\"Chef Elite\",\"nm\":\"Feuille d'aluminium 9x10.75\\\"\",\"nme\":\"Aluminum Sheet 9x10.75\\\"\",\"attr\":\"\",\"sku\":\"21516\",\"l2\":\"Pellicule, papier alimentaire\",\"sl\":\"feuille-daluminium-9x10.75-chef-elite-21516\",\"sn\":\"\",\"idxP\":77},{\"mq\":\"Placon\",\"nm\":\"Couvercle d\u00F4me transparent bol 80 oz \\\/ 160 oz\",\"nme\":\"Clear Dome Lid for Bowl 80 oz \\\/ 160 oz\",\"attr\":\"\",\"sku\":\"25284\",\"l2\":\"Contenant jetable\",\"sl\":\"couvercle-dome-transparent-bol-80-oz-160-oz-placon-25284\",\"sn\":\"transparent\",\"idxP\":0},{\"mq\":\"Graphic\",\"nm\":\"Bo\u00EEte \u00E0 pizza 14\\\"x14\\\"x1,5\\\" x100\",\"nme\":\"Pizza Box 14\\\"x14\\\"x1.5\\\" x100\",\"attr\":\"\",\"sku\":\"25236\",\"l2\":\"Boite carton\",\"sl\":\"boite-a-pizza-14x14x15-x100-graphic-25236\",\"sn\":\"\",\"idxP\":20},{\"mq\":\"Master Packaging\",\"nm\":\"Bo\u00EEte \u00E0 pizza ondul\u00E9e imprim\u00E9e 18\\\"\",\"nme\":\"Printed Corrugated Pizza Box 18\\\"\",\"attr\":\"\",\"sku\":\"34427\",\"l2\":\"Boite carton\",\"sl\":\"boite-a-pizza-ondulee-imprimee-18-master-packaging-34427\",\"sn\":\"\",\"idxP\":24},{\"mq\":\"Chef Elite\",\"nm\":\"Feuille d'aluminium 8x10.75\\\"\",\"nme\":\"Aluminum Sheet 8x10.75\\\"\",\"attr\":\"\",\"sku\":\"21514\",\"l2\":\"Pellicule, papier alimentaire\",\"sl\":\"feuille-daluminium-8x10.75-chef-elite-21514\",\"sn\":\"\",\"idxP\":53},{\"mq\":\"Master Packaging\",\"nm\":\"Bo\u00EEte \u00E0 pizza ondul\u00E9e imprim\u00E9e 16\\\"\",\"nme\":\"Printed Corrugated Pizza Box 16\\\"\",\"attr\":\"\",\"sku\":\"34428\",\"l2\":\"Boite carton\",\"sl\":\"boite-a-pizza-ondulee-imprimee-16-master-packaging-34428\",\"sn\":\"\",\"idxP\":28},{\"nm\":\"Boite pour sac canette\",\"nme\":\"Duckling bag box\",\"attr\":\"\",\"sku\":\"39895\",\"l2\":\"Contenant jetable\",\"sl\":\"boite-pour-sac-canette-39895\",\"sn\":\"\",\"idxP\":86},{\"mq\":\"511 Food Service\",\"nm\":\"Assiette blanche ovale\",\"nme\":\"White Oval Plate\",\"attr\":\"\",\"sku\":\"25725\",\"l2\":\"Vaisselle jetable\",\"sl\":\"assiette-blanche-ovale-511-food-service-25725\",\"sn\":\"\",\"idxP\":17},{\"mq\":\"511 Food Service\",\"nm\":\"Paille \u00E9co en papier blanc 10,25\\\"\",\"nme\":\"Eco White Paper Plastic Straw 10.25\\\"\",\"attr\":\"\u00C9cologique\",\"sku\":\"25739\",\"l2\":\"Vaisselle jetable\",\"sl\":\"paille-eco-en-papier-blanc-1025-511-food-service-25739\",\"sn\":\"\",\"idxP\":31},{\"mq\":\"511 Food Service\",\"nm\":\"Fourchette \u00E0 cocktail\",\"nme\":\"Wood Cocktail Fork\",\"attr\":\"\",\"sku\":\"25733\",\"l2\":\"Vaisselle jetable\",\"sl\":\"fourchette-a-cocktail-511-food-service-25733\",\"sn\":\"\",\"idxP\":23},{\"mq\":\"Master Packaging\",\"nm\":\"Bo\u00EEte \u00E0 pizza ondul\u00E9e imprim\u00E9e 8\\\"\",\"nme\":\"Printed Corrugated Pizza Box 8\\\"\",\"attr\":\"\",\"sku\":\"34439\",\"l2\":\"Boite carton\",\"sl\":\"boite-a-pizza-ondulee-imprimee-8-master-packaging-34439\",\"sn\":\"\",\"idxP\":31},{\"mq\":\"Serv-A\",\"nm\":\"Carton or rond 12\\\"\",\"nme\":\"Round Gold Board 12\\\"\",\"attr\":\"\",\"sku\":\"28713\",\"l2\":\"Boite carton\",\"sl\":\"carton-or-rond-12-serv-a-28713\",\"sn\":\"\",\"idxP\":19},{\"mq\":\"Master Packaging\",\"nm\":\"Bo\u00EEte \u00E0 pizza ondul\u00E9e imprim\u00E9e 14\\\"\",\"nme\":\"Printed Corrugated Pizza Box 14\\\"\",\"attr\":\"\",\"sku\":\"34431\",\"l2\":\"Boite carton\",\"sl\":\"boite-a-pizza-ondulee-imprimee-14-master-packaging-34431\",\"sn\":\"\",\"idxP\":44},{\"mq\":\"Serv-A\",\"nm\":\"Carton or rond 10\\\"\",\"nme\":\"Round Gold Board 10\\\"\",\"attr\":\"\",\"sku\":\"28712\",\"l2\":\"Boite carton\",\"sl\":\"carton-or-rond-10-serv-a-28712\",\"sn\":\"\",\"idxP\":35},{\"mq\":\"Serv-A\",\"nm\":\"Carton or rond 6\\\"\",\"nme\":\"Round Gold Board 6\\\"\",\"attr\":\"\",\"sku\":\"28981\",\"l2\":\"Boite carton\",\"sl\":\"carton-or-rond-6-serv-a-28981\",\"sn\":\"\",\"idxP\":28},{\"mq\":\"Carton\",\"nm\":\"Carton rectangulaire argent 15\\\"x21.25\\\"\",\"nme\":\"Rectangular Cake Board 15\\\"x21.25\\\"\",\"attr\":\"\",\"sku\":\"34674\",\"l2\":\"Boite carton\",\"sl\":\"carton-rectangulaire-argent-15x21.25-carton-34674\",\"sn\":\"\",\"idxP\":18},{\"mq\":\"Serv-A\",\"nm\":\"Carton or rond 8\\\"\",\"nme\":\"Round Gold Board 8\\\"\",\"attr\":\"\",\"sku\":\"28711\",\"l2\":\"Boite carton\",\"sl\":\"carton-or-rond-8-serv-a-28711\",\"sn\":\"\",\"idxP\":28},{\"mq\":\"MPC\",\"nm\":\"Papier pour balance cir\u00E9 8\\\"x11\\\"\",\"nme\":\"Scale Wax Paper 8\\\"x11\\\"\",\"attr\":\"\",\"sku\":\"12899\",\"l2\":\"Pellicule, papier alimentaire\",\"sl\":\"papier-pour-balance-cire-8x11-mpc-12899\",\"sn\":\"\",\"idxP\":42},{\"mq\":\"R\u00E9sinite\",\"nm\":\"Pellicule plastique emballage alimentaire 11x2000'\",\"nme\":\"Plastic Food Wrap 11\\\"x2000'\",\"attr\":\"\",\"sku\":\"25170\",\"l2\":\"Pellicule, papier alimentaire\",\"sl\":\"pellicule-plastique-emballage-alimentaire-11x2000-resinite-25170\",\"sn\":\"\",\"idxP\":66},{\"mq\":\"MPC\",\"nm\":\"Papier pour balance cir\u00E9 12x12\\\"\",\"nme\":\"Scale Wax Paper 12\\\"x12\\\"\",\"attr\":\"\",\"sku\":\"12902\",\"l2\":\"Pellicule, papier alimentaire\",\"sl\":\"papier-pour-balance-cire-12x12-mpc-12902\",\"sn\":\"\",\"idxP\":17},{\"mq\":\"MPC\",\"nm\":\"Papier steak 5\\\" 1\\\/4 x 5\\\" 1\\\/4\",\"nme\":\"Patty Burger 5\\\" 1\\\/4 x 5\\\" 1\\\/4\",\"attr\":\"\",\"sku\":\"12903\",\"l2\":\"Pellicule, papier alimentaire\",\"sl\":\"papier-steak-5-14-x-5-14-mpc-12903\",\"sn\":\"\",\"idxP\":54},{\"mq\":\"511 Food Service\",\"nm\":\"Ensemble de bol \u00E0 salade\",\"nme\":\"Salad Bowl Kit\",\"attr\":\"\",\"sku\":\"42451\",\"l2\":\"Contenant jetable\",\"sl\":\"ensemble-de-bol-a-salade-511-food-service-42451\",\"sn\":\"\",\"idxP\":40},{\"mq\":\"MPC\",\"nm\":\"Papier pour balance cir\u00E9 9\\\"x12\\\"\",\"nme\":\"Scale Wax Paper 9\\\"x12\\\"\",\"attr\":\"\",\"sku\":\"12898\",\"l2\":\"Pellicule, papier alimentaire\",\"sl\":\"papier-pour-balance-cire-9x12-mpc-12898\",\"sn\":\"\",\"idxP\":40},{\"mq\":\"R\u00E9sinite\",\"nm\":\"Pellicule plastique emballage alimentaire 17x2000'\",\"nme\":\"Plastic Food Wrap 17\\\"x2000'\",\"attr\":\"\",\"sku\":\"25171\",\"l2\":\"Pellicule, papier alimentaire\",\"sl\":\"pellicule-plastique-emballage-alimentaire-17x2000-resinite-25171\",\"sn\":\"\",\"idxP\":44},{\"mq\":\"MPC\",\"nm\":\"Papier cir\u00E9 tissu 6\\\"x9\\\"\",\"nme\":\"Wax Tissue Paper 6\\\"x9\\\"\",\"attr\":\"\",\"sku\":\"12890\",\"l2\":\"Pellicule, papier alimentaire\",\"sl\":\"papier-cire-tissu-6x9-mpc-12890\",\"sn\":\"\",\"idxP\":19},{\"mq\":\"MPC\",\"nm\":\"Papier p\u00EAche pour boucher 8\\\"x11\\\"\",\"nme\":\"Meat Peach Paper 8\\\"x11\\\"\",\"attr\":\"\",\"sku\":\"12897\",\"l2\":\"Pellicule, papier alimentaire\",\"sl\":\"papier-peche-pour-boucher-8x11-mpc-12897\",\"sn\":\"\",\"idxP\":25},{\"mq\":\"R\u00E9sinite\",\"nm\":\"Pellicule plastique emballage alimentaire 11x2500\",\"nme\":\"Plastic Food Wrap 11\\\"x2500\",\"attr\":\"\",\"sku\":\"26302\",\"l2\":\"Pellicule, papier alimentaire\",\"sl\":\"pellicule-plastique-emballage-alimentaire-11x2500-resinite-26302\",\"sn\":\"\",\"idxP\":95},{\"mq\":\"511 Food Service\",\"nm\":\"Pique brochette bambou 4\\\" n\u0153ud\",\"nme\":\"Skewer Knotted Bamboo 4\\\"\",\"attr\":\"\u00C9cologique\",\"sku\":\"33007\",\"l2\":\"Vaisselle jetable\",\"sl\":\"pique-brochette-bambou-4-nud-511-food-service-33007\",\"sn\":\"\",\"idxP\":36},{\"mq\":\"MPC\",\"nm\":\"Papier cir\u00E9 blanc 12\\\"x12\\\"\",\"nme\":\"White Wax Paper 12\\\"x12\\\"\",\"attr\":\"\",\"sku\":\"12891\",\"l2\":\"Pellicule, papier alimentaire\",\"sl\":\"papier-cire-blanc-12x12-mpc-12891\",\"sn\":\"\",\"idxP\":10},{\"mq\":\"R\u00E9sinite\",\"nm\":\"Pellicule plastique emballage alimentaire 11x1000\",\"nme\":\"Plastic Food Wrap 11\\\"x1000'\",\"attr\":\"\",\"sku\":\"33114\",\"l2\":\"Pellicule, papier alimentaire\",\"sl\":\"pellicule-plastique-emballage-alimentaire-11x1000-resinite-33114\",\"sn\":\"\",\"idxP\":83},{\"mq\":\"MPC\",\"nm\":\"Papier p\u00EAche pour boucher 9\\\"x12\\\"\",\"nme\":\"Peach Steak Paper 9\\\"x12\\\"\",\"attr\":\"\",\"sku\":\"12809\",\"l2\":\"Pellicule, papier alimentaire\",\"sl\":\"papier-peche-pour-boucher-9x12-mpc-12809\",\"sn\":\"\",\"idxP\":17},{\"mq\":\"MPC\",\"nm\":\"Papier en silicone 15\\\"x21\\\"\",\"nme\":\"Silicone Paper 15\\\"x21\\\"\",\"attr\":\"\",\"sku\":\"33902\",\"l2\":\"Pellicule, papier alimentaire\",\"sl\":\"papier-en-silicone-15x21-mpc-33902\",\"sn\":\"\",\"idxP\":25},{\"mq\":\"MPC\",\"nm\":\"Papier cir\u00E9 pour balance 14\\\"x14\\\"\",\"nme\":\"Scale Wax Paper 14\\\"x14\\\"\",\"attr\":\"\",\"sku\":\"35968\",\"l2\":\"Pellicule, papier alimentaire\",\"sl\":\"papier-cire-pour-balance-14x14-mpc-35968\",\"sn\":\"\",\"idxP\":14},{\"mq\":\"Rosenbloom\",\"nm\":\"Sac pour commande \u00E0 l'auto 12\\\"x7\\\"17\\\"\",\"nme\":\"Car Bag 12\\\"x7\\\"x17\\\"\",\"attr\":\"\",\"sku\":\"25779\",\"l2\":\"Sac \u00E0 emballage\",\"sl\":\"sac-pour-commande-a-lauto-12x717-rosenbloom-25779\",\"sn\":\"\",\"idxP\":51},{\"mq\":\"Rosenbloom\",\"nm\":\"Sac d'\u00E9picerie papier kraft 2lb\",\"nme\":\"Kraft Paper Grocery Bag 2lb\",\"attr\":\"\",\"sku\":\"25782\",\"l2\":\"Sac \u00E0 emballage\",\"sl\":\"sac-depicerie-papier-kraft-2lb-rosenbloom-25782\",\"sn\":\"\",\"idxP\":32},{\"mq\":\"R\u00E9sinite\",\"nm\":\"Pellicule plastique emballage alimentaire 17x2500\",\"nme\":\"Plastic Food Wrap 17x2500\",\"attr\":\"\",\"sku\":\"26303\",\"l2\":\"Pellicule, papier alimentaire\",\"sl\":\"pellicule-plastique-emballage-alimentaire-17x2500-resinite-26303\",\"sn\":\"\",\"idxP\":93},{\"mq\":\"Rosenbloom\",\"nm\":\"Sac d'\u00E9picerie papier kraft 1lb\",\"nme\":\"Kraft Paper Grocery Bag 1lb\",\"attr\":\"\",\"sku\":\"25781\",\"l2\":\"Sac \u00E0 emballage\",\"sl\":\"sac-depicerie-papier-kraft-1lb-rosenbloom-25781\",\"sn\":\"\",\"idxP\":43},{\"mq\":\"Rosenbloom\",\"nm\":\"Sac d'\u00E9picerie en papier 10lb\",\"nme\":\"Kraft Paper Grocery bag 10lb\",\"attr\":\"\",\"sku\":\"25787\",\"l2\":\"Sac \u00E0 emballage\",\"sl\":\"sac-depicerie-en-papier-10lb-rosenbloom-25787\",\"sn\":\"\",\"idxP\":61},{\"mq\":\"MPC\",\"nm\":\"Napperon kraft blanc 9\\\" x 13,5\\\"\",\"nme\":\"Straight Cut Placemat 9\\\" x 13.5\\\"\",\"attr\":\"\",\"sku\":\"12900\",\"l2\":\"Serviettes et nappes jetables\",\"sl\":\"napperon-kraft-blanc-9-x-135-mpc-12900\",\"sn\":\"\",\"idxP\":5},{\"mq\":\"MPC\",\"nm\":\"Papier pour cong\u00E9lation en rouleau 18\\\" x 1000'\",\"nme\":\"Freezer Paper Roll 18\\\" x 1000'\",\"attr\":\"\",\"sku\":\"35962\",\"l2\":\"Pellicule, papier alimentaire\",\"sl\":\"papier-pour-congelation-en-rouleau-18-x-1000-mpc-35962\",\"sn\":\"\",\"idxP\":5},{\"mq\":\"Rosenbloom\",\"nm\":\"Sac d'\u00E9picerie papier kraft 6lb\",\"nme\":\"Kradft Paper Grocery bag 6lb\",\"attr\":\"\",\"sku\":\"25785\",\"l2\":\"Sac \u00E0 emballage\",\"sl\":\"sac-depicerie-papier-kraft-6lb-rosenbloom-25785\",\"sn\":\"\",\"idxP\":52},{\"mq\":\"MPC\",\"nm\":\"Sac \u00E0 hot-dog imprim\u00E9\",\"nme\":\"Printed Hot-Dog Bags\",\"attr\":\"\",\"sku\":\"35726\",\"l2\":\"Sac \u00E0 emballage\",\"sl\":\"sac-a-hot-dog-imprime-mpc-35726\",\"sn\":\"\",\"idxP\":29},{\"mq\":\"MPC\",\"nm\":\"Papier journal en damier 12\\\" x 12\\\"\",\"nme\":\"Newspaper Paper Checkboard 12\\\" x 12\\\"\",\"attr\":\"\",\"sku\":\"35964\",\"l2\":\"Pellicule, papier alimentaire\",\"sl\":\"papier-journal-en-damier-12-x-12-mpc-35964\",\"sn\":\"\",\"idxP\":10},{\"mq\":\"Alpha Polybag\",\"nm\":\"Sac 8oz 4\\\"x1.5\\\"x7\\\"\",\"nme\":\"Bag 8oz 4\\\"x1.5\\\"x7\\\"\",\"attr\":\"\",\"sku\":\"47270\",\"l2\":\"Sac \u00E0 emballage\",\"sl\":\"sac-8oz-4x1.5x7-alpha-polybag-47270\",\"sn\":\"\",\"idxP\":72},{\"mq\":\"Alpha Polybag\",\"nm\":\"Sac 10lb 7\\\"x3x20\\\"\",\"nme\":\"Bag 10lb 7\\\"x3x20\\\"\",\"attr\":\"\",\"sku\":\"47268\",\"l2\":\"Sac \u00E0 emballage\",\"sl\":\"sac-10lb-7x3x20-alpha-polybag-47268\",\"sn\":\"\",\"idxP\":81},{\"mq\":\"Alpha Polybag\",\"nm\":\"Sac 20lb 12\\\"x6\\\"x26\\\"\",\"nme\":\"Bag 20lb 12\\\"x6\\\"x26\\\"\",\"attr\":\"\",\"sku\":\"47271\",\"l2\":\"Sac \u00E0 emballage\",\"sl\":\"sac-20lb-12x6x26-alpha-polybag-47271\",\"sn\":\"\",\"idxP\":12},{\"mq\":\"MPC\",\"nm\":\"Papier cir\u00E9 en feuille 8''x11''\",\"nme\":\"Waxed Paper Sheet 8''x11''\",\"attr\":\"\",\"sku\":\"35966\",\"l2\":\"Pellicule, papier alimentaire\",\"sl\":\"papier-cire-en-feuille-8x11-mpc-35966\",\"sn\":\"\",\"idxP\":9},{\"mq\":\"Rosenbloom\",\"nm\":\"Sac d'\u00E9picerie papier kraft 5lb\",\"nme\":\"Kraft Paper Grocery bag 5lb\",\"attr\":\"\",\"sku\":\"25784\",\"l2\":\"Sac \u00E0 emballage\",\"sl\":\"sac-depicerie-papier-kraft-5lb-rosenbloom-25784\",\"sn\":\"\",\"idxP\":38},{\"mq\":\"Alpha Polybag\",\"nm\":\"Sac 3lb 5\\\"x2\\\"x11.5\\\"\",\"nme\":\"Bag 3lb 5\\\"x2\\\"x11.5\\\"\",\"attr\":\"\",\"sku\":\"47273\",\"l2\":\"Sac \u00E0 emballage\",\"sl\":\"sac-3lb-5x2x11.5-alpha-polybag-47273\",\"sn\":\"\",\"idxP\":96},{\"mq\":\"Rosenbloom\",\"nm\":\"Sac d'\u00E9picerie papier kraft 12lb\",\"nme\":\"Kraft Paper Grocery Bag 12lb\",\"attr\":\"\",\"sku\":\"25788\",\"l2\":\"Sac \u00E0 emballage\",\"sl\":\"sac-depicerie-papier-kraft-12lb-rosenbloom-25788\",\"sn\":\"\",\"idxP\":48},{\"mq\":\"Alpha Polybag\",\"nm\":\"Sac 7lb 6\\\"x3\\\"x15\\\"\",\"nme\":\"Bag 7lb 6\\\"x3\\\"x15\\\"\",\"attr\":\"\",\"sku\":\"47266\",\"l2\":\"Sac \u00E0 emballage\",\"sl\":\"sac-7lb-6x3x15-alpha-polybag-47266\",\"sn\":\"\",\"idxP\":97},{\"mq\":\"Alpha Polybag\",\"nm\":\"Sac 5lb 5\\\"x3\\\"x14\\\"\",\"nme\":\"Bag 5lb 5\\\"x3\\\"x14\\\"\",\"attr\":\"\",\"sku\":\"47272\",\"l2\":\"Sac \u00E0 emballage\",\"sl\":\"sac-5lb-5x3x14-alpha-polybag-47272\",\"sn\":\"\",\"idxP\":100},{\"mq\":\"MPC\",\"nm\":\"Papier cir\u00E9 en rouleau 18\\\" x 1000'\",\"nme\":\"Wax Paper Roll 18\\\" x 1000'\",\"attr\":\"\",\"sku\":\"35963\",\"l2\":\"Pellicule, papier alimentaire\",\"sl\":\"papier-cire-en-rouleau-18-x-1000-mpc-35963\",\"sn\":\"\",\"idxP\":6},{\"mq\":\"Alpha Polybag\",\"nm\":\"Sac 12lb 8\\\"x4\\\"x20\\\"\",\"nme\":\"Bag 12lb 8\\\"x4\\\"x20\\\"\",\"attr\":\"\",\"sku\":\"47269\",\"l2\":\"Sac \u00E0 emballage\",\"sl\":\"sac-12lb-8x4x20-alpha-polybag-47269\",\"sn\":\"\",\"idxP\":89},{\"mq\":\"Alpha Polybag\",\"nm\":\"Sac 15lb 12x3x20\\\"\",\"nme\":\"Bag 15lb 12x3x20\\\"\",\"attr\":\"\",\"sku\":\"12792\",\"l2\":\"Sac \u00E0 emballage\",\"sl\":\"sac-15lb-12x3x20-alpha-polybag-12792\",\"sn\":\"\",\"idxP\":28},{\"mq\":\"Rosenbloom\",\"nm\":\"Sac d'\u00E9picerie papier kraft 3lb\",\"nme\":\"Kraft Paper Grocery bag 3lb\",\"attr\":\"\",\"sku\":\"25783\",\"l2\":\"Sac \u00E0 emballage\",\"sl\":\"sac-depicerie-papier-kraft-3lb-rosenbloom-25783\",\"sn\":\"\",\"idxP\":51},{\"mq\":\"Alpha Polybag\",\"nm\":\"Sac 8lb 7\\\"x3\\\"x16\\\"\",\"nme\":\"Bag 8lb 7\\\"x3\\\"x16\\\"\",\"attr\":\"\",\"sku\":\"47267\",\"l2\":\"Sac \u00E0 emballage\",\"sl\":\"sac-8lb-7x3x16-alpha-polybag-47267\",\"sn\":\"\",\"idxP\":64},{\"mq\":\"Ziploc\",\"nm\":\"Sac grand\",\"nme\":\"Large Bag\",\"attr\":\"\",\"sku\":\"17351\",\"l2\":\"Sac \u00E0 emballage\",\"sl\":\"sac-grand-ziploc-17351\",\"sn\":\"\",\"idxP\":39},{\"mq\":\"Rosenbloom\",\"nm\":\"Sac d'\u00E9picerie papier kraft 8lb\",\"nme\":\"Kraft Paper Grocery Bag 8lb\",\"attr\":\"\",\"sku\":\"34818\",\"l2\":\"Sac \u00E0 emballage\",\"sl\":\"sac-depicerie-papier-kraft-8lb-rosenbloom-34818\",\"sn\":\"\",\"idxP\":32},{\"mq\":\"Serv-a\",\"nm\":\"Verre en papier pour boisson chaude 10oz\",\"nme\":\"Hot Paper Cup 10oz\",\"attr\":\"\",\"sku\":\"39858\",\"l2\":\"Vaisselle jetable\",\"sl\":\"verre-en-papier-pour-boisson-chaude-10oz-serv-a-39858\",\"sn\":\"\",\"idxP\":88},{\"mq\":\"Dart\",\"nm\":\"Verre transparent en plastique 20oz 20Px\",\"nme\":\"Clear Plastic Cup 12PX 20oz\",\"attr\":\"\",\"sku\":\"37781\",\"l2\":\"Vaisselle jetable\",\"sl\":\"verre-transparent-en-plastique-20oz-20px-dart-37781\",\"sn\":\"\",\"idxP\":26},{\"mq\":\"Superior\",\"nm\":\"Couvercle \u00E0 languette blanc LM620FB\",\"nme\":\"White Tear Lid 12oz LM1620FB\",\"attr\":\"\",\"sku\":\"06773\",\"l2\":\"Contenant jetable\",\"sl\":\"couvercle-a-languette-blanc-lm620fb-superior-06773\",\"sn\":\"\",\"idxP\":42},{\"mq\":\"Superior\",\"nm\":\"Couvercle \u00E0 languette 7\\\/8oz L6096FB\",\"nme\":\"Tear Lid 7\\\/8oz L6096FB\",\"attr\":\"\",\"sku\":\"06772\",\"l2\":\"Contenant jetable\",\"sl\":\"couvercle-a-languette-78oz-l6096fb-superior-06772\",\"sn\":\"\",\"idxP\":80},{\"mq\":\"Party Couture\",\"nm\":\"Mini fourchettes blanches\",\"nme\":\"Whit Mini Fork\",\"attr\":\"\",\"sku\":\"22773\",\"l2\":\"Vaisselle jetable\",\"sl\":\"mini-fourchettes-blanches-party-couture-22773\",\"sn\":\"\",\"idxP\":44},{\"mq\":\"Party Couture\",\"nm\":\"Mini fourchettes argent\u00E9s\",\"nme\":\"Silver Mini Fork\",\"attr\":\"\",\"sku\":\"22776\",\"l2\":\"Vaisselle jetable\",\"sl\":\"mini-fourchettes-argentes-party-couture-22776\",\"sn\":\"\",\"idxP\":42},{\"mq\":\"Party Couture\",\"nm\":\"Mini cuill\u00E8res argent\u00E9s\",\"nme\":\"Silver Plastic Mini Spoon\",\"attr\":\"\",\"sku\":\"22774\",\"l2\":\"Vaisselle jetable\",\"sl\":\"mini-cuilleres-argentes-party-couture-22774\",\"sn\":\"\",\"idxP\":77},{\"mq\":\"Party Couture\",\"nm\":\"Mini cuill\u00E8res blanches\",\"nme\":\"White Mini Spoon\",\"attr\":\"\",\"sku\":\"22777\",\"l2\":\"Vaisselle jetable\",\"sl\":\"mini-cuilleres-blanches-party-couture-22777\",\"sn\":\"\",\"idxP\":51},{\"mq\":\"Party Couture\",\"nm\":\"Mini cuill\u00E8res transparentes\",\"nme\":\"Clear Mini Spoon\",\"attr\":\"\",\"sku\":\"22793\",\"l2\":\"Vaisselle jetable\",\"sl\":\"mini-cuilleres-transparentes-party-couture-22793\",\"sn\":\"transparent\",\"idxP\":52},{\"mq\":\"Table Accents\",\"nm\":\"Couteau blanc compostable\",\"nme\":\"White knife compostable\",\"attr\":\"\",\"sku\":\"23743\",\"l2\":\"Vaisselle jetable\",\"sl\":\"couteau-blanc-compostable-table-accents-23743\",\"sn\":\"biologique\",\"idxP\":16},{\"mq\":\"Party Couture\",\"nm\":\"Bol blanc carr\u00E9\",\"nme\":\"Square White Bowl\",\"attr\":\"\",\"sku\":\"27779\",\"l2\":\"Contenant jetable\",\"sl\":\"bol-blanc-carre-party-couture-27779\",\"sn\":\"\",\"idxP\":45},{\"mq\":\"Party Couture\",\"nm\":\"Verrines hautes carr\u00E9 transparents\",\"nme\":\"Clear tall plastic verrine\",\"attr\":\"\",\"sku\":\"27792\",\"l2\":\"Contenant jetable\",\"sl\":\"verrines-hautes-carre-transparents-party-couture-27792\",\"sn\":\"verrines\",\"idxP\":74},{\"mq\":\"Party Couture\",\"nm\":\"Verres \u00E0 shooters 1 oz\",\"nme\":\"Shooter Glass 1 oz\",\"attr\":\"\",\"sku\":\"36457\",\"l2\":\"Vaisselle jetable\",\"sl\":\"verres-a-shooters-1-oz-party-couture-36457\",\"sn\":\"\",\"idxP\":40},{\"mq\":\"Party Couture\",\"nm\":\"Assiettes blanches carr\u00E9e pour petits fours\",\"nme\":\"White Petit Four Square Plate\",\"attr\":\"\",\"sku\":\"27787\",\"l2\":\"Vaisselle jetable\",\"sl\":\"assiettes-blanches-carree-pour-petits-fours-party-couture-27787\",\"sn\":\"\",\"idxP\":60},{\"mq\":\"Party Couture\",\"nm\":\"Assiettes transparentes carr\u00E9es pour petits fours\",\"nme\":\"Clear Petit Four Square Plate\",\"attr\":\"\",\"sku\":\"27788\",\"l2\":\"Vaisselle jetable\",\"sl\":\"assiettes-transparentes-carrees-pour-petits-fours-party-couture-27788\",\"sn\":\"transparent\",\"idxP\":26},{\"mq\":\"Party Couture\",\"nm\":\"Bols transparents carr\u00E9\",\"nme\":\"Square White Bowl\",\"attr\":\"\",\"sku\":\"27780\",\"l2\":\"Contenant jetable\",\"sl\":\"bols-transparents-carre-party-couture-27780\",\"sn\":\"transparent\",\"idxP\":79},{\"mq\":\"Caf\u00E9 Express\",\"nm\":\"Verre \u00E0 bi\u00E8re en plastique 16 oz 455 ml\",\"nme\":\"Plastic Beer Glass 16 oz\",\"attr\":\"\",\"sku\":\"27275\",\"l2\":\"Vaisselle jetable\",\"sl\":\"verre-a-biere-en-plastique-16-oz-455-ml-cafe-express-27275\",\"sn\":\"\",\"idxP\":86},{\"mq\":\"Touch\",\"nm\":\"B\u00E2tons \u00E0 caf\u00E9 en bois 4,5\\\"\",\"nme\":\"Wood Coffee Stirrers 6.5\\\"\",\"attr\":\"\u00C9cologique\",\"sku\":\"49593\",\"l2\":\"Vaisselle jetable\",\"sl\":\"batons-a-cafe-en-bois-45-touch-49593\",\"sn\":\"\",\"idxP\":40},{\"mq\":\"Touch\",\"nm\":\"Cure-dents ronds\",\"nme\":\"Round Toothpick\",\"attr\":\"\",\"sku\":\"43815\",\"l2\":\"Vaisselle jetable\",\"sl\":\"cure-dents-ronds-touch-43815\",\"sn\":\"\",\"idxP\":79},{\"mq\":\"Table Accents\",\"nm\":\"Ens. ustensile plastique blanc 5pcs (f\\\/k\\\/n\\\/s\\\/p)\",\"nme\":\"White Plastic Cutlery Pack (f\\\/k\\\/n\\\/s\\\/p)\",\"attr\":\"\",\"sku\":\"29716\",\"l2\":\"Vaisselle jetable\",\"sl\":\"ens.-ustensile-plastique-blanc-5pcs-fknsp-table-accents-29716\",\"sn\":\"\",\"idxP\":73},{\"mq\":\"Maska\",\"nm\":\"Ficelle de cuisine\",\"nme\":\"Kitchen String\",\"attr\":\"\",\"sku\":\"22826\",\"l2\":\"Pellicule, papier alimentaire\",\"sl\":\"ficelle-de-cuisine-maska-22826\",\"sn\":\"\",\"idxP\":13},{\"mq\":\"Caf\u00E9 Express\",\"nm\":\"Verre en papier cir\u00E9 5oz\",\"nme\":\"Wax Paper Cut 5oz\",\"attr\":\"\u00C9cologique\",\"sku\":\"27766\",\"l2\":\"Vaisselle jetable\",\"sl\":\"verre-en-papier-cire-5oz-cafe-express-27766\",\"sn\":\"\",\"idxP\":47},{\"mq\":\"Touch\",\"nm\":\"Cure-dents plats \u00E0 club sandwich\",\"nme\":\"Club Sandwich Sticks\",\"attr\":\"\",\"sku\":\"04784\",\"l2\":\"Vaisselle jetable\",\"sl\":\"cure-dents-plats-a-club-sandwich-touch-04784\",\"sn\":\"\",\"idxP\":100},{\"mq\":\"Graphic\",\"nm\":\"Coquille pour pizza\",\"nme\":\"Pizza Shell\",\"attr\":\"\",\"sku\":\"28004\",\"l2\":\"Boite carton\",\"sl\":\"coquille-pour-pizza-graphic-28004\",\"sn\":\"\",\"idxP\":38},{\"mq\":\"Argentia Ridge\",\"nm\":\"Verre \u00E0 vin en plastique 7,8oz\",\"nme\":\"Plastic Wine Glass 7.8oz\",\"attr\":\"\",\"sku\":\"28005\",\"l2\":\"Vaisselle jetable\",\"sl\":\"verre-a-vin-en-plastique-78oz-argentia-ridge-28005\",\"sn\":\"\",\"idxP\":57},{\"mq\":\"Argentia Ridge\",\"nm\":\"Verre \u00E0 vin en plastique 5oz \\\/ 150ml\",\"nme\":\"Plastic Wine Glass 5oz \\\/ 150ml\",\"attr\":\"\",\"sku\":\"28006\",\"l2\":\"Vaisselle jetable\",\"sl\":\"verre-a-vin-en-plastique-5oz-150ml-argentia-ridge-28006\",\"sn\":\"\",\"idxP\":91},{\"mq\":\"Terra Verde\",\"nm\":\"Verre compostable 12oz\",\"nme\":\"Compostable Glass 12oz\",\"attr\":\"\u00C9cologique\",\"sku\":\"28008\",\"l2\":\"Vaisselle jetable\",\"sl\":\"verre-compostable-12oz-terra-verde-28008\",\"sn\":\"\",\"idxP\":49},{\"mq\":\"Terra Verde\",\"nm\":\"Verre compostable 16oz\",\"nme\":\"Compostable Glass 16oz\",\"attr\":\"\u00C9cologique\",\"sku\":\"28009\",\"l2\":\"Vaisselle jetable\",\"sl\":\"verre-compostable-16oz-terra-verde-28009\",\"sn\":\"\",\"idxP\":26},{\"mq\":\"Ieco\",\"nm\":\"Couvercle bomb\u00E9 compostable 9mm\",\"nme\":\"Compostable Curved Lid 9 mm\",\"attr\":\"\u00C9cologique\",\"sku\":\"28010\",\"l2\":\"Contenant jetable\",\"sl\":\"couvercle-bombe-compostable-9mm-ieco-28010\",\"sn\":\"\",\"idxP\":49},{\"mq\":\"Touch\",\"nm\":\"Cure-dents assortiment 4 couleurs 4\\\"\",\"nme\":\"4 Colour Assorted Toothpicks 4\\\"\",\"attr\":\"\",\"sku\":\"34409\",\"l2\":\"Vaisselle jetable\",\"sl\":\"cure-dents-assortiment-4-couleurs-4-touch-34409\",\"sn\":\"\",\"idxP\":12},{\"mq\":\"Terra Verde\",\"nm\":\"Verre compostable PLA 10oz\",\"nme\":\"Single Wall PLA Compostable PLA Hot Cup 10oz\",\"attr\":\"\u00C9cologique\",\"sku\":\"28007\",\"l2\":\"Vaisselle jetable\",\"sl\":\"verre-compostable-pla-10oz-terra-verde-28007\",\"sn\":\"\",\"idxP\":50},{\"mq\":\"Classic Collect\",\"nm\":\"Assiette blanche avec bordure argent\u00E9e 7,5\\\"\",\"nme\":\"Silver Band White Plate 7.5\\\"\",\"attr\":\"\",\"sku\":\"34795\",\"l2\":\"Vaisselle jetable\",\"sl\":\"assiette-blanche-avec-bordure-argentee-75-classic-collect-34795\",\"sn\":\"\",\"idxP\":44},{\"mq\":\"Premium Collection\",\"nm\":\"Assiette transparente 9''\",\"nme\":\"Clear Plate 9''\",\"attr\":\"\",\"sku\":\"34793\",\"l2\":\"Vaisselle jetable\",\"sl\":\"assiette-transparente-9-premium-collection-34793\",\"sn\":\"transparent\",\"idxP\":3},{\"mq\":\"Touch\",\"nm\":\"Cure-dents ronds menthe individuels\",\"nme\":\"Individual Mint Round Toothpick\",\"attr\":\"\",\"sku\":\"29999\",\"l2\":\"Vaisselle jetable\",\"sl\":\"cure-dents-ronds-menthe-individuels-touch-29999\",\"sn\":\"\",\"idxP\":37},{\"mq\":\"Argentia Ridge\",\"nm\":\"Fl\u00FBtes \u00E0 champagne\",\"nme\":\"Champagne Flutes\",\"attr\":\"\",\"sku\":\"28169\",\"l2\":\"Vaisselle jetable\",\"sl\":\"flutes-a-champagne-argentia-ridge-28169\",\"sn\":\"\",\"idxP\":70},{\"mq\":\"Caf\u00E9 Express\",\"nm\":\"Contenant et couvercle rectangle transparent 42 oz\",\"nme\":\"Clear Rectangular Container and Lid 42oz \\\/ 1200 ml\",\"attr\":\"\",\"sku\":\"28282\",\"l2\":\"Contenant jetable\",\"sl\":\"contenant-et-couvercle-rectangle-transparent-42-oz-cafe-express-28282\",\"sn\":\"transparent\",\"idxP\":69},{\"mq\":\"Caf\u00E9 Express\",\"nm\":\"Contenant et couvercle rectangle transparent 27 oz\",\"nme\":\"Clear Rectangular Container and Lid 27oz \\\/ 765 ml\",\"attr\":\"\",\"sku\":\"28278\",\"l2\":\"Contenant jetable\",\"sl\":\"contenant-et-couvercle-rectangle-transparent-27-oz-cafe-express-28278\",\"sn\":\"transparent\",\"idxP\":85},{\"mq\":\"Caf\u00E9 Express\",\"nm\":\"Contenant et couvercle ronds transparents 22 oz\",\"nme\":\"Clear Round Container and Lid 22 oz \\\/ 625 ml\",\"attr\":\"\",\"sku\":\"28275\",\"l2\":\"Contenant jetable\",\"sl\":\"contenant-et-couvercle-ronds-transparents-22-oz-cafe-express-28275\",\"sn\":\"transparent\",\"idxP\":52},{\"mq\":\"Caf\u00E9 Express\",\"nm\":\"Contenant et couvercle rectangle transparent 34 oz\",\"nme\":\"Clear Rectangular Container and Lid 34oz\\\/965 ml\",\"attr\":\"\",\"sku\":\"28280\",\"l2\":\"Contenant jetable\",\"sl\":\"contenant-et-couvercle-rectangle-transparent-34-oz-cafe-express-28280\",\"sn\":\"transparent\",\"idxP\":72},{\"mq\":\"Titan\",\"nm\":\"Couvercle lamin\u00E9 7\\\"x5\\\" 2lbs\",\"nme\":\"Laminated lid 7\\\"x5\\\" 2lbs\",\"attr\":\"\",\"sku\":\"28324\",\"l2\":\"Contenant jetable\",\"sl\":\"couvercle-lamine-7x5-2lbs-titan-28324\",\"sn\":\"\",\"idxP\":34},{\"mq\":\"Sanfacon\",\"nm\":\"Serviette humide 5x7 dessin ustencile\",\"nme\":\"Wet napkin\",\"attr\":\"\",\"sku\":\"28270\",\"l2\":\"Serviettes et nappes jetables\",\"sl\":\"serviette-humide-5x7-dessin-ustencile-sanfacon-28270\",\"sn\":\"\",\"idxP\":7},{\"mq\":\"R\u00E9sinite\",\"nm\":\"Pellicule de plastique en rouleau 15\\\"x3900'\",\"nme\":\"Roll Fruit Film 15\\\"x3900'\",\"attr\":\"\",\"sku\":\"07877\",\"l2\":\"Pellicule, papier alimentaire\",\"sl\":\"pellicule-de-plastique-en-rouleau-15x3900-resinite-07877\",\"sn\":\"\",\"idxP\":0},{\"mq\":\"Dart\",\"nm\":\"Contenant plastique transparent 8 on\",\"nme\":\"Clear Plastic Container 8 oz\",\"attr\":\"\",\"sku\":\"08422\",\"l2\":\"Contenant jetable\",\"sl\":\"contenant-plastique-transparent-8-on-dart-08422\",\"sn\":\"\",\"idxP\":58},{\"mq\":\"R\u00E9sinite\",\"nm\":\"Pellicule plastique pour la viande 14.5\\\"x5280'\",\"nme\":\"Meat Film Roll 14.5\\\"x5280'\",\"attr\":\"\",\"sku\":\"10191\",\"l2\":\"Pellicule, papier alimentaire\",\"sl\":\"pellicule-plastique-pour-la-viande-14.5x5280-resinite-10191\",\"sn\":\"\",\"idxP\":0},{\"mq\":\"Caf\u00E9 Express\",\"nm\":\"Contenant et couvercle ronds transparents 34 oz\",\"nme\":\"Clear Round Container and Lid 34 oz \\\/ 965 ml\",\"attr\":\"\",\"sku\":\"28276\",\"l2\":\"Contenant jetable\",\"sl\":\"contenant-et-couvercle-ronds-transparents-34-oz-cafe-express-28276\",\"sn\":\"transparent\",\"idxP\":45},{\"mq\":\"Dart\",\"nm\":\"Contenant plastique transparent 12 on\",\"nme\":\"Clear Plastic Container 12 oz\",\"attr\":\"\",\"sku\":\"08514\",\"l2\":\"Contenant jetable\",\"sl\":\"contenant-plastique-transparent-12-on-dart-08514\",\"sn\":\"\",\"idxP\":50},{\"mq\":\"R\u00E9sinite\",\"nm\":\"Pellicule plastique pour la viande 17\\\"x5280'\",\"nme\":\"Meat Film Roll 17\\\"x5280'\",\"attr\":\"\",\"sku\":\"10190\",\"l2\":\"Pellicule, papier alimentaire\",\"sl\":\"pellicule-plastique-pour-la-viande-17x5280-resinite-10190\",\"sn\":\"\",\"idxP\":0},{\"mq\":\"Table Accents\",\"nm\":\"Assiette compostable 7\\\"\",\"nme\":\"Compostable Plate 7\\\"\",\"attr\":\"\u00C9cologique\",\"sku\":\"23751\",\"l2\":\"Vaisselle jetable\",\"sl\":\"assiette-compostable-7-table-accents-23751\",\"sn\":\"\",\"idxP\":95},{\"mq\":\"Universal\",\"nm\":\"Pellicule de plastique pour emballage 37cmx457m\",\"nme\":\"Wrap Film 37cmx457m\",\"attr\":\"\",\"sku\":\"12589\",\"l2\":\"Pellicule, papier alimentaire\",\"sl\":\"pellicule-de-plastique-pour-emballage-37cmx457m-universal-12589\",\"sn\":\"\",\"idxP\":63},{\"mq\":\"Table Accents\",\"nm\":\"Assiette compostable 9\\\"\",\"nme\":\"Compostable Plate 9\\\"\",\"attr\":\"\u00C9cologique\",\"sku\":\"23755\",\"l2\":\"Vaisselle jetable\",\"sl\":\"assiette-compostable-9-table-accents-23755\",\"sn\":\"\",\"idxP\":82},{\"mq\":\"511 Food Service\",\"nm\":\"Baguette chinoise bambou emball\u00E9e 9\\\"\",\"nme\":\"Packaged Bamboo 9\\\" Chopsticks\",\"attr\":\"\u00C9cologique\",\"sku\":\"25699\",\"l2\":\"Vaisselle jetable\",\"sl\":\"baguette-chinoise-bambou-emballee-9-511-food-service-25699\",\"sn\":\"\",\"idxP\":42},{\"mq\":\"R\u00E9sinite\",\"nm\":\"Pellicule de plastique en rouleau 18\\\"x3900'\",\"nme\":\"Roll Fruit Film 18\\\"x3900'\",\"attr\":\"\",\"sku\":\"07878\",\"l2\":\"Pellicule, papier alimentaire\",\"sl\":\"pellicule-de-plastique-en-rouleau-18x3900-resinite-07878\",\"sn\":\"\",\"idxP\":0},{\"mq\":\"Polarpro\",\"nm\":\"Cuill\u00E8re \u00E0 th\u00E9 blanche en propyl\u00E8ne\",\"nme\":\"Propylene White Tea Soup\",\"attr\":\"\",\"sku\":\"17735\",\"l2\":\"Vaisselle jetable\",\"sl\":\"cuillere-a-the-blanche-en-propylene-polarpro-17735\",\"sn\":\"\",\"idxP\":12},{\"mq\":\"ABC Emballuxe\",\"nm\":\"Barquette bateau ovale en bois 85x135 mm\",\"nme\":\"Wooden Oval Boat Tray 85x135 mm\",\"attr\":\"\u00C9cologique\",\"sku\":\"26221\",\"l2\":\"Contenant jetable\",\"sl\":\"barquette-bateau-ovale-en-bois-85x135-mm-abc-emballuxe-26221\",\"sn\":\"plateau\",\"idxP\":57},{\"mq\":\"ABC Emballuxe\",\"nm\":\"Barquette bateau ovale en bois 90x165 mm\",\"nme\":\"Wooden Oval Boat Tray 90x165 mm\",\"attr\":\"\u00C9cologique\",\"sku\":\"26222\",\"l2\":\"Contenant jetable\",\"sl\":\"barquette-bateau-ovale-en-bois-90x165-mm-abc-emballuxe-26222\",\"sn\":\"plateau\",\"idxP\":46}], [{\"mq\":\"ABC Emballuxe\",\"nm\":\"Barquette bateau ovale  bois 60x45x20mm\",\"nme\":\"Wooden Oval Boat Tray 60x45x20mm\",\"attr\":\"\u00C9cologique\",\"sku\":\"26219\",\"l2\":\"Contenant jetable\",\"sl\":\"barquette-bateau-ovale-bois-60x45x20mm-abc-emballuxe-26219\",\"sn\":\"plateau\",\"idxP\":78},{\"mq\":\"Polar Pak\",\"nm\":\"Bol \u00E0 dessert 6on\",\"nme\":\"Dessert Bowl 6oz\",\"attr\":\"\",\"sku\":\"28707\",\"l2\":\"Contenant jetable\",\"sl\":\"bol-a-dessert-6on-polar-pak-28707\",\"sn\":\"\",\"idxP\":23},{\"mq\":\"Rosenbloom\",\"nm\":\"Rouleau de papier brun 15\\\" x 1000\",\"nme\":\"Brown Paper Roll 15\\\" x 1000\",\"attr\":\"\",\"sku\":\"32638\",\"l2\":\"Pellicule, papier alimentaire\",\"sl\":\"rouleau-de-papier-brun-15-x-1000-rosenbloom-32638\",\"sn\":\"\",\"idxP\":7},{\"mq\":\"Dart\",\"nm\":\"Contenant plastique transparent 16 on\",\"nme\":\"Clear Plastic Container 16 oz\",\"attr\":\"\",\"sku\":\"08516\",\"l2\":\"Contenant jetable\",\"sl\":\"contenant-plastique-transparent-16-on-dart-08516\",\"sn\":\"\",\"idxP\":70},{\"mq\":\"Table Accents\",\"nm\":\"Assiette compostable 10\\\"\",\"nme\":\"Plate Compostable 10\\\"\",\"attr\":\"\u00C9cologique\",\"sku\":\"23753\",\"l2\":\"Vaisselle jetable\",\"sl\":\"assiette-compostable-10-table-accents-23753\",\"sn\":\"\",\"idxP\":83},{\"mq\":\"Lapaco\",\"nm\":\"Serviette \u00E0 d\u00EEner blanc\",\"nme\":\"White Dinner Napkin\",\"attr\":\"\",\"sku\":\"30897\",\"l2\":\"Serviettes et nappes jetables\",\"sl\":\"serviette-a-diner-blanc-lapaco-30897\",\"sn\":\"\",\"idxP\":33},{\"mq\":\"Touch\",\"nm\":\"B\u00E2ton \u00E0 brochette en bamboo 10\\\"\",\"nme\":\"Bamboo Skewer Stick 10\\\"\",\"attr\":\"\",\"sku\":\"15510\",\"l2\":\"Vaisselle jetable\",\"sl\":\"baton-a-brochette-en-bamboo-10-touch-15510\",\"sn\":\"\",\"idxP\":78},{\"mq\":\"ABC Emballuxe\",\"nm\":\"Barquette bateau ovale en bois 100x220 mm\",\"nme\":\"Wooden Oval Boat Tray 70x45 mm\",\"attr\":\"\u00C9cologique\",\"sku\":\"26224\",\"l2\":\"Contenant jetable\",\"sl\":\"barquette-bateau-ovale-en-bois-100x220-mm-abc-emballuxe-26224\",\"sn\":\"plateau\",\"idxP\":54},{\"mq\":\"Polar Pak\",\"nm\":\"Bol \u00E0 dessert 8on\",\"nme\":\"Dessert Bowl 8oz\",\"attr\":\"\",\"sku\":\"28708\",\"l2\":\"Contenant jetable\",\"sl\":\"bol-a-dessert-8on-polar-pak-28708\",\"sn\":\"\",\"idxP\":38},{\"mq\":\"Dart\",\"nm\":\"Verre transparent en plastique 9 oz \\\/ 255 ml\",\"nme\":\"Plastic Clear Glass 9 oz \\\/ 255 ml\",\"attr\":\"\",\"sku\":\"33780\",\"l2\":\"Vaisselle jetable\",\"sl\":\"verre-transparent-en-plastique-9-oz-255-ml-dart-33780\",\"sn\":\"\",\"idxP\":61},{\"mq\":\"Pactiv\",\"nm\":\"Couvercle \u00E0 salade transparent 12\\\"\",\"nme\":\"Clear Salad Lid 12\\\"\",\"attr\":\"\",\"sku\":\"35617\",\"l2\":\"Contenant jetable\",\"sl\":\"couvercle-a-salade-transparent-12-pactiv-35617\",\"sn\":\"transparent\",\"idxP\":54},{\"mq\":\"Rosenbloom\",\"nm\":\"Rouleau de papier brun 24\\\" x 1000\",\"nme\":\"Brown Paper Roll 24\\\" x 1000\",\"attr\":\"\",\"sku\":\"32640\",\"l2\":\"Pellicule, papier alimentaire\",\"sl\":\"rouleau-de-papier-brun-24-x-1000-rosenbloom-32640\",\"sn\":\"\",\"idxP\":9},{\"mq\":\"Touch\",\"nm\":\"Baguette chinoise enveloppe en papier 9\\\"\",\"nme\":\"Bamboo Paper Enveloppe Chopstick 9\\\"\",\"attr\":\"\",\"sku\":\"36563\",\"l2\":\"Vaisselle jetable\",\"sl\":\"baguette-chinoise-enveloppe-en-papier-9-touch-36563\",\"sn\":\"\",\"idxP\":48},{\"mq\":\"Touch\",\"nm\":\"Baguette chinoise envelopp\u00E9 9\\\"\",\"nme\":\"Bamboo Enveloppe Chopstick 9\\\"\",\"attr\":\"\",\"sku\":\"36556\",\"l2\":\"Vaisselle jetable\",\"sl\":\"baguette-chinoise-enveloppe-9-touch-36556\",\"sn\":\"\",\"idxP\":50},{\"mq\":\"Dura\",\"nm\":\"Bol \u00E0 salade avec couvercle 32oz\",\"nme\":\"Salad Bowl with Cover 32oz\",\"attr\":\"\",\"sku\":\"39964\",\"l2\":\"Contenant jetable\",\"sl\":\"bol-a-salade-avec-couvercle-32oz-dura-39964\",\"sn\":\"\",\"idxP\":78},{\"mq\":\"ABC Emballuxe\",\"nm\":\"Barquette bateau ovale en bois 63x115 mm\",\"nme\":\"Wooden Oval Boat Tray 70x45 mm\",\"attr\":\"\u00C9cologique\",\"sku\":\"26220\",\"l2\":\"Contenant jetable\",\"sl\":\"barquette-bateau-ovale-en-bois-63x115-mm-abc-emballuxe-26220\",\"sn\":\"plateau\",\"idxP\":58},{\"mq\":\"Sainte Croix\",\"nm\":\"Rouleau de sac \u00E0 fruit moyen 10.5\\\"x15\\\"\",\"nme\":\"Medium Bag Fruit Roll 10.5\\\"x15\\\"\",\"attr\":\"\",\"sku\":\"35889\",\"l2\":\"Sac \u00E0 emballage\",\"sl\":\"rouleau-de-sac-a-fruit-moyen-10.5x15-sainte-croix-35889\",\"sn\":\"\",\"idxP\":45},{\"mq\":\"Caterline\",\"nm\":\"Couvercle d\u00F4me rond transparent 12\\\"\",\"nme\":\"Transparent Round Dome Lid 12\\\"\",\"attr\":\"\",\"sku\":\"14835\",\"l2\":\"Contenant jetable\",\"sl\":\"couvercle-dome-rond-transparent-12-caterline-14835\",\"sn\":\"plateau, tray\",\"idxP\":40},{\"mq\":\"Premium Collection\",\"nm\":\"Bol transparent 5oz\",\"nme\":\"Clear Bowl 5oz\",\"attr\":\"\",\"sku\":\"34804\",\"l2\":\"Contenant jetable\",\"sl\":\"bol-transparent-5oz-premium-collection-34804\",\"sn\":\"transparent\",\"idxP\":25},{\"mq\":\"Polar Pak\",\"nm\":\"Couvercle plat sans-trou 9oz\",\"nme\":\"No-Hole Flat Lid 9oz\",\"attr\":\"\",\"sku\":\"35972\",\"l2\":\"Contenant jetable\",\"sl\":\"couvercle-plat-sans-trou-9oz-polar-pak-35972\",\"sn\":\"\",\"idxP\":49},{\"mq\":\"Caterline\",\"nm\":\"Couvercle d\u00F4me rond transparent 18\\\"\",\"nme\":\"Transparent Round Dome Lid 18\\\"\",\"attr\":\"\",\"sku\":\"14837\",\"l2\":\"Contenant jetable\",\"sl\":\"couvercle-dome-rond-transparent-18-caterline-14837\",\"sn\":\"plateau, tray\",\"idxP\":38},{\"mq\":\"Dura\",\"nm\":\"Bol \u00E0 salade avec couvercle 24oz\",\"nme\":\"Salad Bowl with Cover 24oz\",\"attr\":\"\",\"sku\":\"39963\",\"l2\":\"Contenant jetable\",\"sl\":\"bol-a-salade-avec-couvercle-24oz-dura-39963\",\"sn\":\"\",\"idxP\":61},{\"mq\":\"Sainte Croix\",\"nm\":\"Rouleau de sac \u00E0 fruit grand 10.5\\\"x20\\\"\",\"nme\":\"Large Bag Fruit Roll 10.5\\\"x20\\\"\",\"attr\":\"\",\"sku\":\"35888\",\"l2\":\"Sac \u00E0 emballage\",\"sl\":\"rouleau-de-sac-a-fruit-grand-10.5x20-sainte-croix-35888\",\"sn\":\"\",\"idxP\":30},{\"mq\":\"Rosenbloom\",\"nm\":\"Rouleau de papier brun 18\\\" x 1000\",\"nme\":\"Brown Paper Roll 18\\\" x 1000\",\"attr\":\"\",\"sku\":\"32639\",\"l2\":\"Pellicule, papier alimentaire\",\"sl\":\"rouleau-de-papier-brun-18-x-1000-rosenbloom-32639\",\"sn\":\"\",\"idxP\":7},{\"mq\":\"Caterline\",\"nm\":\"Couvercle d\u00F4me rond transparent 16\\\"\",\"nme\":\"Transparent Round Dome Lid 16\\\"\",\"attr\":\"\",\"sku\":\"14836\",\"l2\":\"Contenant jetable\",\"sl\":\"couvercle-dome-rond-transparent-16-caterline-14836\",\"sn\":\"plateau\",\"idxP\":51},{\"mq\":\"Party Couture\",\"nm\":\"Bol \u00E0 salade carr\u00E9 10\\\"x10\\\"\",\"nme\":\"Square Salad Bowl 10\\\"x10\\\"\",\"attr\":\"\",\"sku\":\"29084\",\"l2\":\"Contenant jetable\",\"sl\":\"bol-a-salade-carre-10x10-party-couture-29084\",\"sn\":\"\",\"idxP\":47},{\"mq\":\"Sanfacon\",\"nm\":\"Filtre \u00E0 caf\u00E9\",\"nme\":\"Coffee Filter\",\"attr\":\"\",\"sku\":\"91715\",\"l2\":\"Autre\",\"sl\":\"filtre-a-cafe-sanfacon-91715\",\"sn\":\"\",\"idxP\":10},{\"mq\":\"Mi-Ma Pack\",\"nm\":\"Couvercle dome 7\\\"\",\"nme\":\"Dome Lid 7\\\"\",\"attr\":\"\",\"sku\":\"29376\",\"l2\":\"Contenant jetable\",\"sl\":\"couvercle-dome-7-mi-ma-pack-29376\",\"sn\":\"transparent\",\"idxP\":100},{\"mq\":\"Mi-Ma Pack\",\"nm\":\"Couvercle dome 9\\\"\",\"nme\":\"Dome Lid 9\\\"\",\"attr\":\"\",\"sku\":\"29380\",\"l2\":\"Contenant jetable\",\"sl\":\"couvercle-dome-9-mi-ma-pack-29380\",\"sn\":\"transparent\",\"idxP\":79},{\"mq\":\"Mi-Ma Pack\",\"nm\":\"Couvercle dome 8\\\"\",\"nme\":\"Dome Lid 8\\\"\",\"attr\":\"\",\"sku\":\"29377\",\"l2\":\"Contenant jetable\",\"sl\":\"couvercle-dome-8-mi-ma-pack-29377\",\"sn\":\"transparent\",\"idxP\":88},{\"mq\":\"Mi-Ma Pack\",\"nm\":\"Contenant \u00E0 poulet avec couvercle\",\"nme\":\"Chicken Container with lid\",\"attr\":\"\",\"sku\":\"29444\",\"l2\":\"Contenant jetable\",\"sl\":\"contenant-a-poulet-avec-couvercle-mi-ma-pack-29444\",\"sn\":\"\",\"idxP\":21},{\"mq\":\"Mi-Ma Pack\",\"nm\":\"Couvercle lamin\u00E9 8\\\"\",\"nme\":\"Laminated Lid 8\\\"\",\"attr\":\"\",\"sku\":\"31593\",\"l2\":\"Contenant jetable\",\"sl\":\"couvercle-lamine-8-mi-ma-pack-31593\",\"sn\":\"\",\"idxP\":67},{\"mq\":\"Mi-Ma Pack\",\"nm\":\"Couvercle lamin\u00E9 9\\\"\",\"nme\":\"Laminated Lid 9\\\"\",\"attr\":\"\",\"sku\":\"31591\",\"l2\":\"Contenant jetable\",\"sl\":\"couvercle-lamine-9-mi-ma-pack-31591\",\"sn\":\"\",\"idxP\":53},{\"mq\":\"Mi-Ma Pack\",\"nm\":\"Couvercle lamin\u00E9 7\\\"\",\"nme\":\"Laminated Lid 7\\\"\",\"attr\":\"\",\"sku\":\"31592\",\"l2\":\"Contenant jetable\",\"sl\":\"couvercle-lamine-7-mi-ma-pack-31592\",\"sn\":\"\",\"idxP\":77},{\"mq\":\"Dura\",\"nm\":\"Bol \u00E0 salade avec couvercle 48oz\",\"nme\":\"Salad Bowl with Cover 48oz\",\"attr\":\"\",\"sku\":\"29955\",\"l2\":\"Contenant jetable\",\"sl\":\"bol-a-salade-avec-couvercle-48oz-dura-29955\",\"sn\":\"\",\"idxP\":26},{\"mq\":\"Talthi\",\"nm\":\"Cont.rect.alum. noir 24oz\\\/725ml four,micro,BBQ,con\",\"nme\":\"Rect. alum. black cont. 24oz oven,mwave,BBQ,Freez\",\"attr\":\"\u00C9cologique\",\"sku\":\"31736\",\"l2\":\"Contenant jetable\",\"sl\":\"cont.rect.alum.-noir-24oz725ml-fourmicrobbqcon-talthi-31736\",\"sn\":\"\",\"idxP\":35},{\"mq\":\"Talthi\",\"nm\":\"Cont.rect.alum 20oz\\\/580ml  four,mic-ond,BBQ,cong\",\"nme\":\"Rect. aluminum cont. 20oz oven,mwave,BBQ,Freez\",\"attr\":\"\u00C9cologique\",\"sku\":\"31735\",\"l2\":\"Contenant jetable\",\"sl\":\"cont.rect.alum-20oz580ml-fourmic-ondbbqcong-talthi-31735\",\"sn\":\"\",\"idxP\":30},{\"mq\":\"Talthi\",\"nm\":\"Cont.rect.alum 24oz\\\/725ml four,mic-ond,BBQ,cong\",\"nme\":\"Rect. aluminum cont. 24oz oven,mwave,BBQ,Freez\",\"attr\":\"\u00C9cologique\",\"sku\":\"31737\",\"l2\":\"Contenant jetable\",\"sl\":\"cont.rect.alum-24oz725ml-fourmic-ondbbqcong-talthi-31737\",\"sn\":\"\",\"idxP\":40},{\"mq\":\"Talthi\",\"nm\":\"Cont.rect.alum 25oz\\\/751ml four,mic-ond,BBQ,cong\",\"nme\":\"Rect. aluminum cont. 25oz oven,mwave,BBQ,Freez\",\"attr\":\"\u00C9cologique\",\"sku\":\"31742\",\"l2\":\"Contenant jetable\",\"sl\":\"cont.rect.alum-25oz751ml-fourmic-ondbbqcong-talthi-31742\",\"sn\":\"\",\"idxP\":30},{\"mq\":\"Talthi\",\"nm\":\"Cont.rect.alum.noir 25oz\\\/751ml four,micro,BBQ,cong\",\"nme\":\"Rect. alum. black cont. 25oz oven,mwave,BBQ,Freez\",\"attr\":\"\u00C9cologique\",\"sku\":\"31743\",\"l2\":\"Contenant jetable\",\"sl\":\"cont.rect.alum.noir-25oz751ml-fourmicrobbqcong-talthi-31743\",\"sn\":\"\",\"idxP\":17},{\"mq\":\"Talthi\",\"nm\":\"Cont.rect.alum 35oz\\\/1026ml four,micro,BBQ,cong\",\"nme\":\"Rect. aluminum cont. 35oz oven,mwave,BBQ,Freez\",\"attr\":\"\u00C9cologique\",\"sku\":\"31744\",\"l2\":\"Contenant jetable\",\"sl\":\"cont.rect.alum-35oz1026ml-fourmicrobbqcong-talthi-31744\",\"sn\":\"\",\"idxP\":40},{\"mq\":\"Talthi\",\"nm\":\"Cont.rond.aluminium 6oz\\\/176ml four,micro,BBQ,cong\",\"nme\":\"Round aluminum cont. 6oz oven,mwave,BBQ,Freez\",\"attr\":\"\",\"sku\":\"31751\",\"l2\":\"Contenant jetable\",\"sl\":\"cont.rond.aluminium-6oz176ml-fourmicrobbqcong-talthi-31751\",\"sn\":\"\",\"idxP\":48},{\"mq\":\"Talthi\",\"nm\":\"Cont.rect.alum.noir 32oz\\\/940ml four,micro,BBQ,cong\",\"nme\":\"Rect. alum. black cont. 32oz oven,mwave,BBQ,Freez\",\"attr\":\"\u00C9cologique\",\"sku\":\"31740\",\"l2\":\"Contenant jetable\",\"sl\":\"cont.rect.alum.noir-32oz940ml-fourmicrobbqcong-talthi-31740\",\"sn\":\"\",\"idxP\":30},{\"mq\":\"Talthi\",\"nm\":\"Cont.rect.alum 32oz\\\/940ml four,mic-ond,BBQ,cong\",\"nme\":\"Rect. aluminum cont. 32oz oven,mwave,BBQ,Freez\",\"attr\":\"\u00C9cologique\",\"sku\":\"31741\",\"l2\":\"Contenant jetable\",\"sl\":\"cont.rect.alum-32oz940ml-fourmic-ondbbqcong-talthi-31741\",\"sn\":\"\",\"idxP\":46},{\"mq\":\"Talthi\",\"nm\":\"Coquille alum.noir 6\u00A8 200ml four,micro,BBQ,con\",\"nme\":\"Alum. 6\u00A8 200ml black shell oven,mwave,BBQ,Freez\",\"attr\":\"\u00C9cologique\",\"sku\":\"31753\",\"l2\":\"Contenant jetable\",\"sl\":\"coquille-alum.noir-6-200ml-fourmicrobbqcon-talthi-31753\",\"sn\":\"\",\"idxP\":48},{\"mq\":\"Talthi\",\"nm\":\"Cont.rect.alum 14.5oz\\\/430ml four,mic-ond,BBQ,cong\",\"nme\":\"Rect. aluminum cont. 14.5oz oven,mwave,BBQ,Freez\",\"attr\":\"\u00C9cologique\",\"sku\":\"31734\",\"l2\":\"Contenant jetable\",\"sl\":\"cont.rect.alum-14.5oz430ml-fourmic-ondbbqcong-talthi-31734\",\"sn\":\"\",\"idxP\":38},{\"mq\":\"Talthi\",\"nm\":\"Cont.rect.alum.noir 65oz\\\/1920ml four,micro,BBQ,con\",\"nme\":\"Rect. alum. black cont. 65oz oven,mwave,BBQ,Freez\",\"attr\":\"\u00C9cologique\",\"sku\":\"31748\",\"l2\":\"Contenant jetable\",\"sl\":\"cont.rect.alum.noir-65oz1920ml-fourmicrobbqcon-talthi-31748\",\"sn\":\"\",\"idxP\":42},{\"mq\":\"Talthi\",\"nm\":\"Cont.rect.aluminium 65oz\\\/1920ml four,micro,BBQ,con\",\"nme\":\"Rect. aluminum cont. 65oz oven,mwave,BBQ,Freez\",\"attr\":\"\u00C9cologique\",\"sku\":\"31749\",\"l2\":\"Contenant jetable\",\"sl\":\"cont.rect.aluminium-65oz1920ml-fourmicrobbqcon-talthi-31749\",\"sn\":\"\",\"idxP\":64},{\"mq\":\"Talthi\",\"nm\":\"Cont.rect.alum.noir 48oz\\\/1400ml four,micro,BBQ,con\",\"nme\":\"Rect. alum. black cont. 48oz oven,mwave,BBQ,Freez\",\"attr\":\"\u00C9cologique\",\"sku\":\"31747\",\"l2\":\"Contenant jetable\",\"sl\":\"cont.rect.alum.noir-48oz1400ml-fourmicrobbqcon-talthi-31747\",\"sn\":\"\",\"idxP\":32},{\"mq\":\"Talthi\",\"nm\":\"Cont. rect. alum48oz\\\/1400ml four,mic-ond,BBQ,cong\",\"nme\":\"Rect. aluminum cont. 48oz oven,mwave,BBQ,Freez\",\"attr\":\"\u00C9cologique\",\"sku\":\"31746\",\"l2\":\"Contenant jetable\",\"sl\":\"cont.-rect.-alum48oz1400ml-fourmic-ondbbqcong-talthi-31746\",\"sn\":\"\",\"idxP\":39},{\"mq\":\"Mayrand CHEF\",\"nm\":\"Sac r\u00E9-utilisable\",\"nme\":\"Reusable Bag\",\"attr\":\"\",\"sku\":\"10025\",\"l2\":\"Sac \u00E0 emballage\",\"sl\":\"sac-re-utilisable-mayrand-chef-10025\",\"sn\":\"\",\"idxP\":100},{\"mq\":\"Mi-Ma Pack\",\"nm\":\"Verre papier pour boisson chaude 12oz\",\"nme\":\"Hot Paper Cup 12oz\",\"attr\":\"\",\"sku\":\"33161\",\"l2\":\"Vaisselle jetable\",\"sl\":\"verre-papier-pour-boisson-chaude-12oz-mi-ma-pack-33161\",\"sn\":\"\",\"idxP\":100},{\"mq\":\"Mi-Ma Pack\",\"nm\":\"Couvercle d\u00F4me blanc 10-16oz\",\"nme\":\"White dome lid 10-16oz\",\"attr\":\"\",\"sku\":\"33172\",\"l2\":\"Contenant jetable\",\"sl\":\"couvercle-dome-blanc-10-16oz-mi-ma-pack-33172\",\"sn\":\"\",\"idxP\":100},{\"mq\":\"Mi-Ma Pack\",\"nm\":\"Verre en papier pour boisson chaude 8oz\",\"nme\":\"Hot Paper Cup 8oz\",\"attr\":\"\u00C9cologique\",\"sku\":\"33132\",\"l2\":\"Vaisselle jetable\",\"sl\":\"verre-en-papier-pour-boisson-chaude-8oz-mi-ma-pack-33132\",\"sn\":\"\",\"idxP\":100},{\"mq\":\"Mi-Ma Pack\",\"nm\":\"Verre en papier pour boisson chaude 10oz\",\"nme\":\"Hot Paper Cup 10oz\",\"attr\":\"\",\"sku\":\"33150\",\"l2\":\"Vaisselle jetable\",\"sl\":\"verre-en-papier-pour-boisson-chaude-10oz-mi-ma-pack-33150\",\"sn\":\"\",\"idxP\":100},{\"mq\":\"Mi-Ma Pack\",\"nm\":\"Verre en papier pour boisson chaude 16oz\",\"nme\":\"Hot Paper Cup 16oz\",\"attr\":\"\",\"sku\":\"33162\",\"l2\":\"Vaisselle jetable\",\"sl\":\"verre-en-papier-pour-boisson-chaude-16oz-mi-ma-pack-33162\",\"sn\":\"\",\"idxP\":50},{\"mq\":\"Table Accents\",\"nm\":\"Cuill\u00E8re soupe plast. blanc envelopp\u00E9 individuel\",\"nme\":\"Polypro white plastic table spoon individual wrap\",\"attr\":\"\",\"sku\":\"33211\",\"l2\":\"Vaisselle jetable\",\"sl\":\"cuillere-soupe-plast.-blanc-enveloppe-individuel-table-accents-33211\",\"sn\":\"\",\"idxP\":17},{\"mq\":\"Table Accents\",\"nm\":\"Cuill\u00E8re th\u00E9 plastique blanc envelopp\u00E9 individuel\",\"nme\":\"Polypro white plastic tea spoon individually wrap\",\"attr\":\"\",\"sku\":\"33208\",\"l2\":\"Vaisselle jetable\",\"sl\":\"cuillere-the-plastique-blanc-enveloppe-individuel-table-accents-33208\",\"sn\":\"\",\"idxP\":12},{\"mq\":\"Table Accents\",\"nm\":\"Couteau plastique blanc envelopp\u00E9 individuel\",\"nme\":\"Polypro white plastic knife individually wrapped\",\"attr\":\"\",\"sku\":\"33203\",\"l2\":\"Vaisselle jetable\",\"sl\":\"couteau-plastique-blanc-enveloppe-individuel-table-accents-33203\",\"sn\":\"\",\"idxP\":14},{\"mq\":\"Table Accents\",\"nm\":\"Fourchette plastique blanc envelopp\u00E9 individuel\",\"nme\":\"Polypro white plastic fork individually wrapped\",\"attr\":\"\",\"sku\":\"33206\",\"l2\":\"Vaisselle jetable\",\"sl\":\"fourchette-plastique-blanc-enveloppe-individuel-table-accents-33206\",\"sn\":\"\",\"idxP\":40},{\"mq\":\"Table Accents\",\"nm\":\"Contenant \u00E0 emporter 8\\\"3 compartiments compostable\",\"nme\":\"Compartment compostable clamshell 8\\\"3\",\"attr\":\"\u00C9cologique\",\"sku\":\"34453\",\"l2\":\"Contenant jetable\",\"sl\":\"contenant-a-emporter-83-compartiments-compostable-table-accents-34453\",\"sn\":\"\",\"idxP\":100},{\"mq\":\"Table Accents\",\"nm\":\"Contenant \u00E0 emporter 6\\\" compostable\",\"nme\":\"Compostable clamshell 6\\\"\",\"attr\":\"\u00C9cologique\",\"sku\":\"34448\",\"l2\":\"Contenant jetable\",\"sl\":\"contenant-a-emporter-6-compostable-table-accents-34448\",\"sn\":\"\",\"idxP\":88},{\"mq\":\"Table Accents\",\"nm\":\"Contenant \u00E0 emporter 9\\\" compostable\",\"nme\":\"Compostable clamshell 9\\\"\",\"attr\":\"\u00C9cologique\",\"sku\":\"34457\",\"l2\":\"Contenant jetable\",\"sl\":\"contenant-a-emporter-9-compostable-table-accents-34457\",\"sn\":\"\",\"idxP\":100},{\"mq\":\"Table Accents\",\"nm\":\"Contenant \u00E0 emporter 8\\\" compostable\",\"nme\":\"Compostable clamshell 8\\\"\",\"attr\":\"\u00C9cologique\",\"sku\":\"34452\",\"l2\":\"Contenant jetable\",\"sl\":\"contenant-a-emporter-8-compostable-table-accents-34452\",\"sn\":\"\",\"idxP\":91},{\"mq\":\"Table Accents\",\"nm\":\"Contenant \u00E0 emporter 9\\\"3 compartiments compostable\",\"nme\":\"Compartment compostable clamshell 9\\\"3\",\"attr\":\"\u00C9cologique\",\"sku\":\"34458\",\"l2\":\"Contenant jetable\",\"sl\":\"contenant-a-emporter-93-compartiments-compostable-table-accents-34458\",\"sn\":\"\",\"idxP\":83},{\"mq\":\"Table Accents\",\"nm\":\"Contenant \u00E0 emporter 9\\\"x6\\\"x3\\\" compostable\",\"nme\":\"Compostable clamshell 9\\\"x6\\\"x3\\\"\",\"attr\":\"\u00C9cologique\",\"sku\":\"34451\",\"l2\":\"Contenant jetable\",\"sl\":\"contenant-a-emporter-9x6x3-compostable-table-accents-34451\",\"sn\":\"\",\"idxP\":97},{\"mq\":\"Table Accents\",\"nm\":\"Verre en papier blanc paroi simple 12oz\",\"nme\":\"Single wall white paper cup 12oz\",\"attr\":\"\u00C9cologique\",\"sku\":\"36427\",\"l2\":\"Vaisselle jetable\",\"sl\":\"verre-en-papier-blanc-paroi-simple-12oz-table-accents-36427\",\"sn\":\"\",\"idxP\":100},{\"mq\":\"Table Accents\",\"nm\":\"Verre en papier blanc paroi simple 10oz\",\"nme\":\"Single wall white paper cup 10oz\",\"attr\":\"\u00C9cologique\",\"sku\":\"36428\",\"l2\":\"Vaisselle jetable\",\"sl\":\"verre-en-papier-blanc-paroi-simple-10oz-table-accents-36428\",\"sn\":\"\",\"idxP\":100},{\"mq\":\"Table Accents\",\"nm\":\"Verre en papier blanc paroi simple 8oz\",\"nme\":\"Single wall white paper cup 8oz\",\"attr\":\"\u00C9cologique\",\"sku\":\"36447\",\"l2\":\"Vaisselle jetable\",\"sl\":\"verre-en-papier-blanc-paroi-simple-8oz-table-accents-36447\",\"sn\":\"\",\"idxP\":97},{\"mq\":\"Table Accents\",\"nm\":\"Verre en papier blanc paroi simple 16oz\",\"nme\":\"Single wall white paper cup 16oz\",\"attr\":\"\u00C9cologique\",\"sku\":\"36425\",\"l2\":\"Vaisselle jetable\",\"sl\":\"verre-en-papier-blanc-paroi-simple-16oz-table-accents-36425\",\"sn\":\"\",\"idxP\":82},{\"mq\":\"Titan\",\"nm\":\"Rouleau papier aluminium plus r\u00E9sistant 30cmx200m\",\"nme\":\"Aluminium Foil heavy duty Roll 30 cm x 200 m\",\"attr\":\"\",\"sku\":\"36522\",\"l2\":\"Pellicule, papier alimentaire\",\"sl\":\"rouleau-papier-aluminium-plus-resistant-30cmx200m-titan-36522\",\"sn\":\"\",\"idxP\":18},{\"mq\":\"Titan\",\"nm\":\"Sac de cong\u00E9lation moyen\",\"nme\":\"Medium Freezing Bags\",\"attr\":\"\",\"sku\":\"37902\",\"l2\":\"Sac \u00E0 emballage\",\"sl\":\"sac-de-congelation-moyen-titan-37902\",\"sn\":\"\",\"idxP\":74},{\"mq\":\"Table Accents\",\"nm\":\"Ensemble ustensile 4pcs PLA (f\\\/k\\\/s\\\/n)\",\"nme\":\"PLA 4 pieces food kit (f\\\/k\\\/s\\\/n)\",\"attr\":\"\",\"sku\":\"40669\",\"l2\":\"Vaisselle jetable\",\"sl\":\"ensemble-ustensile-4pcs-pla-fksn-table-accents-40669\",\"sn\":\"\",\"idxP\":23},{\"mq\":\"Savaday\",\"nm\":\"Assiette compostable 8.75\\\"\",\"nme\":\"Compostable plate 8.75\\\"\",\"attr\":\"\u00C9cologique\",\"sku\":\"40621\",\"l2\":\"Vaisselle jetable\",\"sl\":\"assiette-compostable-8.75-savaday-40621\",\"sn\":\"\",\"idxP\":24},{\"mq\":\"Talthi\",\"nm\":\"Bol plastique bistro carr\u00E9 rose 20oz\\\/555ml\",\"nme\":\"Bistro pink plastic square bowl 20oz\",\"attr\":\"\",\"sku\":\"41199\",\"l2\":\"Contenant jetable\",\"sl\":\"bol-plastique-bistro-carre-rose-20oz555ml-talthi-41199\",\"sn\":\"\",\"idxP\":29},{\"mq\":\"Talthi\",\"nm\":\"Bol rond plastique pok\u00E9 50oz\\\/1428ml\",\"nme\":\"Pok\u00E9 plastic round bowl 50oz\",\"attr\":\"\",\"sku\":\"41197\",\"l2\":\"Contenant jetable\",\"sl\":\"bol-rond-plastique-poke-50oz1428ml-talthi-41197\",\"sn\":\"\",\"idxP\":14},{\"mq\":\"Talthi\",\"nm\":\"Bol rond plastique pok\u00E9 34oz\\\/952ml\",\"nme\":\"Pok\u00E9 plastic round bowl 34oz\",\"attr\":\"\",\"sku\":\"41198\",\"l2\":\"Contenant jetable\",\"sl\":\"bol-rond-plastique-poke-34oz952ml-talthi-41198\",\"sn\":\"\",\"idxP\":24},{\"mq\":\"Mi-Ma Pack\",\"nm\":\"Contenant rectangulaire aluminium 2.25 lb\",\"nme\":\"Rectangular aluminum container 2.25 lb\",\"attr\":\"\",\"sku\":\"10407\",\"l2\":\"Contenant jetable\",\"sl\":\"contenant-rectangulaire-aluminium-2.25-lb-mi-ma-pack-10407\",\"sn\":\"\",\"idxP\":91},{\"mq\":\"Mi-Ma Pack\",\"nm\":\"Contenant rond en aluminium \u00E0 emporter 7\\\"\",\"nme\":\"Takeout Aluminium Container 7\\\"\",\"attr\":\"\",\"sku\":\"10408\",\"l2\":\"Contenant jetable\",\"sl\":\"contenant-rond-en-aluminium-a-emporter-7-mi-ma-pack-10408\",\"sn\":\"\",\"idxP\":100},{\"mq\":\"Mi-Ma Pack\",\"nm\":\"Contenant rond en aluminium \u00E0 emporter 8\\\"\",\"nme\":\"Takeout Round Aluminium Container 8\\\"\",\"attr\":\"\",\"sku\":\"10404\",\"l2\":\"Contenant jetable\",\"sl\":\"contenant-rond-en-aluminium-a-emporter-8-mi-ma-pack-10404\",\"sn\":\"\",\"idxP\":100},{\"mq\":\"Mi-Ma Pack\",\"nm\":\"Contenant rond en aluminium \u00E0 emporter 9\\\"\",\"nme\":\"Takeout Aluminium Container 9\\\"\",\"attr\":\"\",\"sku\":\"10405\",\"l2\":\"Contenant jetable\",\"sl\":\"contenant-rond-en-aluminium-a-emporter-9-mi-ma-pack-10405\",\"sn\":\"\",\"idxP\":89},{\"mq\":\"Mi-Ma Pack\",\"nm\":\"Contenant rectangulaire aluminium 1 lb\",\"nme\":\"Aluminum rectangular container 1 lb\",\"attr\":\"\",\"sku\":\"10406\",\"l2\":\"Contenant jetable\",\"sl\":\"contenant-rectangulaire-aluminium-1-lb-mi-ma-pack-10406\",\"sn\":\"\",\"idxP\":100},{\"mq\":\"Graphic\",\"nm\":\"Bo\u00EEte \u00E0 pizza 9\\\"x9\\\"x1,5\\\"\",\"nme\":\"Pizza Box 9\\\"x9\\\"x1.5\\\"\",\"attr\":\"\",\"sku\":\"10467\",\"l2\":\"Boite carton\",\"sl\":\"boite-a-pizza-9x9x15-graphic-10467\",\"sn\":\"\",\"idxP\":26},{\"mq\":\"Argentia Ridge\",\"nm\":\"Verre \u00E0 vin en plastique 7oz\",\"nme\":\"Plastic Wine Glass 7oz\",\"attr\":\"\",\"sku\":\"00338\",\"l2\":\"Vaisselle jetable\",\"sl\":\"verre-a-vin-en-plastique-7oz-argentia-ridge-00338\",\"sn\":\"\",\"idxP\":79},{\"mq\":\"Mi-Ma Pack\",\"nm\":\"Contenant rectangle aluminium plat moyen\",\"nme\":\"Rectangular aluminium containers medium flat\",\"attr\":\"\",\"sku\":\"01009\",\"l2\":\"Contenant jetable\",\"sl\":\"contenant-rectangle-aluminium-plat-moyen-mi-ma-pack-01009\",\"sn\":\"\",\"idxP\":100},{\"mq\":\"Mi-Ma Pack\",\"nm\":\"Couvercle rectangle aluminium large\",\"nme\":\"Large rectangle aluminum cover\",\"attr\":\"\",\"sku\":\"01010\",\"l2\":\"Contenant jetable\",\"sl\":\"couvercle-rectangle-aluminium-large-mi-ma-pack-01010\",\"sn\":\"\",\"idxP\":100},{\"mq\":\"Mi-Ma Pack\",\"nm\":\"Contenant rectangle r\u00F4tissoire grand et profond\",\"nme\":\"Large and deep rectangle container for roaster\",\"attr\":\"\",\"sku\":\"01019\",\"l2\":\"Contenant jetable\",\"sl\":\"contenant-rectangle-rotissoire-grand-et-profond-mi-ma-pack-01019\",\"sn\":\"\",\"idxP\":100},{\"mq\":\"Mi-Ma Pack\",\"nm\":\"Contenant rectangle r\u00F4tissoire moyen profond\",\"nme\":\"Medium deep rectangle roasting pan\",\"attr\":\"\",\"sku\":\"01020\",\"l2\":\"Contenant jetable\",\"sl\":\"contenant-rectangle-rotissoire-moyen-profond-mi-ma-pack-01020\",\"sn\":\"\",\"idxP\":100},{\"mq\":\"Mi-Ma Pack\",\"nm\":\"Contenant rectangle r\u00F4tissoire grand et mi-profond\",\"nme\":\"Large and mid-deep rectangle container for roaster\",\"attr\":\"\",\"sku\":\"01018\",\"l2\":\"Contenant jetable\",\"sl\":\"contenant-rectangle-rotissoire-grand-et-mi-profond-mi-ma-pack-01018\",\"sn\":\"\",\"idxP\":100},{\"mq\":\"Mi-Ma Pack\",\"nm\":\"Couvercle rectangle aluminium medium\",\"nme\":\"Rectangular aluminum cover medium\",\"attr\":\"\",\"sku\":\"01011\",\"l2\":\"Contenant jetable\",\"sl\":\"couvercle-rectangle-aluminium-medium-mi-ma-pack-01011\",\"sn\":\"\",\"idxP\":100},{\"mq\":\"Titan\",\"nm\":\"Plateaux service ronds aluminium 12\\\"\",\"nme\":\"12\\\" aluminum round serving trays\",\"attr\":\"\",\"sku\":\"01165\",\"l2\":\"Contenant jetable\",\"sl\":\"plateaux-service-ronds-aluminium-12-titan-01165\",\"sn\":\"plateau\",\"idxP\":81},{\"mq\":\"Titan\",\"nm\":\"Plateaux service ronds aluminium 16\\\"\",\"nme\":\"16\\\" aluminum round serving trays\",\"attr\":\"\",\"sku\":\"01166\",\"l2\":\"Contenant jetable\",\"sl\":\"plateaux-service-ronds-aluminium-16-titan-01166\",\"sn\":\"plateau\",\"idxP\":98},{\"mq\":\"Titan\",\"nm\":\"Couvercle d\u00F4me rond plastique pour plat service 12\",\"nme\":\"round plastic dome lid for 12\\\" serving platter\",\"attr\":\"\",\"sku\":\"01168\",\"l2\":\"Contenant jetable\",\"sl\":\"couvercle-dome-rond-plastique-pour-plat-service-12-titan-01168\",\"sn\":\"plateau\",\"idxP\":89},{\"mq\":\"Titan\",\"nm\":\"Contenant rectangulaire moyen profond aluminium\",\"nme\":\"Medium Deep Aluminum Rectangular Container\",\"attr\":\"\",\"sku\":\"01178\",\"l2\":\"Contenant jetable\",\"sl\":\"contenant-rectangulaire-moyen-profond-aluminium-titan-01178\",\"sn\":\"\",\"idxP\":0},{\"mq\":\"J.E.T. Bags\",\"nm\":\"Sac papier poign\u00E9es torsad\u00E9es 8x4.75x10\",\"nme\":\"Twisted handle paper bags 8x4.75x10\",\"attr\":\"\",\"sku\":\"01250\",\"l2\":\"Sac \u00E0 emballage\",\"sl\":\"sac-papier-poignees-torsadees-8x4.75x10-j.e.t.-bags-01250\",\"sn\":\"\",\"idxP\":27},{\"mq\":\"Table Accents\",\"nm\":\"Serviettes papier pour distributeur\",\"nme\":\"Napkins for Dispenser\",\"attr\":\"\",\"sku\":\"26255\",\"l2\":\"Serviettes et nappes jetables\",\"sl\":\"serviettes-papier-pour-distributeur-table-accents-26255\",\"sn\":\"\",\"idxP\":67},{\"mq\":\"J.E.T. Bags\",\"nm\":\"Sac papier poign\u00E9es torsad\u00E9es 12x7x17\",\"nme\":\"Twisted handle paper bags 12x7x17\",\"attr\":\"\",\"sku\":\"01249\",\"l2\":\"Sac \u00E0 emballage\",\"sl\":\"sac-papier-poignees-torsadees-12x7x17-j.e.t.-bags-01249\",\"sn\":\"\",\"idxP\":35},{\"mq\":\"J.E.T. Bags\",\"nm\":\"Sac papier poign\u00E9es torsad\u00E9es 11x7x12\",\"nme\":\"Twisted Handle Paper Bags 11x7x12\",\"attr\":\"\",\"sku\":\"01248\",\"l2\":\"Sac \u00E0 emballage\",\"sl\":\"sac-papier-poignees-torsadees-11x7x12-j.e.t.-bags-01248\",\"sn\":\"\",\"idxP\":21},{\"mq\":\"Alcas Italie\",\"nm\":\"Coupes desserts glac\u00E9s biod\u00E9gradables 4,5oz ora\",\"nme\":\"4.5oz biodegradable frozen dessert cups orange\",\"attr\":\"\",\"sku\":\"01365\",\"l2\":\"Contenant jetable\",\"sl\":\"coupes-desserts-glaces-biodegradables-45oz-ora-alcas-italie-01365\",\"sn\":\"biologique\",\"idxP\":21},{\"mq\":\"Table Accents\",\"nm\":\"Verres caf\u00E9 isolants kraft Noir gaufr\u00E9s 8oz\",\"nme\":\"Triple Wall Insulated Coffee Cups 8oz - Black\",\"attr\":\"\",\"sku\":\"01356\",\"l2\":\"Contenant jetable\",\"sl\":\"verres-cafe-isolants-kraft-noir-gaufres-8oz-table-accents-01356\",\"sn\":\"\",\"idxP\":100},{\"mq\":\"Table Accents\",\"nm\":\"Contenant charni\u00E8re 3 comp. en MFPP 8\\\"x8\\\"x3\\\"\",\"nme\":\"Hinge container 3 comp. MFPP 8\\\"x8\\\"x3\\\"\",\"attr\":\"\",\"sku\":\"01364\",\"l2\":\"Contenant jetable\",\"sl\":\"contenant-charniere-3-comp.-en-mfpp-8x8x3-table-accents-01364\",\"sn\":\"\",\"idxP\":100},{\"mq\":\"Table Accents\",\"nm\":\"Verres caf\u00E9 isolants kraft Noir gaufr\u00E9s 16oz\",\"nme\":\"Triple Wall Insulated Coffee Cups 16oz - Black\",\"attr\":\"\",\"sku\":\"01355\",\"l2\":\"Contenant jetable\",\"sl\":\"verres-cafe-isolants-kraft-noir-gaufres-16oz-table-accents-01355\",\"sn\":\"\",\"idxP\":61},{\"mq\":\"Table Accents\",\"nm\":\"Contenant charniere en MFPP 8\\\"x8\\\"x3\\\"\",\"nme\":\"Hinge container in MFPP 8\\\"x8\\\"x3\\\"\",\"attr\":\"\",\"sku\":\"01359\",\"l2\":\"Contenant jetable\",\"sl\":\"contenant-charniere-en-mfpp-8x8x3-table-accents-01359\",\"sn\":\"\",\"idxP\":95},{\"mq\":\"Table Accents\",\"nm\":\"Verres caf\u00E9 isolants kraft Noir gaufr\u00E9s 12oz\",\"nme\":\"Triple Wall Insulated Coffee Cups 12oz - Black\",\"attr\":\"\",\"sku\":\"01354\",\"l2\":\"Contenant jetable\",\"sl\":\"verres-cafe-isolants-kraft-noir-gaufres-12oz-table-accents-01354\",\"sn\":\"\",\"idxP\":97},{\"mq\":\"Table Accents\",\"nm\":\"Contenant charni\u00E8re en MFPP 9\\\"x6\\\"x3\\\"\",\"nme\":\"Hinged container in MFPP 9\\\"x6\\\"x3\\\"\",\"attr\":\"\",\"sku\":\"01361\",\"l2\":\"Contenant jetable\",\"sl\":\"contenant-charniere-en-mfpp-9x6x3-table-accents-01361\",\"sn\":\"\",\"idxP\":90},{\"mq\":\"Table Accents\",\"nm\":\"Verres caf\u00E9 isolants kraft Noir gaufr\u00E9s 10oz\",\"nme\":\"Triple Wall Insulated Coffee Cups 10oz - Black\",\"attr\":\"\",\"sku\":\"01358\",\"l2\":\"Contenant jetable\",\"sl\":\"verres-cafe-isolants-kraft-noir-gaufres-10oz-table-accents-01358\",\"sn\":\"\",\"idxP\":93},{\"mq\":\"Table Accents\",\"nm\":\"Contenant charni\u00E8re en MFPP 6\\\"x6\\\"x3\\\"\",\"nme\":\"Hinge container in MFPP 6\\\"x6\\\"x3\\\"\",\"attr\":\"\",\"sku\":\"01363\",\"l2\":\"Contenant jetable\",\"sl\":\"contenant-charniere-en-mfpp-6x6x3-table-accents-01363\",\"sn\":\"\",\"idxP\":78},{\"mq\":\"Alcas Italie\",\"nm\":\"Coupes \u00E0 desserts glac\u00E9s biod\u00E9gradables 6oz ivoire\",\"nme\":\"Ivory Biodegradable 6oz Frozen Dessert Cups\",\"attr\":\"\",\"sku\":\"01366\",\"l2\":\"Contenant jetable\",\"sl\":\"coupes-a-desserts-glaces-biodegradables-6oz-ivoire-alcas-italie-01366\",\"sn\":\"biologique\",\"idxP\":17},{\"mq\":\"Table Accents\",\"nm\":\"Contenant charni\u00E8re 3 comp. en MFPP 9\\\"x9\\\"x3\\\"\",\"nme\":\"Hinge container 3 comp. in MFPP 9\\\"x9\\\"x3\\\"\",\"attr\":\"\",\"sku\":\"01362\",\"l2\":\"Contenant jetable\",\"sl\":\"contenant-charniere-3-comp.-en-mfpp-9x9x3-table-accents-01362\",\"sn\":\"\",\"idxP\":100},{\"mq\":\"Alcas Italie\",\"nm\":\"Coupes \u00E0 desserts glac\u00E9s biod\u00E9gradables 7oz verts\",\"nme\":\"Green 7oz Biodegradable Frozen Dessert Cups\",\"attr\":\"\",\"sku\":\"01367\",\"l2\":\"Contenant jetable\",\"sl\":\"coupes-a-desserts-glaces-biodegradables-7oz-verts-alcas-italie-01367\",\"sn\":\"biologique\",\"idxP\":33},{\"mq\":\"Alcas Italie\",\"nm\":\"Cuill\u00E8res desserts coupes glac\u00E9s biod\u00E9gradables\",\"nme\":\"Biodegradable ice cream cup dessert spoons\",\"attr\":\"\",\"sku\":\"01368\",\"l2\":\"Contenant jetable\",\"sl\":\"cuilleres-desserts-coupes-glaces-biodegradables-alcas-italie-01368\",\"sn\":\"\",\"idxP\":0},{\"mq\":\"Table Accents\",\"nm\":\"Contenant charni\u00E8re en MFPP 9\\\"x9\\\"x3\\\"\",\"nme\":\"Hinged container in MFPP 9\\\"x9\\\"x3\",\"attr\":\"\",\"sku\":\"01409\",\"l2\":\"Contenant jetable\",\"sl\":\"contenant-charniere-en-mfpp-9x9x3-table-accents-01409\",\"sn\":\"\",\"idxP\":100},{\"mq\":\"Table Accents\",\"nm\":\"Pailles papier emball\u00E9es 8' noires\",\"nme\":\"8' black wrapped paper straws\",\"attr\":\"\",\"sku\":\"01415\",\"l2\":\"Contenant jetable\",\"sl\":\"pailles-papier-emballees-8-noires-table-accents-01415\",\"sn\":\"\",\"idxP\":87},{\"mq\":\"Table Accents\",\"nm\":\"Pailles papier noires emball\u00E9es 6\\\"\",\"nme\":\"6\\\" black wrapped paper straws\",\"attr\":\"\",\"sku\":\"01417\",\"l2\":\"Contenant jetable\",\"sl\":\"pailles-papier-noires-emballees-6-table-accents-01417\",\"sn\":\"\",\"idxP\":83},{\"mq\":\"Table Accents\",\"nm\":\"Pailles papier emball\u00E9es 8' blanches\",\"nme\":\"8' white wrapped paper straws\",\"attr\":\"\",\"sku\":\"01421\",\"l2\":\"Contenant jetable\",\"sl\":\"pailles-papier-emballees-8-blanches-table-accents-01421\",\"sn\":\"\",\"idxP\":53},{\"mq\":\"J.E.T. Bags\",\"nm\":\"Sac papier poign\u00E9es torsad\u00E9es 15x7x13\",\"nme\":\"Paper bag with twisted handles 15x7x13\",\"attr\":\"\",\"sku\":\"01649\",\"l2\":\"Sac \u00E0 emballage\",\"sl\":\"sac-papier-poignees-torsadees-15x7x13-j.e.t.-bags-01649\",\"sn\":\"\",\"idxP\":36},{\"mq\":\"J.E.T. Bags\",\"nm\":\"Sac papier poign\u00E9es torsad\u00E9es 10x5x13\",\"nme\":\"Paper bag with twisted handles 10x5x13\",\"attr\":\"\",\"sku\":\"01650\",\"l2\":\"Sac \u00E0 emballage\",\"sl\":\"sac-papier-poignees-torsadees-10x5x13-j.e.t.-bags-01650\",\"sn\":\"\",\"idxP\":33},{\"mq\":\"J.E.T. Bags\",\"nm\":\"Sac papier poign\u00E9es torsad\u00E9es 13x6x15\",\"nme\":\"Paper bag with twisted handles 13x6x15\",\"attr\":\"\",\"sku\":\"01648\",\"l2\":\"Sac \u00E0 emballage\",\"sl\":\"sac-papier-poignees-torsadees-13x6x15-j.e.t.-bags-01648\",\"sn\":\"\",\"idxP\":35},{\"mq\":\"Graphic\",\"nm\":\"Bo\u00EEte \u00E0 pizza 10\\\"x10\\\"x1.5\\\"\",\"nme\":\"Pizza box 10\\\"x10\\\"x1.5\\\"\",\"attr\":\"\",\"sku\":\"01802\",\"l2\":\"Boite carton\",\"sl\":\"boite-a-pizza-10x10x1.5-graphic-01802\",\"sn\":\"\",\"idxP\":43},{\"mq\":\"J.E.T. Bags\",\"nm\":\"Sac papier poign\u00E9es torsad\u00E9es 13x7x13\",\"nme\":\"Twisted Handle Paper Bags 13x7x13\",\"attr\":\"\",\"sku\":\"01984\",\"l2\":\"Sac \u00E0 emballage\",\"sl\":\"sac-papier-poignees-torsadees-13x7x13-j.e.t.-bags-01984\",\"sn\":\"\",\"idxP\":46},{\"mq\":\"Argentia Ridge\",\"nm\":\"Verre \u00E0 vin en plastique 7.6oz\",\"nme\":\"Plastic Wine Glass 7.6oz\",\"attr\":\"\",\"sku\":\"02009\",\"l2\":\"Vaisselle jetable\",\"sl\":\"verre-a-vin-en-plastique-7.6oz-argentia-ridge-02009\",\"sn\":\"\",\"idxP\":59},{\"mq\":\"Lapaco\",\"nm\":\"Serviette \u00E0 Breuvage rouge 2 Plis\",\"nme\":\"Beverage Napkin Red 2 ply\",\"attr\":\"\",\"sku\":\"02245\",\"l2\":\"Serviettes et nappes jetables\",\"sl\":\"serviette-a-breuvage-rouge-2-plis-lapaco-02245\",\"sn\":\"liqueur\",\"idxP\":14},{\"mq\":\"Lapaco\",\"nm\":\"Serviette \u00E0 diner blanche \u00E0 pochette\",\"nme\":\"Dinner Napk NuLinen White Pocket\",\"attr\":\"\",\"sku\":\"02244\",\"l2\":\"Serviettes et nappes jetables\",\"sl\":\"serviette-a-diner-blanche-a-pochette-lapaco-02244\",\"sn\":\"\",\"idxP\":21},{\"mq\":\"Lapaco\",\"nm\":\"Bande noire serviette 1,50\\\"x4,25\\\"\",\"nme\":\"Napkin Band Black 1,50\\\"x4,25\\\"\",\"attr\":\"\",\"sku\":\"02250\",\"l2\":\"Serviettes et nappes jetables\",\"sl\":\"bande-noire-serviette-150x425-lapaco-02250\",\"sn\":\"\",\"idxP\":7},{\"mq\":\"Lapaco\",\"nm\":\"Bande rouge serviette  1,50\\\"x4,25\\\"\",\"nme\":\"Napkin Band Red 1,50\\\"x4,25\\\"\",\"attr\":\"\",\"sku\":\"02248\",\"l2\":\"Serviettes et nappes jetables\",\"sl\":\"bande-rouge-serviette-150x425-lapaco-02248\",\"sn\":\"\",\"idxP\":4},{\"mq\":\"Mi-Ma Pack\",\"nm\":\"Rouleau papier aluminium 30cmx200m\",\"nme\":\"Aluminium Foil Roll 30cm x 200m\",\"attr\":\"\",\"sku\":\"02293\",\"l2\":\"Pellicule, papier alimentaire\",\"sl\":\"rouleau-papier-aluminium-30cmx200m-mi-ma-pack-02293\",\"sn\":\"\",\"idxP\":55},{\"mq\":\"Mi-Ma Pack\",\"nm\":\"Rouleau papier aluminium 45cmx100m\",\"nme\":\"Aluminium Foil Roll 45cm x 100m\",\"attr\":\"\",\"sku\":\"02294\",\"l2\":\"Pellicule, papier alimentaire\",\"sl\":\"rouleau-papier-aluminium-45cmx100m-mi-ma-pack-02294\",\"sn\":\"\",\"idxP\":83},{\"mq\":\"Mi-Ma Pack\",\"nm\":\"Bo\u00EEte \u00E0 g\u00E2teau 9\\\"x9\\\"x3,5\\\"\",\"nme\":\"Cake Box 9\\\" x 9\\\" x 3.5\\\"\",\"attr\":\"\",\"sku\":\"02290\",\"l2\":\"Boite carton\",\"sl\":\"boite-a-gateau-9x9x35-mi-ma-pack-02290\",\"sn\":\"\",\"idxP\":32},{\"mq\":\"Lapaco\",\"nm\":\"Bande blanche serviette  1,50\\\"x4,25\\\"\",\"nme\":\"Napkin Band White 1,50\\\"x4,25\\\"\",\"attr\":\"\",\"sku\":\"02257\",\"l2\":\"Serviettes et nappes jetables\",\"sl\":\"bande-blanche-serviette-150x425-lapaco-02257\",\"sn\":\"\",\"idxP\":3},{\"mq\":\"Mi-Ma Pack\",\"nm\":\"Bo\u00EEte \u00E0 g\u00E2teau 12\\\"x12\\\"x3,5\\\"\",\"nme\":\"Cake Box 12x12\\\"x3.5\\\"\",\"attr\":\"\",\"sku\":\"02291\",\"l2\":\"Boite carton\",\"sl\":\"boite-a-gateau-12x12x35-mi-ma-pack-02291\",\"sn\":\"\",\"idxP\":45},{\"mq\":\"Mi-Ma Pack\",\"nm\":\"Bo\u00EEte \u00E0 g\u00E2teau 8\\\"x8\\\"x3,5\\\"\",\"nme\":\"Cake Box 8\\\"x8\\\"x3.5\\\"\",\"attr\":\"\",\"sku\":\"02292\",\"l2\":\"Boite carton\",\"sl\":\"boite-a-gateau-8x8x35-mi-ma-pack-02292\",\"sn\":\"\",\"idxP\":38},{\"mq\":\"Party Couture\",\"nm\":\"Assiette ronde 7.5\\\" blanc avec bande or\",\"nme\":\"Round plates 7.5\\\" white w\\\/gold  rim\",\"attr\":\"\",\"sku\":\"02335\",\"l2\":\"Vaisselle jetable\",\"sl\":\"assiette-ronde-7.5-blanc-avec-bande-or-party-couture-02335\",\"sn\":\"\",\"idxP\":53},{\"mq\":\"Party Couture\",\"nm\":\"Assiette ronde 10.25\\\" blanc avec bande or\",\"nme\":\"Round plates 10.25\\\" white w\\\/gold rim\",\"attr\":\"\",\"sku\":\"02358\",\"l2\":\"Vaisselle jetable\",\"sl\":\"assiette-ronde-10.25-blanc-avec-bande-or-party-couture-02358\",\"sn\":\"\",\"idxP\":17},{\"mq\":\"Party Couture\",\"nm\":\"Assiette carr\u00E9e 7.5\\\" blanc avec bande or\",\"nme\":\"Square plates 7.5\\\" white w\\\/gold rim\",\"attr\":\"\",\"sku\":\"02346\",\"l2\":\"Vaisselle jetable\",\"sl\":\"assiette-carree-7.5-blanc-avec-bande-or-party-couture-02346\",\"sn\":\"\",\"idxP\":39},{\"mq\":\"Party Couture\",\"nm\":\"Assiette ronde 7.5\\\" blanc avec bande argent\",\"nme\":\"Round plates 7.5\\\" white w\\\/silver rim\",\"attr\":\"\",\"sku\":\"02334\",\"l2\":\"Vaisselle jetable\",\"sl\":\"assiette-ronde-7.5-blanc-avec-bande-argent-party-couture-02334\",\"sn\":\"\",\"idxP\":43},{\"mq\":\"Party Couture\",\"nm\":\"Assiette ronde 7.5\\\" clair bande or\",\"nme\":\"Round plates 7.5\\\" clear w\\\/gold rim\",\"attr\":\"\",\"sku\":\"02340\",\"l2\":\"Vaisselle jetable\",\"sl\":\"assiette-ronde-7.5-clair-bande-or-party-couture-02340\",\"sn\":\"transparent\",\"idxP\":41},{\"mq\":\"Party Couture\",\"nm\":\"Bol carr\u00E9 12oz blanc avec bande or\",\"nme\":\"White Square bowl 12oz  w\\\/gold  rim\",\"attr\":\"\",\"sku\":\"02352\",\"l2\":\"Contenant jetable\",\"sl\":\"bol-carre-12oz-blanc-avec-bande-or-party-couture-02352\",\"sn\":\"\",\"idxP\":17},{\"mq\":\"Party Couture\",\"nm\":\"Assiette ronde 10.25\\\" clair avec bande or\",\"nme\":\"Round plates 10.25\\\" white w\\\/gold rim\",\"attr\":\"\",\"sku\":\"02366\",\"l2\":\"Vaisselle jetable\",\"sl\":\"assiette-ronde-10.25-clair-avec-bande-or-party-couture-02366\",\"sn\":\"transparent\",\"idxP\":51},{\"mq\":\"Party Couture\",\"nm\":\"Assiette ronde 10.25\\\" blanc avec fleur or\",\"nme\":\"Round plates 10.25\\\" white w\\\/gold flower\",\"attr\":\"\",\"sku\":\"02362\",\"l2\":\"Vaisselle jetable\",\"sl\":\"assiette-ronde-10.25-blanc-avec-fleur-or-party-couture-02362\",\"sn\":\"\",\"idxP\":17},{\"mq\":\"Cookina\",\"nm\":\"2 Sacs \u00E0 sandwich et cong\u00E9lation r\u00E9utilisables\",\"nme\":\"2 Reusable Cookina sandwich and congelation\",\"attr\":\"\",\"sku\":\"02414\",\"l2\":\"Sac \u00E0 emballage\",\"sl\":\"2-sacs-a-sandwich-et-congelation-reutilisables-cookina-02414\",\"sn\":\"\",\"idxP\":0},{\"mq\":\"Cookina\",\"nm\":\"2 grands sacs \u00E0 sandwich\\\/cong\u00E9lation r\u00E9utilisables\",\"nme\":\"Large r\u00E9usable bags (2) freezer Cookina\",\"attr\":\"\",\"sku\":\"02415\",\"l2\":\"Sac \u00E0 emballage\",\"sl\":\"2-grands-sacs-a-sandwichcongelation-reutilisables-cookina-02415\",\"sn\":\"\",\"idxP\":0},{\"mq\":\"Hy Pax\",\"nm\":\"Bo\u00EEte en papier blanc \u00E0 emporter #3\",\"nme\":\"Take Out Food Container #3 White\",\"attr\":\"\",\"sku\":\"02429\",\"l2\":\"Boite carton\",\"sl\":\"boite-en-papier-blanc-a-emporter-3-hy-pax-02429\",\"sn\":\"\",\"idxP\":9},{\"mq\":\"Hy Pax\",\"nm\":\"Bo\u00EEte en papier blanc \u00E0 emporter #4\",\"nme\":\"Take Out Food Container #4 White\",\"attr\":\"\",\"sku\":\"02430\",\"l2\":\"Boite carton\",\"sl\":\"boite-en-papier-blanc-a-emporter-4-hy-pax-02430\",\"sn\":\"\",\"idxP\":15},{\"mq\":\"Hy Pax\",\"nm\":\"Bo\u00EEte en papier blanc \u00E0 emporter #8\",\"nme\":\"Take Out Food Container #8 White\",\"attr\":\"\",\"sku\":\"02434\",\"l2\":\"Boite carton\",\"sl\":\"boite-en-papier-blanc-a-emporter-8-hy-pax-02434\",\"sn\":\"\",\"idxP\":21},{\"mq\":\"Hy Pax\",\"nm\":\"Bo\u00EEte en papier blanc \u00E0 emporter #1\",\"nme\":\"Take Out Food Container #1 White\",\"attr\":\"\",\"sku\":\"02433\",\"l2\":\"Boite carton\",\"sl\":\"boite-en-papier-blanc-a-emporter-1-hy-pax-02433\",\"sn\":\"\",\"idxP\":26},{\"mq\":\"J.E.T. Bags\",\"nm\":\"Sac papier poign\u00E9es torsad\u00E9es 14\\\"x10\\\"x16\\\"\",\"nme\":\"Twisted Handle Paper Bags 14\\\"x10\\\"x16\\\"\",\"attr\":\"\",\"sku\":\"02504\",\"l2\":\"Sac \u00E0 emballage\",\"sl\":\"sac-papier-poignees-torsadees-14x10x16-j.e.t.-bags-02504\",\"sn\":\"\",\"idxP\":44},{\"mq\":\"Mi-Ma Pack\",\"nm\":\"Couvercle Lamin\u00E9 pour Aluminium 1 Lb\",\"nme\":\"Laminated Lid for Aluminum 1 Lb\",\"attr\":\"\",\"sku\":\"02556\",\"l2\":\"Contenant jetable\",\"sl\":\"couvercle-lamine-pour-aluminium-1-lb-mi-ma-pack-02556\",\"sn\":\"\",\"idxP\":56},{\"mq\":\"J.E.T. napkins\",\"nm\":\"Serviette \u00E0 d\u00EEner brune\",\"nme\":\"Brown Dinner Napkin\",\"attr\":\"\",\"sku\":\"02503\",\"l2\":\"Serviettes et nappes jetables\",\"sl\":\"serviette-a-diner-brune-j.e.t.-napkins-02503\",\"sn\":\"\",\"idxP\":63},{\"mq\":\"Slypak\",\"nm\":\"Verre en carton pour boisson chaude 7oz\",\"nme\":\"Hot Paper Cup 7oz\",\"attr\":\"\",\"sku\":\"02570\",\"l2\":\"Vaisselle jetable\",\"sl\":\"verre-en-carton-pour-boisson-chaude-7oz-slypak-02570\",\"sn\":\"\",\"idxP\":100},{\"mq\":\"Mi-Ma Pack\",\"nm\":\"Couvercle d\u00F4me pour Aluminium 1 Lb\",\"nme\":\"Dome Lid for Aluminum 1 Lb\",\"attr\":\"\",\"sku\":\"02557\",\"l2\":\"Contenant jetable\",\"sl\":\"couvercle-dome-pour-aluminium-1-lb-mi-ma-pack-02557\",\"sn\":\"\",\"idxP\":59},{\"mq\":\"Slypak\",\"nm\":\"Verre en carton pour boisson chaude 8.25oz\",\"nme\":\"Hot Paper Cup 8.25oz\",\"attr\":\"\",\"sku\":\"02574\",\"l2\":\"Vaisselle jetable\",\"sl\":\"verre-en-carton-pour-boisson-chaude-8.25oz-slypak-02574\",\"sn\":\"\",\"idxP\":100},{\"mq\":\"Slypak\",\"nm\":\"Verre en carton pour boisson chaude 12oz\",\"nme\":\"Hot Paper Cup 12oz\",\"attr\":\"\",\"sku\":\"02575\",\"l2\":\"Vaisselle jetable\",\"sl\":\"verre-en-carton-pour-boisson-chaude-12oz-slypak-02575\",\"sn\":\"\",\"idxP\":82},{\"mq\":\"J.E.T. napkins\",\"nm\":\"Serviette \u00E0 breuvage 1 pli\",\"nme\":\"1 ply beverage napkin\",\"attr\":\"\",\"sku\":\"02635\",\"l2\":\"Serviettes et nappes jetables\",\"sl\":\"serviette-a-breuvage-1-pli-j.e.t.-napkins-02635\",\"sn\":\"liqueur\",\"idxP\":94},{\"mq\":\"Mi-Ma Pack\",\"nm\":\"Contenant portion plastique PP 1oz\",\"nme\":\"Portion Cup 1oz\",\"attr\":\"\",\"sku\":\"02647\",\"l2\":\"Contenant jetable\",\"sl\":\"contenant-portion-plastique-pp-1oz-mi-ma-pack-02647\",\"sn\":\"\",\"idxP\":96},{\"mq\":\"Mi-Ma Pack\",\"nm\":\"Contenant portion plastique PP 0.75oz\",\"nme\":\"Portion Cup 0.75oz\",\"attr\":\"\",\"sku\":\"02643\",\"l2\":\"Contenant jetable\",\"sl\":\"contenant-portion-plastique-pp-0.75oz-mi-ma-pack-02643\",\"sn\":\"\",\"idxP\":80},{\"mq\":\"Mi-Ma Pack\",\"nm\":\"Contenant portion plastique PP 4oz\",\"nme\":\"Portion Cup 4oz\",\"attr\":\"\",\"sku\":\"02651\",\"l2\":\"Contenant jetable\",\"sl\":\"contenant-portion-plastique-pp-4oz-mi-ma-pack-02651\",\"sn\":\"\",\"idxP\":97},{\"mq\":\"J.E.T. napkins\",\"nm\":\"Serviettes papier pour distributeur 1 pli\",\"nme\":\"Paper napkins disoenser 1ply\",\"attr\":\"\",\"sku\":\"02637\",\"l2\":\"Serviettes et nappes jetables\",\"sl\":\"serviettes-papier-pour-distributeur-1-pli-j.e.t.-napkins-02637\",\"sn\":\"\",\"idxP\":100},{\"mq\":\"Mi-Ma Pack\",\"nm\":\"Contenant portion plastique PP 5.5oz\",\"nme\":\"Portion Cup 5.5oz\",\"attr\":\"\",\"sku\":\"02652\",\"l2\":\"Contenant jetable\",\"sl\":\"contenant-portion-plastique-pp-5.5oz-mi-ma-pack-02652\",\"sn\":\"\",\"idxP\":85},{\"mq\":\"Mi-Ma Pack\",\"nm\":\"Contenant portion plastique PP 2.5oz\",\"nme\":\"Portion Cup 2.5oz\",\"attr\":\"\",\"sku\":\"02648\",\"l2\":\"Contenant jetable\",\"sl\":\"contenant-portion-plastique-pp-2.5oz-mi-ma-pack-02648\",\"sn\":\"\",\"idxP\":83},{\"mq\":\"Mi-Ma Pack\",\"nm\":\"Couvercle plast pp contenant portion 1.5-2-2.5oz\",\"nme\":\"Portion cup lid for 1.5-2-2.5oz\",\"attr\":\"\",\"sku\":\"02654\",\"l2\":\"Contenant jetable\",\"sl\":\"couvercle-plast-pp-contenant-portion-1.5-2-2.5oz-mi-ma-pack-02654\",\"sn\":\"\",\"idxP\":100},{\"mq\":\"Mi-Ma Pack\",\"nm\":\"Contenant portion plastique PP 2oz\",\"nme\":\"Portion Cup 2oz\",\"attr\":\"\",\"sku\":\"02649\",\"l2\":\"Contenant jetable\",\"sl\":\"contenant-portion-plastique-pp-2oz-mi-ma-pack-02649\",\"sn\":\"\",\"idxP\":100},{\"mq\":\"Mi-Ma Pack\",\"nm\":\"Couvercle plast pp contenant portion 3.25-4-5.5oz\",\"nme\":\"Portion cup lid for 3.25-4-5.5oz\",\"attr\":\"\",\"sku\":\"02655\",\"l2\":\"Contenant jetable\",\"sl\":\"couvercle-plast-pp-contenant-portion-3.25-4-5.5oz-mi-ma-pack-02655\",\"sn\":\"\",\"idxP\":100},{\"mq\":\"Mi-Ma Pack\",\"nm\":\"Contenant portion plastique PP 3.25oz\",\"nme\":\"Portion Cup 3.25oz\",\"attr\":\"\",\"sku\":\"02650\",\"l2\":\"Contenant jetable\",\"sl\":\"contenant-portion-plastique-pp-3.25oz-mi-ma-pack-02650\",\"sn\":\"\",\"idxP\":90},{\"mq\":\"J.E.T. napkins\",\"nm\":\"Serviette d\u00E9jeuner blanche 1 pli\",\"nme\":\"White lunch napkin 1 Ply\",\"attr\":\"\",\"sku\":\"02638\",\"l2\":\"Serviettes et nappes jetables\",\"sl\":\"serviette-dejeuner-blanche-1-pli-j.e.t.-napkins-02638\",\"sn\":\"\",\"idxP\":89},{\"mq\":\"Mi-Ma Pack\",\"nm\":\"Contenant portion plastique PP 1.5oz\",\"nme\":\"Portion Cup 1.5 oz\",\"attr\":\"\",\"sku\":\"02642\",\"l2\":\"Contenant jetable\",\"sl\":\"contenant-portion-plastique-pp-1.5oz-mi-ma-pack-02642\",\"sn\":\"\",\"idxP\":92},{\"mq\":\"Mi-Ma Pack\",\"nm\":\"Couvercle plast pp contenant portion 0.75-1oz\",\"nme\":\"Portion cup lid for 0.75-1oz\",\"attr\":\"\",\"sku\":\"02653\",\"l2\":\"Contenant jetable\",\"sl\":\"couvercle-plast-pp-contenant-portion-0.75-1oz-mi-ma-pack-02653\",\"sn\":\"\",\"idxP\":92},{\"mq\":\"Slypak\",\"nm\":\"Cabarets pour emporter 8.75\\\"x6.75\\\"x2.125\\\"\",\"nme\":\"Take-Out Box 8.75\\\"x6.75\\\"x2.125\\\"\",\"attr\":\"\",\"sku\":\"02608\",\"l2\":\"Boite carton\",\"sl\":\"cabarets-pour-emporter-8.75x6.75x2.125-slypak-02608\",\"sn\":\"plateau, tray\",\"idxP\":33},{\"mq\":\"Table Accents\",\"nm\":\"Verres caf\u00E9 isolants triple paroi 8oz rouge\",\"nme\":\"Triple Wall Insulated Coffee Cups 8oz - Red\",\"attr\":\"\",\"sku\":\"02686\",\"l2\":\"Contenant jetable\",\"sl\":\"verres-cafe-isolants-triple-paroi-8oz-rouge-table-accents-02686\",\"sn\":\"\",\"idxP\":94},{\"mq\":\"Table Accents\",\"nm\":\"Verres caf\u00E9 isolants triple paroi 16oz rouge\",\"nme\":\"Triple Wall Insulated Coffee Cups 16oz - Red\",\"attr\":\"\",\"sku\":\"02689\",\"l2\":\"Contenant jetable\",\"sl\":\"verres-cafe-isolants-triple-paroi-16oz-rouge-table-accents-02689\",\"sn\":\"\",\"idxP\":52},{\"mq\":\"Table Accents\",\"nm\":\"Verres caf\u00E9 isolants triple paroi 12oz rouge\",\"nme\":\"Triple Wall Insulated Coffee Cups 12oz - Red\",\"attr\":\"\",\"sku\":\"02688\",\"l2\":\"Contenant jetable\",\"sl\":\"verres-cafe-isolants-triple-paroi-12oz-rouge-table-accents-02688\",\"sn\":\"\",\"idxP\":75},{\"mq\":\"Caf\u00E9 Express\",\"nm\":\"Verres plastique PET 12oz\",\"nme\":\"12oz PET cups\",\"attr\":\"\",\"sku\":\"02737\",\"l2\":\"Vaisselle jetable\",\"sl\":\"verres-plastique-pet-12oz-cafe-express-02737\",\"sn\":\"\",\"idxP\":100},{\"mq\":\"Caf\u00E9 Express\",\"nm\":\"Verres plastique PET 16oz\",\"nme\":\"16oz PET cups\",\"attr\":\"\",\"sku\":\"02738\",\"l2\":\"Vaisselle jetable\",\"sl\":\"verres-plastique-pet-16oz-cafe-express-02738\",\"sn\":\"\",\"idxP\":100},{\"mq\":\"Caf\u00E9 Express\",\"nm\":\"Verres plastique PET 7oz\",\"nme\":\"7oz PET cups\",\"attr\":\"\",\"sku\":\"02735\",\"l2\":\"Vaisselle jetable\",\"sl\":\"verres-plastique-pet-7oz-cafe-express-02735\",\"sn\":\"\",\"idxP\":100},{\"mq\":\"Caf\u00E9 Express\",\"nm\":\"Verres plastique PET 24oz\",\"nme\":\"24oz PET cups\",\"attr\":\"\",\"sku\":\"02741\",\"l2\":\"Vaisselle jetable\",\"sl\":\"verres-plastique-pet-24oz-cafe-express-02741\",\"sn\":\"\",\"idxP\":100},{\"mq\":\"Caf\u00E9 Express\",\"nm\":\"Verres plastique PET 9oz\",\"nme\":\"9oz PET cups\",\"attr\":\"\",\"sku\":\"02736\",\"l2\":\"Vaisselle jetable\",\"sl\":\"verres-plastique-pet-9oz-cafe-express-02736\",\"sn\":\"\",\"idxP\":100},{\"mq\":\"Caf\u00E9 Express\",\"nm\":\"Couvercles avec fente 7-9oz\",\"nme\":\"Slotted lid 7-9oz\",\"attr\":\"\",\"sku\":\"02742\",\"l2\":\"Vaisselle jetable\",\"sl\":\"couvercles-avec-fente-7-9oz-cafe-express-02742\",\"sn\":\"\",\"idxP\":72},{\"mq\":\"Caf\u00E9 Express\",\"nm\":\"Couvercles plats 7-9oz\",\"nme\":\"Flat lid 7-8oz\",\"attr\":\"\",\"sku\":\"02734\",\"l2\":\"Vaisselle jetable\",\"sl\":\"couvercles-plats-7-9oz-cafe-express-02734\",\"sn\":\"\",\"idxP\":57},{\"mq\":\"Caf\u00E9 Express\",\"nm\":\"Couvercles plats 12oz\",\"nme\":\"Flat lid 12oz\",\"attr\":\"\",\"sku\":\"02745\",\"l2\":\"Vaisselle jetable\",\"sl\":\"couvercles-plats-12oz-cafe-express-02745\",\"sn\":\"\",\"idxP\":48},{\"mq\":\"Caf\u00E9 Express\",\"nm\":\"Verres plastique PET 20oz\",\"nme\":\"20oz PET cups\",\"attr\":\"\",\"sku\":\"02740\",\"l2\":\"Vaisselle jetable\",\"sl\":\"verres-plastique-pet-20oz-cafe-express-02740\",\"sn\":\"\",\"idxP\":100},{\"mq\":\"Caf\u00E9 Express\",\"nm\":\"Couvercles d\u00F4me avec trou 12oz\",\"nme\":\"Dome lid with hole 12oz\",\"attr\":\"\",\"sku\":\"02746\",\"l2\":\"Vaisselle jetable\",\"sl\":\"couvercles-dome-avec-trou-12oz-cafe-express-02746\",\"sn\":\"\",\"idxP\":56},{\"mq\":\"Caf\u00E9 Express\",\"nm\":\"Couvercles avec fente 12oz\",\"nme\":\"12oz Slotted lid\",\"attr\":\"\",\"sku\":\"02744\",\"l2\":\"Vaisselle jetable\",\"sl\":\"couvercles-avec-fente-12oz-cafe-express-02744\",\"sn\":\"\",\"idxP\":74},{\"mq\":\"Caf\u00E9 Express\",\"nm\":\"Couvercles plats 16-24oz\",\"nme\":\"Flat lid 16-24oz\",\"attr\":\"\",\"sku\":\"02757\",\"l2\":\"Vaisselle jetable\",\"sl\":\"couvercles-plats-16-24oz-cafe-express-02757\",\"sn\":\"\",\"idxP\":78},{\"mq\":\"Slypak\",\"nm\":\"Bol papier kraft rectangle 500ml\",\"nme\":\"Rectangular fraft container 500ml\",\"attr\":\"\",\"sku\":\"02765\",\"l2\":\"Contenant jetable\",\"sl\":\"bol-papier-kraft-rectangle-500ml-slypak-02765\",\"sn\":\"\",\"idxP\":60},{\"mq\":\"Mi-Ma Pack\",\"nm\":\"Bo\u00EEte g\u00E2teau blanche 12\\\"x12\\\"x5\\\"\",\"nme\":\"White Cake Box 12\\\"x12\\\"x5\\\"\",\"attr\":\"\",\"sku\":\"02712\",\"l2\":\"Boite carton\",\"sl\":\"boite-gateau-blanche-12x12x5-mi-ma-pack-02712\",\"sn\":\"\",\"idxP\":12},{\"mq\":\"Slypak\",\"nm\":\"Bol papier kraft rectangle 750ml\",\"nme\":\"Rectangular fraft container 750ml\",\"attr\":\"\",\"sku\":\"02764\",\"l2\":\"Contenant jetable\",\"sl\":\"bol-papier-kraft-rectangle-750ml-slypak-02764\",\"sn\":\"\",\"idxP\":71},{\"mq\":\"Slypak\",\"nm\":\"Couvercle plastique bol \u00E0 salade 16-24oz\",\"nme\":\"Salad bowl plastic lid 16-24oz\",\"attr\":\"\",\"sku\":\"02772\",\"l2\":\"Contenant jetable\",\"sl\":\"couvercle-plastique-bol-a-salade-16-24oz-slypak-02772\",\"sn\":\"\",\"idxP\":100},{\"mq\":\"Caf\u00E9 Express\",\"nm\":\"Couvercles d\u00F4me avec trou 16-20-24oz\",\"nme\":\"Dome lid with hole 16-20-24oz\",\"attr\":\"\",\"sku\":\"02753\",\"l2\":\"Vaisselle jetable\",\"sl\":\"couvercles-dome-avec-trou-16-20-24oz-cafe-express-02753\",\"sn\":\"\",\"idxP\":87},{\"mq\":\"Slypak\",\"nm\":\"Bol \u00E0 salade papier kraft 16oz\",\"nme\":\"Salad bowl kraft container 16oz\",\"attr\":\"\",\"sku\":\"02774\",\"l2\":\"Contenant jetable\",\"sl\":\"bol-a-salade-papier-kraft-16oz-slypak-02774\",\"sn\":\"\",\"idxP\":98},{\"mq\":\"Caf\u00E9 Express\",\"nm\":\"Couvercles bec 12oz\",\"nme\":\"Sip lid 12oz\",\"attr\":\"\",\"sku\":\"02748\",\"l2\":\"Vaisselle jetable\",\"sl\":\"couvercles-bec-12oz-cafe-express-02748\",\"sn\":\"\",\"idxP\":42},{\"mq\":\"Titan\",\"nm\":\"Sac cong\u00E9lation clik zip large\",\"nme\":\"Large freezing Bags clik zip\",\"attr\":\"\",\"sku\":\"02791\",\"l2\":\"Sac \u00E0 emballage\",\"sl\":\"sac-congelation-clik-zip-large-titan-02791\",\"sn\":\"\",\"idxP\":76},{\"mq\":\"Caf\u00E9 Express\",\"nm\":\"Couvercles avec fente 16-24oz\",\"nme\":\"Slotted lid 16-24oz\",\"attr\":\"\",\"sku\":\"02754\",\"l2\":\"Vaisselle jetable\",\"sl\":\"couvercles-avec-fente-16-24oz-cafe-express-02754\",\"sn\":\"\",\"idxP\":96},{\"mq\":\"Arcem\",\"nm\":\"Sac \u00E0 frites double 1lb\",\"nme\":\"French Fries Bag 1lb\",\"attr\":\"\",\"sku\":\"02812\",\"l2\":\"Sac \u00E0 emballage\",\"sl\":\"sac-a-frites-double-1lb-arcem-02812\",\"sn\":\"\",\"idxP\":22},{\"mq\":\"Arcem\",\"nm\":\"Sac \u00E0 frites double 3\\\/4lb\",\"nme\":\"French Fries Bag 3\\\/4lb\",\"attr\":\"\",\"sku\":\"02809\",\"l2\":\"Sac \u00E0 emballage\",\"sl\":\"sac-a-frites-double-34lb-arcem-02809\",\"sn\":\"\",\"idxP\":45},{\"mq\":\"Mi-Ma Pack\",\"nm\":\"Contenant portion carton kraft 1.5oz\",\"nme\":\"Portion Cup kraft 1.5oz\",\"attr\":\"\",\"sku\":\"02816\",\"l2\":\"Contenant jetable\",\"sl\":\"contenant-portion-carton-kraft-1.5oz-mi-ma-pack-02816\",\"sn\":\"\",\"idxP\":88},{\"mq\":\"Arcem\",\"nm\":\"Sac \u00E0 frites double 2lbs\",\"nme\":\"French Fries Bag 2lb\",\"attr\":\"\",\"sku\":\"02814\",\"l2\":\"Sac \u00E0 emballage\",\"sl\":\"sac-a-frites-double-2lbs-arcem-02814\",\"sn\":\"\",\"idxP\":24},{\"mq\":\"Mi-Ma Pack\",\"nm\":\"Couvercle plastique portion carton kraft 1oz\",\"nme\":\"Lid for portion cup kraft 1oz\",\"attr\":\"\",\"sku\":\"02820\",\"l2\":\"Contenant jetable\",\"sl\":\"couvercle-plastique-portion-carton-kraft-1oz-mi-ma-pack-02820\",\"sn\":\"\",\"idxP\":67},{\"mq\":\"Terra Verde\",\"nm\":\"Bol bagasse 12oz\",\"nme\":\"Bagasse Bowl 12oz\",\"attr\":\"\",\"sku\":\"02825\",\"l2\":\"Contenant jetable\",\"sl\":\"bol-bagasse-12oz-terra-verde-02825\",\"sn\":\"\",\"idxP\":64},{\"mq\":\"Slypak\",\"nm\":\"Couvercle plastique rectangle 500-750ml\",\"nme\":\"Plastic rectangular lid 500-750ml\",\"attr\":\"\",\"sku\":\"02760\",\"l2\":\"Contenant jetable\",\"sl\":\"couvercle-plastique-rectangle-500-750ml-slypak-02760\",\"sn\":\"\",\"idxP\":84},{\"mq\":\"Arcem\",\"nm\":\"Sac \u00E0 frites double 1\\\/2lb\",\"nme\":\"French Fries Bag 1\\\/2lb\",\"attr\":\"\",\"sku\":\"02810\",\"l2\":\"Sac \u00E0 emballage\",\"sl\":\"sac-a-frites-double-12lb-arcem-02810\",\"sn\":\"\",\"idxP\":42},{\"mq\":\"Dart\",\"nm\":\"Couvercle papier blanc pour bol 8-12-16oz\",\"nme\":\"White paper lid for 8-12-16oz bowl\",\"attr\":\"\",\"sku\":\"02828\",\"l2\":\"Contenant jetable\",\"sl\":\"couvercle-papier-blanc-pour-bol-8-12-16oz-dart-02828\",\"sn\":\"\",\"idxP\":0},{\"mq\":\"Mi-Ma Pack\",\"nm\":\"Couvercle plastique portion carton kraft 1.5-2oz\",\"nme\":\"Lid for portion cup kraft 1.5-2oz\",\"attr\":\"\",\"sku\":\"02821\",\"l2\":\"Contenant jetable\",\"sl\":\"couvercle-plastique-portion-carton-kraft-1.5-2oz-mi-ma-pack-02821\",\"sn\":\"\",\"idxP\":87},{\"mq\":\"Table Accents\",\"nm\":\"Couteau blanc en polypropyl\u00E8ne\",\"nme\":\"Polypropylene white knife\",\"attr\":\"\u00C9cologique\",\"sku\":\"23747\",\"l2\":\"Vaisselle jetable\",\"sl\":\"couteau-blanc-en-polypropylene-table-accents-23747\",\"sn\":\"\",\"idxP\":39},{\"mq\":\"Mi-Ma Pack\",\"nm\":\"Contenant portion carton kraft 2oz\",\"nme\":\"Portion Cup kraft 2oz\",\"attr\":\"\",\"sku\":\"02818\",\"l2\":\"Contenant jetable\",\"sl\":\"contenant-portion-carton-kraft-2oz-mi-ma-pack-02818\",\"sn\":\"\",\"idxP\":100},{\"mq\":\"Mi-Ma Pack\",\"nm\":\"Contenant portion carton kraft 1oz\",\"nme\":\"Portion Cup kraft 1oz\",\"attr\":\"\",\"sku\":\"02815\",\"l2\":\"Contenant jetable\",\"sl\":\"contenant-portion-carton-kraft-1oz-mi-ma-pack-02815\",\"sn\":\"\",\"idxP\":89},{\"mq\":\"Dart\",\"nm\":\"Couvercle papier blanc pour bol 32oz\",\"nme\":\"White paper lid for 32oz bowl\",\"attr\":\"\",\"sku\":\"02837\",\"l2\":\"Contenant jetable\",\"sl\":\"couvercle-papier-blanc-pour-bol-32oz-dart-02837\",\"sn\":\"\",\"idxP\":0},{\"mq\":\"Table Accents\",\"nm\":\"Fourchette blanche en polypropyl\u00E8ne\",\"nme\":\"Polypropylene white fork\",\"attr\":\"\u00C9cologique\",\"sku\":\"23748\",\"l2\":\"Vaisselle jetable\",\"sl\":\"fourchette-blanche-en-polypropylene-table-accents-23748\",\"sn\":\"\",\"idxP\":100},{\"mq\":\"Table Accents\",\"nm\":\"Cuill\u00E8re \u00E0 soupe blanche en polypropyl\u00E8ne\",\"nme\":\"White polypropylene soup spoon\",\"attr\":\"\",\"sku\":\"23750\",\"l2\":\"Vaisselle jetable\",\"sl\":\"cuillere-a-soupe-blanche-en-polypropylene-table-accents-23750\",\"sn\":\"\",\"idxP\":52},{\"mq\":\"Table Accents\",\"nm\":\"Cuill\u00E8re \u00E0 th\u00E9 blanche en polypropyl\u00E8ne\",\"nme\":\"White polypropylene teaspoon\",\"attr\":\"\u00C9cologique\",\"sku\":\"23749\",\"l2\":\"Vaisselle jetable\",\"sl\":\"cuillere-a-the-blanche-en-polypropylene-table-accents-23749\",\"sn\":\"\",\"idxP\":69},{\"mq\":\"Table Accents\",\"nm\":\"Assiettes papier plastifi\u00E9 blanc 8.5\\\"\",\"nme\":\"Paper plates coated white 8.5\\\"\",\"attr\":\"\",\"sku\":\"02997\",\"l2\":\"Vaisselle jetable\",\"sl\":\"assiettes-papier-plastifie-blanc-8.5-table-accents-02997\",\"sn\":\"\",\"idxP\":96},{\"mq\":\"Table Accents\",\"nm\":\"Ensemble ustensile 6pcs bois (f\\\/k\\\/s\\\/n\\\/s\\\/p)\",\"nme\":\"Compostable Birch 6-Piece Dining Set (f\\\/k\\\/s\\\/n\\\/s\\\/p)\",\"attr\":\"\",\"sku\":\"03006\",\"l2\":\"Vaisselle jetable\",\"sl\":\"ensemble-ustensile-6pcs-bois-fksnsp-table-accents-03006\",\"sn\":\"\",\"idxP\":17},{\"mq\":\"Table Accents\",\"nm\":\"Assiettes papier plastifi\u00E9 blanc 7\\\"\",\"nme\":\"Paper plates coated white 7\\\"\",\"attr\":\"\",\"sku\":\"02990\",\"l2\":\"Vaisselle jetable\",\"sl\":\"assiettes-papier-plastifie-blanc-7-table-accents-02990\",\"sn\":\"\",\"idxP\":79},{\"mq\":\"Titan\",\"nm\":\"Sac sandwich\",\"nme\":\"Sandwich bag\",\"attr\":\"\",\"sku\":\"03057\",\"l2\":\"Sac \u00E0 emballage\",\"sl\":\"sac-sandwich-titan-03057\",\"sn\":\"\",\"idxP\":46},{\"mq\":\"Caf\u00E9 Express\",\"nm\":\"Contenant rect. base blanche pour emporter 42oz\",\"nme\":\"White base rectangular takeout container 42oz\",\"attr\":\"\",\"sku\":\"03065\",\"l2\":\"Contenant jetable\",\"sl\":\"contenant-rect.-base-blanche-pour-emporter-42oz-cafe-express-03065\",\"sn\":\"\",\"idxP\":93},{\"mq\":\"Table Accents\",\"nm\":\"Assiettes papier plastifi\u00E9 blanc 10\\\"\",\"nme\":\"Paper plates coated white 10\\\"\",\"attr\":\"\",\"sku\":\"03002\",\"l2\":\"Vaisselle jetable\",\"sl\":\"assiettes-papier-plastifie-blanc-10-table-accents-03002\",\"sn\":\"\",\"idxP\":80},{\"mq\":\"Caf\u00E9 Express\",\"nm\":\"Contenant rect. base blanche pour emporter 34oz\",\"nme\":\"White container rectangular takeout container 34oz\",\"attr\":\"\",\"sku\":\"03068\",\"l2\":\"Contenant jetable\",\"sl\":\"contenant-rect.-base-blanche-pour-emporter-34oz-cafe-express-03068\",\"sn\":\"\",\"idxP\":90},{\"mq\":\"Table Accents\",\"nm\":\"Ensemble ustensile 5pcs bois (f\\\/k\\\/n\\\/s\\\/p)\",\"nme\":\"5pcs wood utensil set (f\\\/k\\\/n\\\/s\\\/p)\",\"attr\":\"\",\"sku\":\"66754\",\"l2\":\"Vaisselle jetable\",\"sl\":\"ensemble-ustensile-5pcs-bois-fknsp-table-accents-66754\",\"sn\":\"\",\"idxP\":0},{\"mq\":\"Table Accents\",\"nm\":\"Ensemble ustensile 3pcs bois (f\\\/k\\\/n)\",\"nme\":\"Wood regular cutlery food kit 3pcs f\\\/k\\\/n\",\"attr\":\"\",\"sku\":\"66588\",\"l2\":\"Vaisselle jetable\",\"sl\":\"ensemble-ustensile-3pcs-bois-fkn-table-accents-66588\",\"sn\":\"\",\"idxP\":0},{\"mq\":\"Table Accents\",\"nm\":\"Fourchette bois r\u00E9gulier\",\"nme\":\"Birch wood fork regular\",\"attr\":\"\",\"sku\":\"66589\",\"l2\":\"Vaisselle jetable\",\"sl\":\"fourchette-bois-regulier-table-accents-66589\",\"sn\":\"\",\"idxP\":82},{\"mq\":\"Table Accents\",\"nm\":\"Cuilli\u00E8re th\u00E9 bois r\u00E9gulier\",\"nme\":\"Birch wood teaspoon regular\",\"attr\":\"\",\"sku\":\"66590\",\"l2\":\"Vaisselle jetable\",\"sl\":\"cuilliere-the-bois-regulier-table-accents-66590\",\"sn\":\"\",\"idxP\":44},{\"mq\":\"Table Accents\",\"nm\":\"Cuill\u00E8re soupe bois envelopp\u00E9s\",\"nme\":\"Birch wood soup spoon individually wrapped\",\"attr\":\"\",\"sku\":\"66756\",\"l2\":\"Vaisselle jetable\",\"sl\":\"cuillere-soupe-bois-enveloppes-table-accents-66756\",\"sn\":\"\",\"idxP\":0},{\"mq\":\"Table Accents\",\"nm\":\"Cuill\u00E8re bois envelopp\u00E9s\",\"nme\":\"Birch wood spoon individually wrapped\",\"attr\":\"\",\"sku\":\"66755\",\"l2\":\"Vaisselle jetable\",\"sl\":\"cuillere-bois-enveloppes-table-accents-66755\",\"sn\":\"\",\"idxP\":0},{\"mq\":\"Hy stix\",\"nm\":\"Cuillere bois soda vrac\",\"nme\":\"Spoon soda bulk bamboo\",\"attr\":\"\",\"sku\":\"66761\",\"l2\":\"Vaisselle jetable\",\"sl\":\"cuillere-bois-soda-vrac-hy-stix-66761\",\"sn\":\"liqueur, breuvage, softdrink, soft drink\",\"idxP\":4},{\"mq\":\"Table Accents\",\"nm\":\"Cuill\u00E8re soupe bois r\u00E9gulier\",\"nme\":\"Birch wood soup spoon regular\",\"attr\":\"\",\"sku\":\"66759\",\"l2\":\"Vaisselle jetable\",\"sl\":\"cuillere-soupe-bois-regulier-table-accents-66759\",\"sn\":\"\",\"idxP\":8},{\"mq\":\"Table Accents\",\"nm\":\"Couvercle d\u00F4me PP blanc 8oz\",\"nme\":\"Lid PP dome white 8oz\",\"attr\":\"\",\"sku\":\"03105\",\"l2\":\"Vaisselle jetable\",\"sl\":\"couvercle-dome-pp-blanc-8oz-table-accents-03105\",\"sn\":\"\",\"idxP\":99},{\"mq\":\"Table Accents\",\"nm\":\"Verres caf\u00E9 isolants triple parois kraft 16oz\",\"nme\":\"Triple Wall Insulated Coffee cup 16oz\",\"attr\":\"\",\"sku\":\"03104\",\"l2\":\"Contenant jetable\",\"sl\":\"verres-cafe-isolants-triple-parois-kraft-16oz-table-accents-03104\",\"sn\":\"\",\"idxP\":61},{\"mq\":\"Table Accents\",\"nm\":\"Couteau bois r\u00E9gulier\",\"nme\":\"Birch wood knives regular\",\"attr\":\"\",\"sku\":\"66591\",\"l2\":\"Vaisselle jetable\",\"sl\":\"couteau-bois-regulier-table-accents-66591\",\"sn\":\"\",\"idxP\":0},{\"mq\":\"Table Accents\",\"nm\":\"Couvercle dome PP blanc pour 10\\\/12\\\/16oz\",\"nme\":\"Dome lid PP white for 10\\\/12\\\/16oz\",\"attr\":\"\",\"sku\":\"66772\",\"l2\":\"Vaisselle jetable\",\"sl\":\"couvercle-dome-pp-blanc-pour-101216oz-table-accents-66772\",\"sn\":\"\",\"idxP\":100},{\"mq\":\"Table Accents\",\"nm\":\"Verres caf\u00E9 isolants triple parois kraft 12oz\",\"nme\":\"Triple Wall Insulated Coffee cup 12oz\",\"attr\":\"\",\"sku\":\"03087\",\"l2\":\"Contenant jetable\",\"sl\":\"verres-cafe-isolants-triple-parois-kraft-12oz-table-accents-03087\",\"sn\":\"\",\"idxP\":100},{\"mq\":\"Dorfin\",\"nm\":\"Sac refermable 3\\\"x3\\\"\",\"nme\":\"Remontant Bag 3\\\"x3\\\"\",\"attr\":\"\",\"sku\":\"22935\",\"l2\":\"Sac \u00E0 emballage\",\"sl\":\"sac-refermable-3x3-dorfin-22935\",\"sn\":\"\",\"idxP\":5},{\"mq\":\"Mitchell lincoln\",\"nm\":\"Boite pizza ondul\u00E9 blanche 10\\\"\",\"nme\":\"Pizza Box 10\\\"\",\"attr\":\"\",\"sku\":\"03129\",\"l2\":\"Boite carton\",\"sl\":\"boite-pizza-ondule-blanche-10-mitchell-lincoln-03129\",\"sn\":\"\",\"idxP\":31},{\"mq\":\"Table Accents\",\"nm\":\"Couteau bois envelopp\u00E9s\",\"nme\":\"Birch wood knife individually wrapped\",\"attr\":\"\",\"sku\":\"66757\",\"l2\":\"Vaisselle jetable\",\"sl\":\"couteau-bois-enveloppes-table-accents-66757\",\"sn\":\"\",\"idxP\":0},{\"mq\":\"Table Accents\",\"nm\":\"Verres caf\u00E9 isolants triple parois kraft 8oz\",\"nme\":\"Triple Wall Insulated Coffee cup 8oz\",\"attr\":\"\",\"sku\":\"03090\",\"l2\":\"Contenant jetable\",\"sl\":\"verres-cafe-isolants-triple-parois-kraft-8oz-table-accents-03090\",\"sn\":\"\",\"idxP\":100},{\"mq\":\"Talthi\",\"nm\":\"Cont. aluminium rectangulaire 46oz combo 15\\\/15\",\"nme\":\"Cont. aluminum rectangular 46oz combo 15\\\/15\",\"attr\":\"\",\"sku\":\"03080\",\"l2\":\"Contenant jetable\",\"sl\":\"cont.-aluminium-rectangulaire-46oz-combo-1515-talthi-03080\",\"sn\":\"\",\"idxP\":37},{\"mq\":\"Table Accents\",\"nm\":\"Fourchette bois envelopp\u00E9s\",\"nme\":\"Birch wood fork individually wrapped\",\"attr\":\"\",\"sku\":\"66758\",\"l2\":\"Vaisselle jetable\",\"sl\":\"fourchette-bois-enveloppes-table-accents-66758\",\"sn\":\"\",\"idxP\":0},{\"mq\":\"Mitchell lincoln\",\"nm\":\"Boite pizza ondul\u00E9 blanche 16\\\"\",\"nme\":\"Pizza Box 16\\\"\",\"attr\":\"\",\"sku\":\"03135\",\"l2\":\"Boite carton\",\"sl\":\"boite-pizza-ondule-blanche-16-mitchell-lincoln-03135\",\"sn\":\"\",\"idxP\":19},{\"mq\":\"Dorfin\",\"nm\":\"Sac refermable 2\\\"x2\\\"\",\"nme\":\"Remontant Bag 2\\\"x2\\\"\",\"attr\":\"\",\"sku\":\"22820\",\"l2\":\"Sac \u00E0 emballage\",\"sl\":\"sac-refermable-2x2-dorfin-22820\",\"sn\":\"\",\"idxP\":5},{\"mq\":\"Alpha Polybag\",\"nm\":\"SAC 3LB (5X2X11.5)\",\"nme\":\"BAG 3LB (5X2X11.5)\",\"attr\":\"\",\"sku\":\"35283\",\"l2\":\"Sac \u00E0 emballage\",\"sl\":\"sac-3lb-5x2x11.5-alpha-polybag-35283\",\"sn\":\"\",\"idxP\":52},{\"mq\":\"Mitchell lincoln\",\"nm\":\"Boite pizza ondul\u00E9 blanche 12\\\"\",\"nme\":\"Pizza Box 12\\\"\",\"attr\":\"\",\"sku\":\"03133\",\"l2\":\"Boite carton\",\"sl\":\"boite-pizza-ondule-blanche-12-mitchell-lincoln-03133\",\"sn\":\"\",\"idxP\":45},{\"mq\":\"Mitchell lincoln\",\"nm\":\"Boite pizza ondul\u00E9 blanche 14\\\"\",\"nme\":\"Pizza Box 14\\\"\",\"attr\":\"\",\"sku\":\"03134\",\"l2\":\"Boite carton\",\"sl\":\"boite-pizza-ondule-blanche-14-mitchell-lincoln-03134\",\"sn\":\"\",\"idxP\":24},{\"mq\":\"Slypak\",\"nm\":\"Bol \u00E0 salade papier kraft 44oz\",\"nme\":\"Salad bowl kraft container 44oz\",\"attr\":\"\",\"sku\":\"02773\",\"l2\":\"Contenant jetable\",\"sl\":\"bol-a-salade-papier-kraft-44oz-slypak-02773\",\"sn\":\"\",\"idxP\":92},{\"mq\":\"Table Accents\",\"nm\":\"Verres caf\u00E9 isolants triple parois kraft 4oz\",\"nme\":\"Triple Wall Insulated Coffee cup 4oz\",\"attr\":\"\",\"sku\":\"03168\",\"l2\":\"Contenant jetable\",\"sl\":\"verres-cafe-isolants-triple-parois-kraft-4oz-table-accents-03168\",\"sn\":\"\",\"idxP\":100},{\"mq\":\"Dorfin\",\"nm\":\"Sac refermable 10\\\"x10\\\"\",\"nme\":\"Remontant Bag 10\\\"x10\\\"\",\"attr\":\"\",\"sku\":\"22825\",\"l2\":\"Sac \u00E0 emballage\",\"sl\":\"sac-refermable-10x10-dorfin-22825\",\"sn\":\"\",\"idxP\":3},{\"mq\":\"Table Accents\",\"nm\":\"Verres caf\u00E9 simple parois blanc 4oz\",\"nme\":\"Single wall white paper Coffee cup 4oz\",\"attr\":\"\",\"sku\":\"03169\",\"l2\":\"Contenant jetable\",\"sl\":\"verres-cafe-simple-parois-blanc-4oz-table-accents-03169\",\"sn\":\"\",\"idxP\":100},{\"mq\":\"Slypak\",\"nm\":\"Bol \u00E0 salade papier kraft 34oz\",\"nme\":\"Salad bowl kraft container 34oz\",\"attr\":\"\",\"sku\":\"02776\",\"l2\":\"Contenant jetable\",\"sl\":\"bol-a-salade-papier-kraft-34oz-slypak-02776\",\"sn\":\"\",\"idxP\":100},{\"mq\":\"J.E.T. napkins\",\"nm\":\"Serviette diner blanche 1 pli 15\\\"x15\\\"\",\"nme\":\"White dinner napkin 1 ply 15\\\"x15\\\"\",\"attr\":\"\",\"sku\":\"66904\",\"l2\":\"Serviettes et nappes jetables\",\"sl\":\"serviette-diner-blanche-1-pli-15x15-j.e.t.-napkins-66904\",\"sn\":\"\",\"idxP\":0},{\"mq\":\"Caf\u00E9 Express\",\"nm\":\"Contenant+couvercle rectangle m-ondes 42oz\",\"nme\":\"Rectangle container + lid microwable 42oz\",\"attr\":\"\",\"sku\":\"29771\",\"l2\":\"Contenant jetable\",\"sl\":\"contenantcouvercle-rectangle-m-ondes-42oz-cafe-express-29771\",\"sn\":\"\",\"idxP\":50},{\"mq\":\"Caf\u00E9 Express\",\"nm\":\"Contenant rond base clair avec couvercle 14oz\",\"nme\":\"Clear Round Container and Lid 14 oz\",\"attr\":\"\",\"sku\":\"03224\",\"l2\":\"Contenant jetable\",\"sl\":\"contenant-rond-base-clair-avec-couvercle-14oz-cafe-express-03224\",\"sn\":\"transparent\",\"idxP\":37},{\"mq\":\"Titan\",\"nm\":\"Couvercle d\u00F4me plastique rond plat service 16\\\"\",\"nme\":\"round plastic dome lid for 16\\\" serving platter\",\"attr\":\"\",\"sku\":\"03449\",\"l2\":\"Contenant jetable\",\"sl\":\"couvercle-dome-plastique-rond-plat-service-16-titan-03449\",\"sn\":\"transparent, plateau\",\"idxP\":71},{\"mq\":\"Slypak\",\"nm\":\"Bol \u00E0 salade papier kraft 24oz\",\"nme\":\"Salad bowl kraft container 24oz\",\"attr\":\"\",\"sku\":\"02775\",\"l2\":\"Contenant jetable\",\"sl\":\"bol-a-salade-papier-kraft-24oz-slypak-02775\",\"sn\":\"\",\"idxP\":100},{\"mq\":\"Slypak\",\"nm\":\"Bol papier kraft 12oz\",\"nme\":\"Kraft container 12oz\",\"attr\":\"\",\"sku\":\"02768\",\"l2\":\"Contenant jetable\",\"sl\":\"bol-papier-kraft-12oz-slypak-02768\",\"sn\":\"\",\"idxP\":100},{\"mq\":\"Slypak\",\"nm\":\"Bol papier kraft 8oz\",\"nme\":\"Kraft container 8oz\",\"attr\":\"\",\"sku\":\"02767\",\"l2\":\"Contenant jetable\",\"sl\":\"bol-papier-kraft-8oz-slypak-02767\",\"sn\":\"\",\"idxP\":100},{\"mq\":\"Slypak\",\"nm\":\"Bol papier kraft 16oz\",\"nme\":\"Kraft container 16oz\",\"attr\":\"\",\"sku\":\"02769\",\"l2\":\"Contenant jetable\",\"sl\":\"bol-papier-kraft-16oz-slypak-02769\",\"sn\":\"\",\"idxP\":100},{\"mq\":\"Talthi\",\"nm\":\"Grand plateau festif transparent 7.5\\\"x10\\\" combo\",\"nme\":\"Big transparent festive tray 7.5\\\"x10\\\" combo\",\"attr\":\"\",\"sku\":\"10932\",\"l2\":\"Contenant jetable\",\"sl\":\"grand-plateau-festif-transparent-7.5x10-combo-talthi-10932\",\"sn\":\"plateau\",\"idxP\":13},{\"mq\":\"J.E.T. napkins\",\"nm\":\"Serviette \u00E0 d\u00EEner blanche nulinen\",\"nme\":\"Nulinen White Dinner Napkin\",\"attr\":\"\",\"sku\":\"67127\",\"l2\":\"Serviettes et nappes jetables\",\"sl\":\"serviette-a-diner-blanche-nulinen-j.e.t.-napkins-67127\",\"sn\":\"\",\"idxP\":0},{\"mq\":\"WNA\",\"nm\":\"Plateau rond clair 18\\\"\",\"nme\":\"18\\\"clear round tray\",\"attr\":\"\",\"sku\":\"11050\",\"l2\":\"Contenant jetable\",\"sl\":\"plateau-rond-clair-18-wna-11050\",\"sn\":\"transparent, plateau\",\"idxP\":39},{\"mq\":\"Talthi\",\"nm\":\"Petit plateau festif transparent 3.75\\\"x10\\\" combo\",\"nme\":\"Small transparent festive tray 3.75\\\"x10\\\" combo\",\"attr\":\"\",\"sku\":\"10930\",\"l2\":\"Contenant jetable\",\"sl\":\"petit-plateau-festif-transparent-3.75x10-combo-talthi-10930\",\"sn\":\"plateau\",\"idxP\":19},{\"mq\":\"WNA\",\"nm\":\"Plateau rond clair 12\\\"\",\"nme\":\"12\\\" clear round tray\",\"attr\":\"\",\"sku\":\"11053\",\"l2\":\"Contenant jetable\",\"sl\":\"plateau-rond-clair-12-wna-11053\",\"sn\":\"transparent, plateau\",\"idxP\":38},{\"mq\":\"WNA\",\"nm\":\"Plateau rond clair 16\\\"\",\"nme\":\"16\\\" clear round tray\",\"attr\":\"\",\"sku\":\"11054\",\"l2\":\"Contenant jetable\",\"sl\":\"plateau-rond-clair-16-wna-11054\",\"sn\":\"transparent, plateau\",\"idxP\":40},{\"mq\":\"Talthi\",\"nm\":\"Plateau festif transparent 12\\\"x12\\\" combo\",\"nme\":\"12\\\"x12\\\" Combo Plastic Festive Tray\",\"attr\":\"\",\"sku\":\"11320\",\"l2\":\"Contenant jetable\",\"sl\":\"plateau-festif-transparent-12x12-combo-talthi-11320\",\"sn\":\"plateau\",\"idxP\":0},{\"mq\":\"Mi-Ma Pack\",\"nm\":\"Bo\u00EEte en papier Kraft \u00E0 emporter #2\",\"nme\":\"Take-out Kraft paper box #2\",\"attr\":\"\",\"sku\":\"67333\",\"l2\":\"Boite carton\",\"sl\":\"boite-en-papier-kraft-a-emporter-2-mi-ma-pack-67333\",\"sn\":\"\",\"idxP\":0},{\"mq\":\"Mi-Ma Pack\",\"nm\":\"Bo\u00EEte en papier Kraft \u00E0 emporter #1\",\"nme\":\"Take-out Kraft paper box #1\",\"attr\":\"\",\"sku\":\"67332\",\"l2\":\"Boite carton\",\"sl\":\"boite-en-papier-kraft-a-emporter-1-mi-ma-pack-67332\",\"sn\":\"\",\"idxP\":0},{\"mq\":\"Mi-Ma Pack\",\"nm\":\"Bo\u00EEte en papier Kraft \u00E0 emporter #8\",\"nme\":\"Take-out Kraft paper box #8\",\"attr\":\"\",\"sku\":\"67336\",\"l2\":\"Boite carton\",\"sl\":\"boite-en-papier-kraft-a-emporter-8-mi-ma-pack-67336\",\"sn\":\"\",\"idxP\":0},{\"mq\":\"Mi-Ma Pack\",\"nm\":\"Bo\u00EEte en papier Kraft \u00E0 emporter #3\",\"nme\":\"Take-out Kraft paper box #3\",\"attr\":\"\",\"sku\":\"67334\",\"l2\":\"Boite carton\",\"sl\":\"boite-en-papier-kraft-a-emporter-3-mi-ma-pack-67334\",\"sn\":\"\",\"idxP\":0},{\"mq\":\"Mi-Ma Pack\",\"nm\":\"Bo\u00EEte en papier Kraft \u00E0 emporter #4\",\"nme\":\"Take-out Kraft paper box #4\",\"attr\":\"\",\"sku\":\"67335\",\"l2\":\"Boite carton\",\"sl\":\"boite-en-papier-kraft-a-emporter-4-mi-ma-pack-67335\",\"sn\":\"\",\"idxP\":0},{\"mq\":\"Slypak\",\"nm\":\"Bol papier kraft 4oz\",\"nme\":\"Kraft container 4oz\",\"attr\":\"\",\"sku\":\"02766\",\"l2\":\"Contenant jetable\",\"sl\":\"bol-papier-kraft-4oz-slypak-02766\",\"sn\":\"\",\"idxP\":100},{\"mq\":\"Table Accents\",\"nm\":\"Assiette plastique MFPP 10.25\\\"\",\"nme\":\"MFPP plastic plate 10.25\\\"\",\"attr\":\"\",\"sku\":\"67361\",\"l2\":\"Vaisselle jetable\",\"sl\":\"assiette-plastique-mfpp-10.25-table-accents-67361\",\"sn\":\"\",\"idxP\":0},{\"mq\":\"Table Accents\",\"nm\":\"Assiette plastique MFPP 9\\\"\",\"nme\":\"MFPP plastic plate 9\\\"\",\"attr\":\"\",\"sku\":\"67360\",\"l2\":\"Vaisselle jetable\",\"sl\":\"assiette-plastique-mfpp-9-table-accents-67360\",\"sn\":\"\",\"idxP\":0},{\"mq\":\"Table Accents\",\"nm\":\"Assiette plastique MFPP 7\\\"\",\"nme\":\"MFPP plastic plate 7\\\"\",\"attr\":\"\",\"sku\":\"67359\",\"l2\":\"Vaisselle jetable\",\"sl\":\"assiette-plastique-mfpp-7-table-accents-67359\",\"sn\":\"\",\"idxP\":0},{\"mq\":\"J.E.T\",\"nm\":\"Serviette \u00E0 breuvage noire 2 plis\",\"nme\":\"2 Fold Black Beverage Napkin\",\"attr\":\"\",\"sku\":\"11509\",\"l2\":\"Serviettes et nappes jetables\",\"sl\":\"serviette-a-breuvage-noire-2-plis-j.e.t-11509\",\"sn\":\"liqueur\",\"idxP\":0},{\"mq\":\"Mi-Ma Pack\",\"nm\":\"Assiette \u00E0 tarte en aluminium peu profond 9\\\"\",\"nme\":\"9\\\" Shallow Aluminum Pie Plate\",\"attr\":\"\",\"sku\":\"11519\",\"l2\":\"Vaisselle jetable\",\"sl\":\"assiette-a-tarte-en-aluminium-peu-profond-9-mi-ma-pack-11519\",\"sn\":\"\",\"idxP\":17},{\"mq\":\"Caf\u00E9 Express\",\"nm\":\"Contenant rect. combo pour emporter base bl 16oz\",\"nme\":\"16oz White Base Rect. Combo Takeout Container\",\"attr\":\"\",\"sku\":\"11504\",\"l2\":\"Contenant jetable\",\"sl\":\"contenant-rect.-combo-pour-emporter-base-bl-16oz-cafe-express-11504\",\"sn\":\"\",\"idxP\":32},{\"mq\":\"Mi-Ma Pack\",\"nm\":\"Assiette \u00E0 tarte en aluminium 5\\\"\",\"nme\":\"5\\\" Aluminum Pie Plate\",\"attr\":\"\",\"sku\":\"11510\",\"l2\":\"Vaisselle jetable\",\"sl\":\"assiette-a-tarte-en-aluminium-5-mi-ma-pack-11510\",\"sn\":\"\",\"idxP\":0},{\"mq\":\"Caf\u00E9 Express\",\"nm\":\"Contenant rect. combo pour emporter base bl 27oz\",\"nme\":\"27oz White Base Rect. Combo Takeout Container\",\"attr\":\"\",\"sku\":\"11503\",\"l2\":\"Contenant jetable\",\"sl\":\"contenant-rect.-combo-pour-emporter-base-bl-27oz-cafe-express-11503\",\"sn\":\"\",\"idxP\":33},{\"mq\":\"Mi-Ma Pack\",\"nm\":\"Assiette \u00E0 tarte en aluminium 10\\\"\",\"nme\":\"10\\\" Aluminum Pie Plate\",\"attr\":\"\",\"sku\":\"11518\",\"l2\":\"Vaisselle jetable\",\"sl\":\"assiette-a-tarte-en-aluminium-10-mi-ma-pack-11518\",\"sn\":\"\",\"idxP\":0}], [{\"mq\":\"Mi-Ma Pack\",\"nm\":\"Assiette \u00E0 tarte en aluminium peu profond 8\\\"\",\"nme\":\"8\\\" Shallow Aluminum Pie Plate\",\"attr\":\"\",\"sku\":\"11523\",\"l2\":\"Vaisselle jetable\",\"sl\":\"assiette-a-tarte-en-aluminium-peu-profond-8-mi-ma-pack-11523\",\"sn\":\"\",\"idxP\":0},{\"mq\":\"Mi-Ma Pack\",\"nm\":\"Assiette \u00E0 tarte en aluminium profond 9\\\"\",\"nme\":\"9\\\" Deep Aluminum Pie Plate\",\"attr\":\"\",\"sku\":\"11521\",\"l2\":\"Vaisselle jetable\",\"sl\":\"assiette-a-tarte-en-aluminium-profond-9-mi-ma-pack-11521\",\"sn\":\"\",\"idxP\":9},{\"mq\":\"Talthi\",\"nm\":\"Contenant aluminium rectangulaire BBQ 1920ml\",\"nme\":\"1920ml BBQ Aluminum Rectangular Container\",\"attr\":\"\",\"sku\":\"11578\",\"l2\":\"Contenant jetable\",\"sl\":\"contenant-aluminium-rectangulaire-bbq-1920ml-talthi-11578\",\"sn\":\"\",\"idxP\":0},{\"mq\":\"Talthi\",\"nm\":\"Contenant aluminium rectangulaire BBQ 555ml\",\"nme\":\"555ml BBQ Aluminum Rectangular Container\",\"attr\":\"\",\"sku\":\"11582\",\"l2\":\"Contenant jetable\",\"sl\":\"contenant-aluminium-rectangulaire-bbq-555ml-talthi-11582\",\"sn\":\"\",\"idxP\":0},{\"mq\":\"Talthi\",\"nm\":\"Contenant aluminium rectangulaire BBQ 750ml\",\"nme\":\"750ml BBQ Aluminum Rectangular Container\",\"attr\":\"\",\"sku\":\"11576\",\"l2\":\"Contenant jetable\",\"sl\":\"contenant-aluminium-rectangulaire-bbq-750ml-talthi-11576\",\"sn\":\"\",\"idxP\":0},{\"mq\":\"Talthi\",\"nm\":\"Contenant aluminium rectangulaire BBQ 1245ml\",\"nme\":\"1245ml BBQ Aluminum Rectangular Container\",\"attr\":\"\",\"sku\":\"11577\",\"l2\":\"Contenant jetable\",\"sl\":\"contenant-aluminium-rectangulaire-bbq-1245ml-talthi-11577\",\"sn\":\"\",\"idxP\":0},{\"mq\":\"Table accent\",\"nm\":\"Assiette en papier blanc 6\\\" non plastifi\u00E9\",\"nme\":\"6\\\" Uncoated White Paper Plate\",\"attr\":\"\",\"sku\":\"67637\",\"l2\":\"Vaisselle jetable\",\"sl\":\"assiette-en-papier-blanc-6-non-plastifie-table-accent-67637\",\"sn\":\"\",\"idxP\":0},{\"mq\":\"Table accent\",\"nm\":\"Assiette en papier blanc 9\\\" non plastifi\u00E9\",\"nme\":\"9\\\" Uncoated White Paper Plate\",\"attr\":\"\",\"sku\":\"67638\",\"l2\":\"Vaisselle jetable\",\"sl\":\"assiette-en-papier-blanc-9-non-plastifie-table-accent-67638\",\"sn\":\"\",\"idxP\":65},{\"mq\":\"Talthi\",\"nm\":\"Contenant aluminium rectangulaire BBQ 2222ml\",\"nme\":\"2222ml BBQ Aluminum Rectangular Container\",\"attr\":\"\",\"sku\":\"11581\",\"l2\":\"Contenant jetable\",\"sl\":\"contenant-aluminium-rectangulaire-bbq-2222ml-talthi-11581\",\"sn\":\"\",\"idxP\":0},{\"mq\":\"RM \u00C9co\",\"nm\":\"Paille papier pour bubble tea ray\u00E9e 12mm 10\\\"\",\"nme\":\"12mm 10\\\" Stripped Bubble Tea Paper Straw\",\"attr\":\"\",\"sku\":\"67728\",\"l2\":\"Contenant jetable\",\"sl\":\"paille-papier-pour-bubble-tea-rayee-12mm-10-rm-eco-67728\",\"sn\":\"\",\"idxP\":0},{\"mq\":\"RM \u00C9co\",\"nm\":\"Paille papier pour slush ray\u00E9e env. ind. 10mm 10\\\"\",\"nme\":\"10mm 10\\\" Stripped Slush Wrapped Paper Straw\",\"attr\":\"\",\"sku\":\"67729\",\"l2\":\"Contenant jetable\",\"sl\":\"paille-papier-pour-slush-rayee-env.-ind.-10mm-10-rm-eco-67729\",\"sn\":\"\",\"idxP\":0},{\"mq\":\"RM \u00C9co\",\"nm\":\"Paille papier milkshake ray\u00E9e env.ind.8mm 7.75\\\"\",\"nme\":\"8mm 7.75\\\" Stripped Milkshake Paper Straw\",\"attr\":\"\",\"sku\":\"67730\",\"l2\":\"Contenant jetable\",\"sl\":\"paille-papier-milkshake-rayee-env.ind.8mm-7.75-rm-eco-67730\",\"sn\":\"\",\"idxP\":4},{\"mq\":\"RM \u00C9co\",\"nm\":\"Paille papier pour milkshake ray\u00E9e 8mm 7.75\\\"\",\"nme\":\"8mm 7.75\\\" Stripped Milkshake Paper Straw\",\"attr\":\"\",\"sku\":\"11639\",\"l2\":\"Contenant jetable\",\"sl\":\"paille-papier-pour-milkshake-rayee-8mm-7.75-rm-eco-11639\",\"sn\":\"\",\"idxP\":0},{\"mq\":\"RM \u00C9co\",\"nm\":\"Paille papier milkshake blanche 8mm 10\\\"\",\"nme\":\"8mm 10\\\" White Milkshake Paper Straw\",\"attr\":\"\",\"sku\":\"11641\",\"l2\":\"Contenant jetable\",\"sl\":\"paille-papier-milkshake-blanche-8mm-10-rm-eco-11641\",\"sn\":\"\",\"idxP\":0},{\"mq\":\"RM \u00C9co\",\"nm\":\"Paille papier flexible blanche 6mm 7.75\\\"\",\"nme\":\"6mm 7.75\\\" White Flexible Paper Straw\",\"attr\":\"\",\"sku\":\"67731\",\"l2\":\"Contenant jetable\",\"sl\":\"paille-papier-flexible-blanche-6mm-7.75-rm-eco-67731\",\"sn\":\"\",\"idxP\":0},{\"mq\":\"RM \u00C9co\",\"nm\":\"Paille papier pour slush ray\u00E9e 10mm 10\\\"\",\"nme\":\"10mm 10\\\" Stripped Slush Paper Straw\",\"attr\":\"\",\"sku\":\"11638\",\"l2\":\"Contenant jetable\",\"sl\":\"paille-papier-pour-slush-rayee-10mm-10-rm-eco-11638\",\"sn\":\"\",\"idxP\":0},{\"mq\":\"RM \u00C9co\",\"nm\":\"Paille papier pour bubble tea ray\u00E9e 12mm 10\\\"\",\"nme\":\"12mm 10\\\" Stripped Bubble Tea Paper Straw\",\"attr\":\"\",\"sku\":\"67727\",\"l2\":\"Contenant jetable\",\"sl\":\"paille-papier-pour-bubble-tea-rayee-12mm-10-rm-eco-67727\",\"sn\":\"\",\"idxP\":0},{\"mq\":\"RM \u00C9co\",\"nm\":\"Paille papier milkshake blanche env. 8mm 10\\\"\",\"nme\":\"8mm 10\\\" White Wrapped Milkshake Paper Straw\",\"attr\":\"\",\"sku\":\"11640\",\"l2\":\"Contenant jetable\",\"sl\":\"paille-papier-milkshake-blanche-env.-8mm-10-rm-eco-11640\",\"sn\":\"\",\"idxP\":0},{\"mq\":\"Table Accents\",\"nm\":\"Bols12oz PPRM\",\"nme\":\"12oz MFPP Bowls\",\"attr\":\"\",\"sku\":\"67788\",\"l2\":\"Contenant jetable\",\"sl\":\"bols12oz-pprm-table-accents-67788\",\"sn\":\"\",\"idxP\":0},{\"mq\":\"Mayrand CHEF\",\"nm\":\"Verres caf\u00E9 carton ondul\u00E9 a\\\/couvercles 8oz\",\"nme\":\"8oz Corrugated Cardboard Coffee Cup W\\\/Lids\",\"attr\":\"\",\"sku\":\"11736\",\"l2\":\"Contenant jetable\",\"sl\":\"verres-cafe-carton-ondule-acouvercles-8oz-mayrand-chef-11736\",\"sn\":\"\",\"idxP\":0},{\"mq\":\"Mayrand CHEF\",\"nm\":\"Verres caf\u00E9 carton ondul\u00E9 a\\\/couvercles 10oz\",\"nme\":\"10oz Corrugated Cardboard Coffee Cup W\\\/Lids\",\"attr\":\"\",\"sku\":\"11737\",\"l2\":\"Contenant jetable\",\"sl\":\"verres-cafe-carton-ondule-acouvercles-10oz-mayrand-chef-11737\",\"sn\":\"\",\"idxP\":0},{\"mq\":\"Mayrand CHEF\",\"nm\":\"Verres caf\u00E9 carton ondul\u00E9 a\\\/couvercles 12oz\",\"nme\":\"12oz Corrugated Cardboard Coffee Cup W\\\/Lids\",\"attr\":\"\",\"sku\":\"11739\",\"l2\":\"Contenant jetable\",\"sl\":\"verres-cafe-carton-ondule-acouvercles-12oz-mayrand-chef-11739\",\"sn\":\"\",\"idxP\":0},{\"mq\":\"Mayrand Chef\",\"nm\":\"Papier d'aluminium r\u00E9gulier 30cm x 200m\",\"nme\":\"30cm x 200m Regular Aluminum Foil\",\"attr\":\"\",\"sku\":\"67876\",\"l2\":\"Pellicule, papier alimentaire\",\"sl\":\"papier-daluminium-flexible-30cm-x-200m-mayrand-chef-67876\",\"sn\":\"\",\"idxP\":0},{\"mq\":\"Titan\",\"nm\":\"Papier damier vert 12x12\",\"nme\":\"Green Checkered Paper 12x12\",\"attr\":\"\",\"sku\":\"67884\",\"l2\":\"Pellicule, papier alimentaire\",\"sl\":\"papier-damier-vert-12x12-titan-67884\",\"sn\":\"\",\"idxP\":0},{\"mq\":\"Titan\",\"nm\":\"Papier damier rouge 12x12\",\"nme\":\"Red Checkered Paper 12x12\",\"attr\":\"\",\"sku\":\"67883\",\"l2\":\"Pellicule, papier alimentaire\",\"sl\":\"papier-damier-rouge-12x12-titan-67883\",\"sn\":\"\",\"idxP\":0},{\"mq\":\"Mayrand Chef\",\"nm\":\"Papier d'aluminium robuste 45cm x 100m\",\"nme\":\"45cm x 100m Heavy Duty Aluminum Foil\",\"attr\":\"\",\"sku\":\"67879\",\"l2\":\"Pellicule, papier alimentaire\",\"sl\":\"papier-daluminium-robuste-45cm-x-100m-mayrand-chef-67879\",\"sn\":\"\",\"idxP\":0},{\"mq\":\"Mayrand Chef\",\"nm\":\"Papier d'aluminium r\u00E9gulier 45cm x 100m\",\"nme\":\"45cm x 100m Regular Aluminum Foil\",\"attr\":\"\",\"sku\":\"67877\",\"l2\":\"Pellicule, papier alimentaire\",\"sl\":\"papier-daluminium-flexible-45cm-x-100m-mayrand-chef-67877\",\"sn\":\"\",\"idxP\":0},{\"mq\":\"Mayrand Chef\",\"nm\":\"Pellicule de plastique 11\\\" x 2500'\",\"nme\":\"11\\\" x 2500' Plastic Food Wrap\",\"attr\":\"\",\"sku\":\"67878\",\"l2\":\"Pellicule, papier alimentaire\",\"sl\":\"pellicule-de-plastique-11-x-2500-mayrand-chef-67878\",\"sn\":\"\",\"idxP\":0},{\"mq\":\"Mayrand Chef\",\"nm\":\"Papier d'aluminium robuste 30cm x 200m\",\"nme\":\"30cm x 200m Heavy Duty Aluminum Foil\",\"attr\":\"\",\"sku\":\"67881\",\"l2\":\"Pellicule, papier alimentaire\",\"sl\":\"papier-daluminium-robuste-30cm-x-200m-mayrand-chef-67881\",\"sn\":\"\",\"idxP\":0},{\"mq\":\"Mayrand Chef\",\"nm\":\"Pellicule de plastique 17\\\" x 2500'\",\"nme\":\"17\\\" x 2500' Plastic Food Wrap\",\"attr\":\"\",\"sku\":\"67880\",\"l2\":\"Pellicule, papier alimentaire\",\"sl\":\"pellicule-de-plastique-17-x-2500-mayrand-chef-67880\",\"sn\":\"\",\"idxP\":0},{\"mq\":\"Titan\",\"nm\":\"Papier damier noir 12x12\",\"nme\":\"Black Checkered Paper 12x12\",\"attr\":\"\",\"sku\":\"67882\",\"l2\":\"Pellicule, papier alimentaire\",\"sl\":\"papier-damier-noir-12x12-titan-67882\",\"sn\":\"\",\"idxP\":0},{\"mq\":\"Mi-Ma Pack\",\"nm\":\"Contenant portion pliss\u00E9 0.75 oz\",\"nme\":\"0.75 oz Pleated Paper Container\",\"attr\":\"\",\"sku\":\"70266\",\"l2\":\"Contenant jetable\",\"sl\":\"contenant-portion-plisse-0.75-oz-mi-ma-pack-70266\",\"sn\":\"\",\"idxP\":17},{\"mq\":\"Mi-Ma Pack\",\"nm\":\"Contenant portion pliss\u00E9 1.25 oz\",\"nme\":\"1.25 oz Pleated Paper Container\",\"attr\":\"\",\"sku\":\"12012\",\"l2\":\"Contenant jetable\",\"sl\":\"contenant-portion-plisse-1.25-oz-mi-ma-pack-12012\",\"sn\":\"\",\"idxP\":0},{\"mq\":\"Mi-Ma Pack\",\"nm\":\"Contenant portion pliss\u00E9 3.25 oz\",\"nme\":\"3.25 oz Pleated Paper Container\",\"attr\":\"\",\"sku\":\"70269\",\"l2\":\"Contenant jetable\",\"sl\":\"contenant-portion-plisse-3.25-oz-mi-ma-pack-70269\",\"sn\":\"\",\"idxP\":0},{\"mq\":\"Mi-Ma Pack\",\"nm\":\"Contenant portion pliss\u00E9 1 oz\",\"nme\":\"1 oz Pleated Paper Container\",\"attr\":\"\",\"sku\":\"70267\",\"l2\":\"Contenant jetable\",\"sl\":\"contenant-portion-plisse-1-oz-mi-ma-pack-70267\",\"sn\":\"\",\"idxP\":0},{\"mq\":\"Mi-Ma Pack\",\"nm\":\"Manchon carton kraft 90mm\",\"nme\":\"90mm Kraft Carboard Sleeve\",\"attr\":\"\",\"sku\":\"12072\",\"l2\":\"Vaisselle jetable\",\"sl\":\"manchon-carton-kraft-90mm-mi-ma-pack-12072\",\"sn\":\"\",\"idxP\":0},{\"mq\":\"Titan\",\"nm\":\"Sacs \u00E0 fermeture vari\u00E9s\",\"nme\":\"Assorted Zipper Bags\",\"attr\":\"\",\"sku\":\"12037\",\"l2\":\"Sac \u00E0 emballage\",\"sl\":\"sacs-a-fermeture-varies-conglom-12037\",\"sn\":\"\",\"idxP\":93},{\"mq\":\"RM \u00C9co\",\"nm\":\"Pailles en papier cocktail noire 6mm 5.9\\\"\",\"nme\":\"5.9\\\" 6mm Paper Cocktail Straws\",\"attr\":\"\",\"sku\":\"12325\",\"l2\":\"Contenant jetable\",\"sl\":\"pailles-en-papier-cocktail-noire-6mm-5.9-rm-eco-12325\",\"sn\":\"\",\"idxP\":0},{\"mq\":\"Mi-Ma Pack\",\"nm\":\"Contenant aluminium avec couvercle dome PET large\",\"nme\":\"Large Aluminum Container with PET Dome Lid\",\"attr\":\"\",\"sku\":\"12346\",\"l2\":\"Contenant jetable\",\"sl\":\"contenant-aluminium-avec-couvercle-dome-pet-large-mi-ma-pack-12346\",\"sn\":\"\",\"idxP\":0},{\"mq\":\"Mi-Ma Pack\",\"nm\":\"Contenant aluminium avec couvercle dome PET moyen\",\"nme\":\"Medium Aluminum Container with PET Dome Lid\",\"attr\":\"\",\"sku\":\"12347\",\"l2\":\"Contenant jetable\",\"sl\":\"12341-12342-12343-12344-12346-12347-mi-ma-pack-12347\",\"sn\":\"\",\"idxP\":0},{\"mq\":\"Mi-Ma Pack\",\"nm\":\"Contenant aluminium avec couvercle dome PET petit\",\"nme\":\"Small Aluminum Container with PET Dome Lid\",\"attr\":\"\",\"sku\":\"12344\",\"l2\":\"Contenant jetable\",\"sl\":\"contenant-aluminium-avec-couvercle-dome-pet-petit-mi-ma-pack-12344\",\"sn\":\"\",\"idxP\":0},{\"mq\":\"Slypak\",\"nm\":\"Couvercle plastique 8oz\",\"nme\":\"Plastic lid 8oz\",\"attr\":\"\",\"sku\":\"02761\",\"l2\":\"Contenant jetable\",\"sl\":\"couvercle-plastique-8oz-02761\",\"sn\":\"\",\"idxP\":33},{\"mq\":\"Slypak\",\"nm\":\"Couvercle plastique 12-16oz\",\"nme\":\"Plastic lid 12-16oz\",\"attr\":\"\",\"sku\":\"02762\",\"l2\":\"Contenant jetable\",\"sl\":\"couvercle-plastique-12-16oz-02762\",\"sn\":\"\",\"idxP\":33},{\"mq\":\"Slypak\",\"nm\":\"Couvercle plastique 4oz\",\"nme\":\"Plastic lid 4oz\",\"attr\":\"\",\"sku\":\"02763\",\"l2\":\"Contenant jetable\",\"sl\":\"couvercle-plastique-4oz-02763\",\"sn\":\"\",\"idxP\":33},{\"mq\":\"Caf\u00E9 Express\",\"nm\":\"Contenant couvercle rectangle transparent 16oz\",\"nme\":\"Clear Rectangular Container and Lid 16oz\",\"attr\":\"\",\"sku\":\"03540\",\"l2\":\"Contenant jetable\",\"sl\":\"contenant-couvercle-rectangle-transparent-16oz-03540\",\"sn\":\"transparent\",\"idxP\":33},{\"mq\":\"J.E.T. napkins\",\"nm\":\"Serviette \u00E0 d\u00EEner blanche 2 plis\",\"nme\":\"2 ply White Dinner Napkin\",\"attr\":\"\",\"sku\":\"67128\",\"l2\":\"Serviettes et nappes jetables\",\"sl\":\"serviette-a-diner-blanche-2-plis-67128\",\"sn\":\"\",\"idxP\":33},{\"mq\":\"Mi-Ma Pack\",\"nm\":\"Cabaret carton 4 verres\",\"nme\":\"4 Cup Cardboard Holder\",\"attr\":\"\",\"sku\":\"12587\",\"l2\":\"Contenant jetable\",\"sl\":\"cabaret-carton-4-verres-12587\",\"sn\":\"plateau, tray\",\"idxP\":8},{\"mq\":\"Mi-Ma Pack\",\"nm\":\"Verre conique papier blanc 118ml\",\"nme\":\"118ml White Cone Paper Cup\",\"attr\":\"\",\"sku\":\"12588\",\"l2\":\"Vaisselle jetable\",\"sl\":\"verre-conique-papier-blanc-118ml-12588\",\"sn\":\"\",\"idxP\":33},{\"mq\":\"J.E.T\",\"nm\":\"Serviette d\u00EEner 2 plis noire\",\"nme\":\"2 Ply Black Napkin\",\"attr\":\"\",\"sku\":\"12665\",\"l2\":\"Serviettes et nappes jetables\",\"sl\":\"serviette-diner-2-plis-noire-12665\",\"sn\":\"\",\"idxP\":0},{\"mq\":\"Titan\",\"nm\":\"Contenant ultra demi profond aluminium\",\"nme\":\"Ultra Half Deep Aluminum Container\",\"attr\":\"\",\"sku\":\"12673\",\"l2\":\"Contenant jetable\",\"sl\":\"contenant-ultra-demi-profond-aluminium-12673\",\"sn\":\"\",\"idxP\":0},{\"mq\":\"MPC\",\"nm\":\"Sac BBQ aluminium 6x3.5x12\\\"\",\"nme\":\"6x3.5x12\\\" BBQ Aluminum Bag\",\"attr\":\"\",\"sku\":\"68217\",\"l2\":\"Sac \u00E0 emballage\",\"sl\":\"sac-bbq-aluminium-6x35x12-68217\",\"sn\":\"\",\"idxP\":3},{\"mq\":\"Titan\",\"nm\":\"Contenant aluminium mi-profond ultra\",\"nme\":\"Ultra Half-Depth Aluminum Container\",\"attr\":\"\",\"sku\":\"12781\",\"l2\":\"Contenant jetable\",\"sl\":\"contenant-aluminium-mi-profond-ultra-12781\",\"sn\":\"\",\"idxP\":0},{\"mq\":\"Party Couture\",\"nm\":\"Fourchette mini claire\",\"nme\":\"Clear Mini Fork\",\"attr\":\"\",\"sku\":\"12886\",\"l2\":\"Vaisselle jetable\",\"sl\":\"fourchette-mini-claire-12886\",\"sn\":\"transparent\",\"idxP\":0},{\"mq\":\"Party Couture\",\"nm\":\"Verre shooter clair 1oz\",\"nme\":\"1oz Clear Shooter Cup\",\"attr\":\"\",\"sku\":\"12887\",\"l2\":\"Vaisselle jetable\",\"sl\":\"verre-shooter-clair-1oz-12887\",\"sn\":\"transparent\",\"idxP\":0},{\"mq\":\"Party Couture\",\"nm\":\"Verre plastique clair\",\"nme\":\"Clear Plastic Cup\",\"attr\":\"\",\"sku\":\"12893\",\"l2\":\"Vaisselle jetable\",\"sl\":\"verre-plastique-clair-12893\",\"sn\":\"transparent\",\"idxP\":0},{\"mq\":\"Party Couture\",\"nm\":\"Assiette dessert rectangle blanche 7.5\\\"\",\"nme\":\"7.5\\\" White Rectangle Dessert Plate\",\"attr\":\"\",\"sku\":\"12894\",\"l2\":\"Vaisselle jetable\",\"sl\":\"assiette-dessert-rectangle-blanche-75-12894\",\"sn\":\"\",\"idxP\":0},{\"mq\":\"Party Couture\",\"nm\":\"Assiette dessert rectangle blanche 12.75\\\"\",\"nme\":\"12.75\\\" White Rectangle Dessert Plate\",\"attr\":\"\",\"sku\":\"12895\",\"l2\":\"Vaisselle jetable\",\"sl\":\"assiette-dessert-rectangle-blanche-1275-12895\",\"sn\":\"\",\"idxP\":0},{\"mq\":\"Party Couture\",\"nm\":\"Assiette carr\u00E9e blanche 6.5\\\"\",\"nme\":\"6.5\\\" White Square Plate\",\"attr\":\"\",\"sku\":\"12901\",\"l2\":\"Vaisselle jetable\",\"sl\":\"assiette-carree-blanche-65-12901\",\"sn\":\"\",\"idxP\":0},{\"mq\":\"Party Couture\",\"nm\":\"Assiette claire bande or 13\\\"\",\"nme\":\"13\\\" Gold Rim Clear Plate\",\"attr\":\"\",\"sku\":\"12904\",\"l2\":\"Vaisselle jetable\",\"sl\":\"assiette-claire-bande-or-13-12904\",\"sn\":\"transparent\",\"idxP\":0},{\"mq\":\"Party Couture\",\"nm\":\"Assiette carr\u00E9e blanche 8\\\"\",\"nme\":\"8\\\" White Square Plate\",\"attr\":\"\",\"sku\":\"12905\",\"l2\":\"Vaisselle jetable\",\"sl\":\"assiette-carree-blanche-8-12905\",\"sn\":\"\",\"idxP\":0},{\"mq\":\"Party Couture\",\"nm\":\"Assiette carr\u00E9e blanche 10.25\\\"\",\"nme\":\"10.25\\\" White Square Plate\",\"attr\":\"\",\"sku\":\"12906\",\"l2\":\"Vaisselle jetable\",\"sl\":\"assiette-carree-blanche-1025-12906\",\"sn\":\"\",\"idxP\":0},{\"mq\":\"Party Couture\",\"nm\":\"Verre carr\u00E9 12oz\",\"nme\":\"12oz Square Cup\",\"attr\":\"\",\"sku\":\"12907\",\"l2\":\"Vaisselle jetable\",\"sl\":\"verre-carre-12oz-12907\",\"sn\":\"\",\"idxP\":0},{\"mq\":\"Party Couture\",\"nm\":\"Bol clair bande or 16oz\",\"nme\":\"16oz Gold Trim Clear Bowl\",\"attr\":\"\",\"sku\":\"12909\",\"l2\":\"Vaisselle jetable\",\"sl\":\"bol-clair-bande-or-16oz-12909\",\"sn\":\"transparent\",\"idxP\":0},{\"mq\":\"Party Couture\",\"nm\":\"Cuill\u00E8re \u00E0 th\u00E9 grande claire\",\"nme\":\"Large Clear Teaspoon\",\"attr\":\"\",\"sku\":\"12914\",\"l2\":\"Vaisselle jetable\",\"sl\":\"cuillere-a-the-grande-claire-12914\",\"sn\":\"transparent\",\"idxP\":0},{\"mq\":\"Party Couture\",\"nm\":\"Fourchette grande claire\",\"nme\":\"Large Clear Fork\",\"attr\":\"\",\"sku\":\"12915\",\"l2\":\"Vaisselle jetable\",\"sl\":\"fourchette-grande-claire-12915\",\"sn\":\"transparent\",\"idxP\":0},{\"mq\":\"Party Couture\",\"nm\":\"Cuill\u00E8re \u00E0 soupe grande claire\",\"nme\":\"Large Clear Tablespoon\",\"attr\":\"\",\"sku\":\"12918\",\"l2\":\"Vaisselle jetable\",\"sl\":\"cuillere-a-soupe-grande-claire-12918\",\"sn\":\"transparent\",\"idxP\":0},{\"mq\":\"Party Couture\",\"nm\":\"Couteau grand clair\",\"nme\":\"Large Clear Knife\",\"attr\":\"\",\"sku\":\"12921\",\"l2\":\"Vaisselle jetable\",\"sl\":\"couteau-grand-clair-12921\",\"sn\":\"transparent\",\"idxP\":0},{\"mq\":\"Stellar\",\"nm\":\"Couteau plastique argent\",\"nme\":\"Plastic Silver Knife\",\"attr\":\"\",\"sku\":\"12929\",\"l2\":\"Vaisselle jetable\",\"sl\":\"couteau-plastique-argent-12929\",\"sn\":\"\",\"idxP\":0},{\"mq\":\"Stellar\",\"nm\":\"Cuill\u00E8re \u00E0 soupe plastique argent\",\"nme\":\"Plastic Silver Tablespoon\",\"attr\":\"\",\"sku\":\"12930\",\"l2\":\"Vaisselle jetable\",\"sl\":\"cuillere-a-soupe-plastique-argent-12930\",\"sn\":\"\",\"idxP\":0},{\"mq\":\"Stellar\",\"nm\":\"Fourchette plastique argent\",\"nme\":\"Plastic Silver Fork\",\"attr\":\"\",\"sku\":\"12932\",\"l2\":\"Vaisselle jetable\",\"sl\":\"fourchette-plastique-argent-12932\",\"sn\":\"\",\"idxP\":0},{\"mq\":\"Stellar\",\"nm\":\"Cuill\u00E8re \u00E0 th\u00E9 plastique argent\",\"nme\":\"Plastic Silver Teaspoon\",\"attr\":\"\",\"sku\":\"12933\",\"l2\":\"Vaisselle jetable\",\"sl\":\"cuillere-a-the-plastique-argent-12933\",\"sn\":\"\",\"idxP\":0},{\"mq\":\"Party Couture\",\"nm\":\"Plateau service clair rectangle 12x18\\\"\",\"nme\":\"12x18\\\" Clear Rectangle Service Tray\",\"attr\":\"\",\"sku\":\"12974\",\"l2\":\"Contenant jetable\",\"sl\":\"plateau-service-clair-rectangle-12x18-12974\",\"sn\":\"transparent, plateau\",\"idxP\":0},{\"mq\":\"Party Couture\",\"nm\":\"Plateau service clair ovale 14x25\\\"\",\"nme\":\"14x25\\\" Clear Oval Service Tray\",\"attr\":\"\",\"sku\":\"12975\",\"l2\":\"Contenant jetable\",\"sl\":\"plateau-service-clair-ovale-14x25-12975\",\"sn\":\"transparent, plateau\",\"idxP\":0},{\"mq\":\"Party Couture\",\"nm\":\"Plateau service clair ovale 11x16\\\"\",\"nme\":\"11x16\\\" Clear Oval Service Tray\",\"attr\":\"\",\"sku\":\"12976\",\"l2\":\"Contenant jetable\",\"sl\":\"plateau-service-clair-ovale-11x16-12976\",\"sn\":\"transparent, plateau\",\"idxP\":0},{\"mq\":\"Party Couture\",\"nm\":\"Plateau service clair rectangle 4 compartiments\",\"nme\":\"4 Compartments Clear Rectangle Service Tray\",\"attr\":\"\",\"sku\":\"12977\",\"l2\":\"Contenant jetable\",\"sl\":\"plateau-service-clair-rectangle-4-compartiments-12977\",\"sn\":\"transparent, plateau\",\"idxP\":0},{\"mq\":\"Party Couture\",\"nm\":\"Plateau service clair rectangle 9x13\\\"\",\"nme\":\"9x13\\\" Clear Rectangle Service Tray\",\"attr\":\"\",\"sku\":\"12978\",\"l2\":\"Contenant jetable\",\"sl\":\"plateau-service-clair-rectangle-9x13-12978\",\"sn\":\"transparent, plateau\",\"idxP\":0},{\"mq\":\"Party Couture\",\"nm\":\"Plateau service clair rectangle 11x16\\\"\",\"nme\":\"11x16\\\" Clear Rectangle Service Tray\",\"attr\":\"\",\"sku\":\"12979\",\"l2\":\"Contenant jetable\",\"sl\":\"plateau-service-clair-rectangle-11x16-12979\",\"sn\":\"transparent, plateau\",\"idxP\":0},{\"mq\":\"Party Couture\",\"nm\":\"Plateau service blanc rectangle 9x13\\\"\",\"nme\":\"9x13\\\" White Rectangle Service Tray\",\"attr\":\"\",\"sku\":\"12980\",\"l2\":\"Contenant jetable\",\"sl\":\"plateau-service-blanc-rectangle-9x13-12980\",\"sn\":\"plateau\",\"idxP\":0},{\"mq\":\"Party Couture\",\"nm\":\"Plateau service blanc rectangle 11x16\\\"\",\"nme\":\"11x16\\\" White Rectangle Service Tray\",\"attr\":\"\",\"sku\":\"12981\",\"l2\":\"Contenant jetable\",\"sl\":\"plateau-service-blanc-rectangle-11x16-12981\",\"sn\":\"plateau\",\"idxP\":0},{\"mq\":\"Party Couture\",\"nm\":\"Assiette blanche carr\u00E9e 9.5\\\"\",\"nme\":\"9.2\\\" White Square Plate\",\"attr\":\"\",\"sku\":\"12983\",\"l2\":\"Vaisselle jetable\",\"sl\":\"assiette-blanche-carree-95-12983\",\"sn\":\"\",\"idxP\":0},{\"mq\":\"Party Couture\",\"nm\":\"Bol dessert clair fleur\",\"nme\":\"Flower Clear Dessert Bowl\",\"attr\":\"\",\"sku\":\"12984\",\"l2\":\"Vaisselle jetable\",\"sl\":\"bol-dessert-clair-fleur-12984\",\"sn\":\"transparent\",\"idxP\":0},{\"mq\":\"Party Couture\",\"nm\":\"Bol avec couvercle clair moyen carr\u00E9\",\"nme\":\"Square Clear Medium Bowl with Lid\",\"attr\":\"\",\"sku\":\"12985\",\"l2\":\"Vaisselle jetable\",\"sl\":\"bol-avec-couvercle-clair-moyen-carre-12985\",\"sn\":\"transparent\",\"idxP\":0},{\"mq\":\"Party Couture\",\"nm\":\"Fourchette service claire\",\"nme\":\"Clear Service Fork\",\"attr\":\"\",\"sku\":\"12986\",\"l2\":\"Vaisselle jetable\",\"sl\":\"fourchette-service-claire-12986\",\"sn\":\"transparent\",\"idxP\":0},{\"mq\":\"Party Couture\",\"nm\":\"Verre dessert carr\u00E9 inclin\u00E9\",\"nme\":\"Tilted Square Dessert Cup\",\"attr\":\"\",\"sku\":\"12989\",\"l2\":\"Vaisselle jetable\",\"sl\":\"verre-dessert-carre-incline-12989\",\"sn\":\"\",\"idxP\":0},{\"mq\":\"Party Couture\",\"nm\":\"Verrine carr\u00E9e avec couvercle 2.3oz\",\"nme\":\"2.3oz Square Mousse Cup with Lid\",\"attr\":\"\",\"sku\":\"12991\",\"l2\":\"Vaisselle jetable\",\"sl\":\"verrine-carree-avec-couvercle-23oz-12991\",\"sn\":\"verrines\",\"idxP\":0},{\"mq\":\"Party Couture\",\"nm\":\"Verre vin clair bande or 12oz\",\"nme\":\"12oz Gold Rim Clear Wine Cup\",\"attr\":\"\",\"sku\":\"12993\",\"l2\":\"Vaisselle jetable\",\"sl\":\"verre-vin-clair-bande-or-12oz-12993\",\"sn\":\"transparent\",\"idxP\":0},{\"mq\":\"Party Couture\",\"nm\":\"Coupe mousse carr\u00E9e claire\",\"nme\":\"Clear Square Mouuse Cup\",\"attr\":\"\",\"sku\":\"12995\",\"l2\":\"Vaisselle jetable\",\"sl\":\"coupe-mousse-carree-claire-12995\",\"sn\":\"transparent\",\"idxP\":0},{\"mq\":\"Party Couture\",\"nm\":\"Coupe mousse torsade claire\",\"nme\":\"Clear Twisted Mouuse Cup\",\"attr\":\"\",\"sku\":\"12996\",\"l2\":\"Vaisselle jetable\",\"sl\":\"coupe-mousse-torsade-claire-12996\",\"sn\":\"transparent\",\"idxP\":0},{\"mq\":\"Chef Elite\",\"nm\":\"Papier cir\u00E9 rouleau 12\\\"x300'\",\"nme\":\"12\\\"x300' Wax Paper Roll\",\"attr\":\"\",\"sku\":\"13008\",\"l2\":\"Pellicule, papier alimentaire\",\"sl\":\"papier-cire-rouleau-12x300-13008\",\"sn\":\"\",\"idxP\":0},{\"mq\":\"Chef Elite\",\"nm\":\"Papier parchemin rouleau 15\\\"x164'\",\"nme\":\"15\\\"x164' Parchment Roll\",\"attr\":\"\",\"sku\":\"13009\",\"l2\":\"Pellicule, papier alimentaire\",\"sl\":\"papier-parchemin-rouleau-15x164-13009\",\"sn\":\"\",\"idxP\":0},{\"mq\":\"Mi-Ma Pack\",\"nm\":\"Assiette \u00E0 tarte aluminium 6\\\"\",\"nme\":\"6\\\" Aluminum Pie Plate\",\"attr\":\"\",\"sku\":\"13010\",\"l2\":\"Vaisselle jetable\",\"sl\":\"assiette-a-tarte-aluminium-6-13010\",\"sn\":\"\",\"idxP\":0},{\"mq\":\"Mi-Ma Pack\",\"nm\":\"Sac livraison papier kraft 10x6x16\\\"\",\"nme\":\"10x6x16\\\" Delivery Kraft Paper Bag\",\"attr\":\"\",\"sku\":\"13011\",\"l2\":\"Sac \u00E0 emballage\",\"sl\":\"sac-livraison-papier-kraft-10x6x16-13011\",\"sn\":\"\",\"idxP\":0},{\"mq\":\"Talthi\",\"nm\":\"Plateau festif combo 16x16\\\"\",\"nme\":\"16x16\\\" Combo Party Tray\",\"attr\":\"\",\"sku\":\"13137\",\"l2\":\"Contenant jetable\",\"sl\":\"plateau-festif-combo-16x16-13137\",\"sn\":\"plateau\",\"idxP\":0},{\"mq\":\"Slypak\",\"nm\":\"Bo\u00EEte \u00E0 pizza bistro brune 8\\\"x8\\\"\",\"nme\":\"8\\\"x8\\\" Bistro Brown Pizza Box\",\"attr\":\"\",\"sku\":\"13212\",\"l2\":\"Boite carton\",\"sl\":\"boite-a-pizza-bistro-brune-8x8-13212\",\"sn\":\"\",\"idxP\":0},{\"mq\":\"Slypak\",\"nm\":\"Bo\u00EEte \u00E0 pizza bistro brune 10\\\"x10\\\"\",\"nme\":\"10\\\"x10\\\" Bistro Brown Pizza Box\",\"attr\":\"\",\"sku\":\"13213\",\"l2\":\"Boite carton\",\"sl\":\"boite-a-pizza-bistro-brune-10x10-13213\",\"sn\":\"\",\"idxP\":0},{\"mq\":\"Slypak\",\"nm\":\"Bo\u00EEte \u00E0 pizza bistro brune 12\\\"x12\\\"\",\"nme\":\"12\\\"x12\\\" Bistro Brown Pizza Box\",\"attr\":\"\",\"sku\":\"13214\",\"l2\":\"Boite carton\",\"sl\":\"boite-a-pizza-bistro-brune-12x12-13214\",\"sn\":\"\",\"idxP\":0},{\"mq\":\"Slypak\",\"nm\":\"Bo\u00EEte \u00E0 pizza bistro brune 14\\\"x14\\\"\",\"nme\":\"14\\\"x14\\\" Bistro Brown Pizza Box\",\"attr\":\"\",\"sku\":\"13215\",\"l2\":\"Boite carton\",\"sl\":\"boite-a-pizza-bistro-brune-14x14-13215\",\"sn\":\"\",\"idxP\":0},{\"mq\":\"Slypak\",\"nm\":\"Bo\u00EEte \u00E0 pizza bistro brune 18\\\"x18\\\"\",\"nme\":\"18\\\"x18\\\" Bistro Brown Pizza Box\",\"attr\":\"\",\"sku\":\"13218\",\"l2\":\"Boite carton\",\"sl\":\"boite-a-pizza-bistro-brune-18x18-13218\",\"sn\":\"\",\"idxP\":0},{\"mq\":\"Slypak\",\"nm\":\"Bo\u00EEte \u00E0 pizza blanche 10\\\"x10\\\"\",\"nme\":\"10\\\"x10\\\" White Pizza Box\",\"attr\":\"\",\"sku\":\"13220\",\"l2\":\"Boite carton\",\"sl\":\"boite-a-pizza-blanche-10x10-13220\",\"sn\":\"\",\"idxP\":0},{\"mq\":\"Slypak\",\"nm\":\"Bo\u00EEte \u00E0 pizza blanche 12\\\"x12\\\"\",\"nme\":\"12\\\"x12\\\" White Pizza Box\",\"attr\":\"\",\"sku\":\"13221\",\"l2\":\"Boite carton\",\"sl\":\"boite-a-pizza-blanche-12x12-13221\",\"sn\":\"\",\"idxP\":0},{\"mq\":\"Slypak\",\"nm\":\"Bo\u00EEte \u00E0 pizza blanche 14\\\"x14\\\"\",\"nme\":\"14\\\"x14\\\" White Pizza Box\",\"attr\":\"\",\"sku\":\"13222\",\"l2\":\"Boite carton\",\"sl\":\"boite-a-pizza-blanche-14x14-13222\",\"sn\":\"\",\"idxP\":0},{\"mq\":\"Slypak\",\"nm\":\"Bo\u00EEte \u00E0 pizza blanche 16\\\"x16\\\"\",\"nme\":\"16\\\"x16\\\" White Pizza Box\",\"attr\":\"\",\"sku\":\"13224\",\"l2\":\"Boite carton\",\"sl\":\"boite-a-pizza-blanche-16x16-13224\",\"sn\":\"\",\"idxP\":0},{\"mq\":\"Slypak\",\"nm\":\"Bo\u00EEte \u00E0 pizza blanche 18\\\"x18\\\"\",\"nme\":\"18\\\"x18\\\" White Pizza Box\",\"attr\":\"\",\"sku\":\"13225\",\"l2\":\"Boite carton\",\"sl\":\"boite-a-pizza-blanche-18x18-13225\",\"sn\":\"\",\"idxP\":0},{\"mq\":\"Graphic\",\"nm\":\"Bo\u00EEte \u00E0 g\u00E2teau 5\\\"x5\\\"x2.5\\\"\",\"nme\":\"5\\\"x5\\\"x2.5\\\" Cake Box\",\"attr\":\"\",\"sku\":\"13750\",\"l2\":\"Boite carton\",\"sl\":\"boite-a-gateau-5x5x25-13750\",\"sn\":\"\",\"idxP\":0},{\"mq\":\"Graphic\",\"nm\":\"Bo\u00EEte \u00E0 g\u00E2teau 5\\\"x5\\\"x3.5\\\"\",\"nme\":\"5\\\"x5\\\"x3.5\\\" Cake Box\",\"attr\":\"\",\"sku\":\"13752\",\"l2\":\"Boite carton\",\"sl\":\"boite-a-gateau-5x5x35-13752\",\"sn\":\"\",\"idxP\":0},{\"mq\":\"Graphic\",\"nm\":\"Bo\u00EEte \u00E0 g\u00E2teau couvercle simple 6.5\\\"x4.5\\\"x3.5\\\"\",\"nme\":\"6.5\\\"x4.5\\\"x3.5\\\" Single Lid Cake Box\",\"attr\":\"\",\"sku\":\"13760\",\"l2\":\"Boite carton\",\"sl\":\"boite-a-gateau-couvercle-simple-65x45x35-13760\",\"sn\":\"\",\"idxP\":0},{\"mq\":\"Graphic\",\"nm\":\"Bo\u00EEte \u00E0 g\u00E2teau double couvercle 7\\\"x7\\\"x3.5\\\"\",\"nme\":\"7\\\"x7\\\"x3.5\\\" Double Lid Cake Box\",\"attr\":\"\",\"sku\":\"13762\",\"l2\":\"Boite carton\",\"sl\":\"boite-a-gateau-double-couvercle-7x7x35-13762\",\"sn\":\"\",\"idxP\":0},{\"mq\":\"Graphic\",\"nm\":\"Bo\u00EEte \u00E0 g\u00E2teau double couvercle 8\\\"x5.5\\\"x2.5\\\"\",\"nme\":\"8\\\"x5.5\\\"x2.5\\\" Double Lid Cake Box\",\"attr\":\"\",\"sku\":\"13765\",\"l2\":\"Boite carton\",\"sl\":\"boite-a-gateau-double-couvercle-8x55x25-13765\",\"sn\":\"\",\"idxP\":0},{\"mq\":\"Graphic\",\"nm\":\"Bo\u00EEte \u00E0 g\u00E2teau couvercle simple 8\\\"x5.5\\\"x3.5\\\"\",\"nme\":\"8\\\"x5.5\\\"x3.5\\\" Single Lid Cake Box\",\"attr\":\"\",\"sku\":\"13766\",\"l2\":\"Boite carton\",\"sl\":\"boite-a-gateau-couvercle-simple-8x55x35-13766\",\"sn\":\"\",\"idxP\":0},{\"mq\":\"Graphic\",\"nm\":\"Bo\u00EEte \u00E0 g\u00E2teau double couvercle 8\\\"x8\\\"x3.5\\\"\",\"nme\":\"8\\\"x8\\\"x3.5\\\" Double Lid Cake Box\",\"attr\":\"\",\"sku\":\"13767\",\"l2\":\"Boite carton\",\"sl\":\"boite-a-gateau-double-couvercle-8x8x35-13767\",\"sn\":\"\",\"idxP\":0},{\"mq\":\"Graphic\",\"nm\":\"Bo\u00EEte \u00E0 g\u00E2teau double couvercle 8\\\"x8\\\"x5\\\"\",\"nme\":\"8\\\"x8\\\"x5\\\" Double Lid Cake Box\",\"attr\":\"\",\"sku\":\"13768\",\"l2\":\"Boite carton\",\"sl\":\"boite-a-gateau-double-couvercle-8x8x5-13768\",\"sn\":\"\",\"idxP\":0},{\"mq\":\"Graphic\",\"nm\":\"Bo\u00EEte \u00E0 g\u00E2teau double couvercle 9\\\"x6\\\"x2.5\\\"\",\"nme\":\"9\\\"x6\\\"x2.5\\\" Double Lid Cake Box\",\"attr\":\"\",\"sku\":\"13769\",\"l2\":\"Boite carton\",\"sl\":\"boite-a-gateau-double-couvercle-9x6x25-13769\",\"sn\":\"\",\"idxP\":0},{\"mq\":\"Graphic\",\"nm\":\"Bo\u00EEte \u00E0 g\u00E2teau double couvercle 9\\\"x9\\\"x2.5\\\"\",\"nme\":\"9\\\"x9\\\"x2.5\\\" Double Lid Cake Box\",\"attr\":\"\",\"sku\":\"13771\",\"l2\":\"Boite carton\",\"sl\":\"boite-a-gateau-double-couvercle-9x9x25-13771\",\"sn\":\"\",\"idxP\":0},{\"mq\":\"Graphic\",\"nm\":\"Bo\u00EEte \u00E0 g\u00E2teau double couvercle 9\\\"x9\\\"x3.5\\\"\",\"nme\":\"9\\\"x9\\\"x3.5\\\" Double Lid Cake Box\",\"attr\":\"\",\"sku\":\"13773\",\"l2\":\"Boite carton\",\"sl\":\"boite-a-gateau-double-couvercle-9x9x35-13773\",\"sn\":\"\",\"idxP\":0},{\"mq\":\"Graphic\",\"nm\":\"Bo\u00EEte \u00E0 g\u00E2teau 10\\\"x6\\\"x3.5\\\"\",\"nme\":\"10\\\"x6\\\"x3.5\\\" Cake Box\",\"attr\":\"\",\"sku\":\"13775\",\"l2\":\"Boite carton\",\"sl\":\"boite-a-gateau-10x6x35-13775\",\"sn\":\"\",\"idxP\":0},{\"mq\":\"Graphic\",\"nm\":\"Bo\u00EEte \u00E0 g\u00E2teau double couvercle 10\\\"x10\\\"x2.5\\\"\",\"nme\":\"10\\\"x10\\\"x2.5\\\" Double Lid Cake Box\",\"attr\":\"\",\"sku\":\"13776\",\"l2\":\"Boite carton\",\"sl\":\"boite-a-gateau-double-couvercle-10x10x25-13776\",\"sn\":\"\",\"idxP\":0},{\"mq\":\"Graphic\",\"nm\":\"Bo\u00EEte \u00E0 g\u00E2teau double couvercle 10\\\"x10\\\"x3.5\\\"\",\"nme\":\"10\\\"x10\\\"x3.5\\\" Double Lid Cake Box\",\"attr\":\"\",\"sku\":\"13780\",\"l2\":\"Boite carton\",\"sl\":\"boite-a-gateau-double-couvercle-10x10x35-13780\",\"sn\":\"\",\"idxP\":0},{\"mq\":\"Graphic\",\"nm\":\"Bo\u00EEte \u00E0 g\u00E2teau 12\\\"x12\\\"x3\\\"\",\"nme\":\"12\\\"x12\\\"x3\\\" Cake Box\",\"attr\":\"\",\"sku\":\"13781\",\"l2\":\"Boite carton\",\"sl\":\"boite-a-gateau-12x12x3-13781\",\"sn\":\"\",\"idxP\":0},{\"mq\":\"Graphic\",\"nm\":\"Bo\u00EEte \u00E0 g\u00E2teau double couvercle 12\\\"x12\\\"x5\\\"\",\"nme\":\"12\\\"x12\\\"x5\\\" Double Lid Cake Box\",\"attr\":\"\",\"sku\":\"13783\",\"l2\":\"Boite carton\",\"sl\":\"boite-a-gateau-double-couvercle-12x12x5-13783\",\"sn\":\"\",\"idxP\":0},{\"mq\":\"Graphic\",\"nm\":\"Bo\u00EEte \u00E0 g\u00E2teau double couvercle 12\\\"x12\\\"x6\\\"\",\"nme\":\"12\\\"x12\\\"x6\\\" Double Lid Cake Box\",\"attr\":\"\",\"sku\":\"13784\",\"l2\":\"Boite carton\",\"sl\":\"boite-a-gateau-double-couvercle-12x12x6-13784\",\"sn\":\"\",\"idxP\":0},{\"mq\":\"Graphic\",\"nm\":\"Bo\u00EEte \u00E0 g\u00E2teau double couvercle 15\\\"x11\\\"x4\\\"\",\"nme\":\"15\\\"x11\\\"x4\\\" Double Lid Cake Box\",\"attr\":\"\",\"sku\":\"13791\",\"l2\":\"Boite carton\",\"sl\":\"boite-a-gateau-double-couvercle-15x11x4-13791\",\"sn\":\"\",\"idxP\":0},{\"mq\":\"Graphic\",\"nm\":\"Bo\u00EEte \u00E0 g\u00E2teau double couvercle 16\\\"x16\\\"x6\\\"\",\"nme\":\"16\\\"x16\\\"x6\\\" Double Lid Cake Box\",\"attr\":\"\",\"sku\":\"13792\",\"l2\":\"Boite carton\",\"sl\":\"boite-a-gateau-double-couvercle-16x16x6-13792\",\"sn\":\"\",\"idxP\":0},{\"mq\":\"Graphic\",\"nm\":\"Bo\u00EEte \u00E0 g\u00E2teau double couvercle 17\\\"x12\\\"x6\\\"\",\"nme\":\"17\\\"x12\\\"x6\\\" Double Lid Cake Box\",\"attr\":\"\",\"sku\":\"13793\",\"l2\":\"Boite carton\",\"sl\":\"boite-a-gateau-double-couvercle-17x12x6-13793\",\"sn\":\"\",\"idxP\":0},{\"mq\":\"Graphic\",\"nm\":\"Bo\u00EEte \u00E0 g\u00E2teau double couvercle 21\\\"x15\\\"x4\\\"\",\"nme\":\"21\\\"x15\\\"x4\\\" Double Lid Cake Box\",\"attr\":\"\",\"sku\":\"13796\",\"l2\":\"Boite carton\",\"sl\":\"boite-a-gateau-double-couvercle-21x15x4-13796\",\"sn\":\"\",\"idxP\":0},{\"mq\":\"Graphic\",\"nm\":\"Bo\u00EEte \u00E0 g\u00E2teau avec fen\u00EAtre 8\\\"x8\\\"x2.5\\\"\",\"nme\":\"8\\\"x8\\\"x2.5\\\" Window Cake Box\",\"attr\":\"\",\"sku\":\"13798\",\"l2\":\"Boite carton\",\"sl\":\"boite-a-gateau-avec-fenetre-8x8x25-13798\",\"sn\":\"\",\"idxP\":0},{\"mq\":\"Graphic\",\"nm\":\"Bo\u00EEte \u00E0 g\u00E2teau avec fen\u00EAtre 9\\\"x6\\\"x2.5\\\"\",\"nme\":\"9\\\"x6\\\"x2.5\\\" Window Cake Box\",\"attr\":\"\",\"sku\":\"13800\",\"l2\":\"Boite carton\",\"sl\":\"boite-a-gateau-avec-fenetre-9x6x25-13800\",\"sn\":\"\",\"idxP\":0},{\"mq\":\"Graphic\",\"nm\":\"Bo\u00EEte \u00E0 g\u00E2teau avec fen\u00EAtre 9\\\"x9\\\"x2.5\\\"\",\"nme\":\"9\\\"x9\\\"x2.5\\\" Window Cake Box\",\"attr\":\"\",\"sku\":\"13801\",\"l2\":\"Boite carton\",\"sl\":\"boite-a-gateau-avec-fenetre-9x9x25-13801\",\"sn\":\"\",\"idxP\":0},{\"mq\":\"Graphic\",\"nm\":\"Bo\u00EEte \u00E0 g\u00E2teau avec fen\u00EAtre 10\\\"x10\\\"x2.5\\\"\",\"nme\":\"10\\\"10\\\"x2.5\\\" Window Cake Box\",\"attr\":\"\",\"sku\":\"13803\",\"l2\":\"Boite carton\",\"sl\":\"boite-a-gateau-avec-fenetre-10x10x25-13803\",\"sn\":\"\",\"idxP\":0},{\"mq\":\"Graphic\",\"nm\":\"Bo\u00EEte \u00E0 g\u00E2teau avec fen\u00EAtre 10\\\"x10\\\"x5\\\"\",\"nme\":\"10\\\"10\\\"x5\\\" Window Cake Box\",\"attr\":\"\",\"sku\":\"13807\",\"l2\":\"Boite carton\",\"sl\":\"boite-a-gateau-avec-fenetre-10x10x5-13807\",\"sn\":\"\",\"idxP\":0},{\"mq\":\"Graphic\",\"nm\":\"Bo\u00EEte \u00E0 tarte 5\\\"x5\\\"x1.5\\\"\",\"nme\":\"5\\\"x5\\\"x1.5\\\" Pie Box\",\"attr\":\"\",\"sku\":\"13808\",\"l2\":\"Boite carton\",\"sl\":\"boite-a-tarte-5x5x15-13808\",\"sn\":\"\",\"idxP\":0},{\"mq\":\"Graphic\",\"nm\":\"Bo\u00EEte \u00E0 tarte 6\\\"x6\\\"x1.5\\\"\",\"nme\":\"6\\\"x6\\\"x1.5\\\" Pie Box\",\"attr\":\"\",\"sku\":\"13809\",\"l2\":\"Boite carton\",\"sl\":\"boite-a-tarte-6x6x15-13809\",\"sn\":\"\",\"idxP\":0},{\"mq\":\"Graphic\",\"nm\":\"Bo\u00EEtes \u00E0 tarte 8\\\"x8\\\"x1.5\\\"\",\"nme\":\"8\\\"x8\\\"x1.5\\\" Pie Box\",\"attr\":\"\",\"sku\":\"13810\",\"l2\":\"Boite carton\",\"sl\":\"boites-a-tarte-8x8x15-13810\",\"sn\":\"\",\"idxP\":0},{\"mq\":\"Graphic\",\"nm\":\"Bo\u00EEtes \u00E0 tarte 8\\\"x8\\\"x1.75\\\"\",\"nme\":\"8\\\"x8\\\"x1.75\\\" Pie Box\",\"attr\":\"\",\"sku\":\"13812\",\"l2\":\"Boite carton\",\"sl\":\"boites-a-tarte-8x8x175-13812\",\"sn\":\"\",\"idxP\":0},{\"mq\":\"Graphic\",\"nm\":\"Bo\u00EEtes \u00E0 tarte 9\\\"x9\\\"x1.5\\\"\",\"nme\":\"9\\\"x9\\\"x1.5\\\" Pie Box\",\"attr\":\"\",\"sku\":\"13813\",\"l2\":\"Boite carton\",\"sl\":\"boites-a-tarte-9x9x15-13813\",\"sn\":\"\",\"idxP\":1},{\"mq\":\"Graphic\",\"nm\":\"Bo\u00EEtes \u00E0 tarte 10\\\"x10\\\"x1.75\\\"\",\"nme\":\"10\\\"x10\\\"x1.75\\\" Pie Box\",\"attr\":\"\",\"sku\":\"13814\",\"l2\":\"Boite carton\",\"sl\":\"boites-a-tarte-10x10x175-13814\",\"sn\":\"\",\"idxP\":0},{\"mq\":\"Graphic\",\"nm\":\"Bo\u00EEte \u00E0 pizza 16\\\"x16\\\"x1.5\\\"\",\"nme\":\"16\\\"x16\\\"x1.5\\\" Pizza Box\",\"attr\":\"\",\"sku\":\"13815\",\"l2\":\"Boite carton\",\"sl\":\"boite-a-pizza-16x16x15-13815\",\"sn\":\"\",\"idxP\":0},{\"mq\":\"Graphic\",\"nm\":\"Casseau \u00E0 frites 1oz 1.75\\\"x1.75\\\"x2.25\\\"\",\"nme\":\"1.75\\\"x1.75\\\"x2.25\\\" 1oz Fries Tray\",\"attr\":\"\",\"sku\":\"13816\",\"l2\":\"Boite carton\",\"sl\":\"casseau-a-frites-1oz-175x175x225-13816\",\"sn\":\"plateau\",\"idxP\":3},{\"mq\":\"Graphic\",\"nm\":\"Casseau \u00E0 hot dog 5\\\"x1\\\"x1\\\"\",\"nme\":\"5\\\"x1\\\"x1\\\" Hot Dog Tray\",\"attr\":\"\",\"sku\":\"13817\",\"l2\":\"Boite carton\",\"sl\":\"casseau-a-hot-dog-5x1x1-13817\",\"sn\":\"plateau\",\"idxP\":0},{\"mq\":\"Graphic\",\"nm\":\"Casseau \u00E0 hot dog 6\\\"\",\"nme\":\"6\\\" Hot Dog Tray\",\"attr\":\"\",\"sku\":\"13819\",\"l2\":\"Boite carton\",\"sl\":\"casseau-a-hot-dog-6-13819\",\"sn\":\"plateau\",\"idxP\":0},{\"mq\":\"Graphic\",\"nm\":\"Bo\u00EEte pour emporter 8.75\\\"x6.75\\\"x2.13\\\"\",\"nme\":\"8.75\\\"x6.75\\\"x2.13\\\" Take-Out Box\",\"attr\":\"\",\"sku\":\"13821\",\"l2\":\"Boite carton\",\"sl\":\"boite-pour-emporter-875x675x213-13821\",\"sn\":\"\",\"idxP\":0},{\"mq\":\"Graphic\",\"nm\":\"Manchon pour breuvage chaud\",\"nme\":\"Hot Beverage Cup Sleeve\",\"attr\":\"\",\"sku\":\"13823\",\"l2\":\"Vaisselle jetable\",\"sl\":\"manchon-pour-breuvage-chaud-13823\",\"sn\":\"liqueur\",\"idxP\":0},{\"mq\":\"Graphic\",\"nm\":\"Casseau \u00E0 sous-marin 8\\\"x4\\\"x2.5\\\"\",\"nme\":\"8\\\"x4\\\"x2.5\\\" Sub Tray\",\"attr\":\"\",\"sku\":\"13824\",\"l2\":\"Boite carton\",\"sl\":\"casseau-a-sous-marin-8x4x25-13824\",\"sn\":\"plateau\",\"idxP\":0},{\"mq\":\"Graphic\",\"nm\":\"Casseau \u00E0 sous-marin 11.5\\\"x4\\\"x2.5\\\"\",\"nme\":\"11.5\\\"x4\\\"x2.5\\\" Sub Tray\",\"attr\":\"\",\"sku\":\"13825\",\"l2\":\"Boite carton\",\"sl\":\"casseau-a-sous-marin-115x4x25-13825\",\"sn\":\"plateau\",\"idxP\":0},{\"mq\":\"Graphic\",\"nm\":\"Bo\u00EEte \u00E0 poulet pour emporter 8.69\\\"x8.69\\\"x3.5\\\"\",\"nme\":\"8.69\\\"x8.69\\\"x3.5\\\" Chicken Take-Out Box\",\"attr\":\"\",\"sku\":\"13826\",\"l2\":\"Boite carton\",\"sl\":\"boite-a-poulet-pour-emporter-869x869x35-13826\",\"sn\":\"\",\"idxP\":0},{\"mq\":\"Graphic\",\"nm\":\"Bo\u00EEte pour club sandwich imprim\u00E9e 8\\\"x6.5\\\"x2.5\\\"\",\"nme\":\"8\\\"x6.5\\\"x2.5\\\" Printed Club Sandwich Box\",\"attr\":\"\",\"sku\":\"13828\",\"l2\":\"Boite carton\",\"sl\":\"boite-pour-club-sandwich-imprimee-8x65x25-13828\",\"sn\":\"\",\"idxP\":0},{\"mq\":\"Graphic\",\"nm\":\"Bo\u00EEte pour BBQ imprim\u00E9e 9\\\"x9\\\"x3.5\\\"\",\"nme\":\"9\\\"x9\\\"x3.5\\\" Printed BBQ Box\",\"attr\":\"\",\"sku\":\"13829\",\"l2\":\"Boite carton\",\"sl\":\"boite-pour-bbq-imprimee-9x9x35-13829\",\"sn\":\"\",\"idxP\":0},{\"mq\":\"Slypak\",\"nm\":\"Sac papier kraft #1\",\"nme\":\"#1 Kraft Paper Bag\",\"attr\":\"\",\"sku\":\"13872\",\"l2\":\"Sac \u00E0 emballage\",\"sl\":\"sac-papier-kraft-1-13872\",\"sn\":\"\",\"idxP\":0},{\"mq\":\"Slypak\",\"nm\":\"Sac papier kraft #2\",\"nme\":\"#2 Kraft Paper Bag\",\"attr\":\"\",\"sku\":\"13874\",\"l2\":\"Sac \u00E0 emballage\",\"sl\":\"sac-papier-kraft-2-13874\",\"sn\":\"\",\"idxP\":0},{\"mq\":\"Slypak\",\"nm\":\"Sac papier kraft #3\",\"nme\":\"#3 Kraft Paper Bag\",\"attr\":\"\",\"sku\":\"13875\",\"l2\":\"Sac \u00E0 emballage\",\"sl\":\"sac-papier-kraft-3-13875\",\"sn\":\"\",\"idxP\":0},{\"mq\":\"Slypak\",\"nm\":\"Sac papier kraft #5\",\"nme\":\"#5 Kraft Paper Bag\",\"attr\":\"\",\"sku\":\"13878\",\"l2\":\"Sac \u00E0 emballage\",\"sl\":\"sac-papier-kraft-5-13878\",\"sn\":\"\",\"idxP\":0},{\"mq\":\"Slypak\",\"nm\":\"Sac papier kraft #6\",\"nme\":\"#6 Kraft Paper Bag\",\"attr\":\"\",\"sku\":\"13880\",\"l2\":\"Sac \u00E0 emballage\",\"sl\":\"sac-papier-kraft-6-13880\",\"sn\":\"\",\"idxP\":0},{\"mq\":\"Slypak\",\"nm\":\"Sac papier kraft #7\",\"nme\":\"#7 Kraft Paper Bag\",\"attr\":\"\",\"sku\":\"13881\",\"l2\":\"Sac \u00E0 emballage\",\"sl\":\"sac-papier-kraft-7-13881\",\"sn\":\"\",\"idxP\":0},{\"mq\":\"Slypak\",\"nm\":\"Sac papier kraft #8\",\"nme\":\"#8 Kraft Paper Bag\",\"attr\":\"\",\"sku\":\"13882\",\"l2\":\"Sac \u00E0 emballage\",\"sl\":\"sac-papier-kraft-8-13882\",\"sn\":\"\",\"idxP\":0},{\"mq\":\"Slypak\",\"nm\":\"Sac papier kraft #10\",\"nme\":\"#10 Kraft Paper Bag\",\"attr\":\"\",\"sku\":\"13885\",\"l2\":\"Sac \u00E0 emballage\",\"sl\":\"sac-papier-kraft-10-13885\",\"sn\":\"\",\"idxP\":0},{\"mq\":\"Slypak\",\"nm\":\"Sac papier kraft #12\",\"nme\":\"#12 Kraft Paper Bag\",\"attr\":\"\",\"sku\":\"13886\",\"l2\":\"Sac \u00E0 emballage\",\"sl\":\"sac-papier-kraft-12-13886\",\"sn\":\"\",\"idxP\":0},{\"mq\":\"Slypak\",\"nm\":\"Sac papier kraft #14\",\"nme\":\"#14 Kraft Paper Bag\",\"attr\":\"\",\"sku\":\"13887\",\"l2\":\"Sac \u00E0 emballage\",\"sl\":\"sac-papier-kraft-14-13887\",\"sn\":\"\",\"idxP\":0},{\"mq\":\"Slypak\",\"nm\":\"Sac papier kraft #20\",\"nme\":\"#20 Kraft Paper Bag\",\"attr\":\"\",\"sku\":\"13888\",\"l2\":\"Sac \u00E0 emballage\",\"sl\":\"sac-papier-kraft-20-13888\",\"sn\":\"\",\"idxP\":0},{\"mq\":\"Leolight\",\"nm\":\"Porte chandelle rustique\",\"nme\":\"Rustic Candle Holder\",\"attr\":\"\",\"sku\":\"25459\",\"l2\":\"Combustible\",\"sl\":\"porte-chandelle-rustique-leolight-25459\",\"sn\":\"bougie, chandelle\",\"idxP\":5},{\"mq\":\"Leolight\",\"nm\":\"Porte chandelle gla\u00E7on stalactite\",\"nme\":\"Icecicle Candle Holder\",\"attr\":\"\",\"sku\":\"25456\",\"l2\":\"Combustible\",\"sl\":\"porte-chandelle-glacon-stalactite-leolight-25456\",\"sn\":\"bougie, chandelle\",\"idxP\":20},{\"mq\":\"Leolight\",\"nm\":\"Chandelle \u00E0 l'huile LiquidLight 8hrs\",\"nme\":\"LiquidLight Fuel Cells Candle Tall 8 hrs\",\"attr\":\"\",\"sku\":\"25434\",\"l2\":\"Combustible\",\"sl\":\"chandelle-a-lhuile-liquidlight-8hrs-leolight-25434\",\"sn\":\"bougie, chandelle\",\"idxP\":85},{\"mq\":\"Leolight\",\"nm\":\"Porte chandelle carr\u00E9 transparent\",\"nme\":\"Clear Square Candle Holder\",\"attr\":\"\",\"sku\":\"25452\",\"l2\":\"Combustible\",\"sl\":\"porte-chandelle-carre-transparent-leolight-25452\",\"sn\":\"transparent, bougie, chandelle\",\"idxP\":10},{\"mq\":\"Leolight\",\"nm\":\"Combustible liquide m\u00E8che 4hrs\",\"nme\":\"Liquid Wick Chafing Fuel 4 hrs\",\"attr\":\"\",\"sku\":\"25439\",\"l2\":\"Combustible\",\"sl\":\"combustible-liquide-meche-4hrs-leolight-25439\",\"sn\":\"\",\"idxP\":71},{\"mq\":\"Leolight\",\"nm\":\"Chandelles LED ambr\u00E9es rechargeables 2\\\"\",\"nme\":\"Rechargeable Amber LED Candles 2\\\"\",\"attr\":\"\",\"sku\":\"25432\",\"l2\":\"Combustible\",\"sl\":\"chandelles-led-ambrees-rechargeables-2-leolight-25432\",\"sn\":\"bougie, chandelle\",\"idxP\":4},{\"mq\":\"Leolight\",\"nm\":\"Chandelle \u00E0 l'huile LiquidLight 12 h\",\"nme\":\"LiquidLight Fuel Cells Candle Tall 12 hrs\",\"attr\":\"\",\"sku\":\"25463\",\"l2\":\"Combustible\",\"sl\":\"chandelle-a-lhuile-liquidlight-12-h-leolight-25463\",\"sn\":\"bougie, chandelle\",\"idxP\":90},{\"mq\":\"Leolight\",\"nm\":\"Porte chandelle carr\u00E9 givr\u00E9\",\"nme\":\"Frosted Square Candle Holder\",\"attr\":\"\",\"sku\":\"25453\",\"l2\":\"Combustible\",\"sl\":\"porte-chandelle-carre-givre-leolight-25453\",\"sn\":\"bougie, chandelle\",\"idxP\":0},{\"mq\":\"Leolight\",\"nm\":\"Porte chandelle cube de glace\",\"nme\":\"Ice Cube Candle Holder\",\"attr\":\"\",\"sku\":\"25458\",\"l2\":\"Combustible\",\"sl\":\"porte-chandelle-cube-de-glace-leolight-25458\",\"sn\":\"bougie, chandelle\",\"idxP\":10},{\"mq\":\"Leolight\",\"nm\":\"Porte chandelle avec brillant\",\"nme\":\"Sprinkled Candle Holder\",\"attr\":\"\",\"sku\":\"25449\",\"l2\":\"Combustible\",\"sl\":\"porte-chandelle-avec-brillant-leolight-25449\",\"sn\":\"bougie, chandelle\",\"idxP\":1},{\"mq\":\"Wipeco\",\"nm\":\"Serviette blanche ratine zip 14\\\"x17\\\" 4 lb\",\"nme\":\"White Terry Towel Zip 14\\\"x17\\\" 4 lb\",\"attr\":\"\",\"sku\":\"25963\",\"l2\":\"Article d'entretien\",\"sl\":\"serviette-blanche-ratine-zip-14x17-4-lb-wipeco-25963\",\"sn\":\"\",\"idxP\":15},{\"mq\":\"Wipeco\",\"nm\":\"Chiffon bleu paquet e-z\",\"nme\":\"E-Z Blue Cloth Pack\",\"attr\":\"\",\"sku\":\"38799\",\"l2\":\"Article d'entretien\",\"sl\":\"chiffon-bleu-paquet-e-z-wipeco-38799\",\"sn\":\"\",\"idxP\":93},{\"mq\":\"Mayrand Chef\",\"nm\":\"D\u00E9tergent liquide vaisselle rose\",\"nme\":\"Pink Dishwashing Detergent\",\"attr\":\"\",\"sku\":\"21202\",\"l2\":\"Savon \u00E0 vaisselle\",\"sl\":\"detergent-liquide-vaisselle-rose-mayrand-chef-21202\",\"sn\":\"\",\"idxP\":97},{\"mq\":\"Mayrand Chef\",\"nm\":\"D\u00E9tergent liquide vaisselle rose\",\"nme\":\"Pink Dishwashing Detergent\",\"attr\":\"\",\"sku\":\"91007\",\"l2\":\"Savon \u00E0 vaisselle\",\"sl\":\"detergent-liquide-vaisselle-rose-mayrand-chef-91007\",\"sn\":\"\",\"idxP\":76},{\"mq\":\"Mayrand Chef\",\"nm\":\"Sac \u00E0 ordure extra extra-fort noir 35\\\"x50\\\"\",\"nme\":\"Extra Extra Strong Black Garbage Bag 35\\\"x 50\\\"\",\"attr\":\"\",\"sku\":\"91911\",\"l2\":\"Sac \u00E0 ordure et poubelle\",\"sl\":\"sac-a-ordure-extra-extra-fort-noir-35x50-mayrand-chef-91911\",\"sn\":\"\",\"idxP\":71},{\"mq\":\"Mayrand Chef\",\"nm\":\"Super d\u00E9graisseur\",\"nme\":\"Super Degreaser\",\"attr\":\"\",\"sku\":\"91036\",\"l2\":\"Nettoyeur\",\"sl\":\"super-degraisseur-mayrand-chef-91036\",\"sn\":\"\",\"idxP\":92},{\"mq\":\"Mayrand Chef\",\"nm\":\"Sac \u00E0 ordure extra-fort noir 30\\\"x38\\\"\",\"nme\":\"Extra Strong Black Garbage Bag 30\\\"x38\\\"\",\"attr\":\"\",\"sku\":\"91896\",\"l2\":\"Sac \u00E0 ordure et poubelle\",\"sl\":\"sac-a-ordure-extra-fort-noir-30x38-mayrand-chef-91896\",\"sn\":\"\",\"idxP\":70},{\"mq\":\"M Net\",\"nm\":\"Nettoyant pour planchers finis\",\"nme\":\"Finished Floor Cleaner\",\"attr\":\"\",\"sku\":\"31289\",\"l2\":\"Nettoyeur\",\"sl\":\"nettoyant-pour-planchers-finis-m-net-31289\",\"sn\":\"nettoyeur\",\"idxP\":63},{\"mq\":\"Extra\",\"nm\":\"Eau de javel HE\",\"nme\":\"HE Liquid Bleach\",\"attr\":\"\",\"sku\":\"34677\",\"l2\":\"Lessive\",\"sl\":\"eau-de-javel-he-extra-34677\",\"sn\":\"\",\"idxP\":100},{\"mq\":\"Mayrand Chef\",\"nm\":\"Sac \u00E0 ordure extra-fort noir 35\\\" x 50\\\"\",\"nme\":\"Black Garbage Bags extra strong 35\\\" x 50\\\"\",\"attr\":\"\",\"sku\":\"93167\",\"l2\":\"Sac \u00E0 ordure et poubelle\",\"sl\":\"sac-a-ordure-extra-fort-noir-35-x-50-mayrand-chef-93167\",\"sn\":\"\",\"idxP\":74},{\"mq\":\"Mayrand Chef\",\"nm\":\"Sac \u00E0 ordure fort noir 26\\\"x36\\\"\",\"nme\":\"Strong Black Garbage Bag 26\\\"x36\\\"\",\"attr\":\"\",\"sku\":\"91900\",\"l2\":\"Sac \u00E0 ordure et poubelle\",\"sl\":\"sac-a-ordure-fort-noir-26x36-mayrand-chef-91900\",\"sn\":\"\",\"idxP\":71},{\"mq\":\"Mayrand Chef\",\"nm\":\"Sac \u00E0 ordure fort noir 35\\\"x50\\\"\",\"nme\":\"Strong Black Garbage Bags 35\\\"x50\\\"\",\"attr\":\"\",\"sku\":\"91902\",\"l2\":\"Sac \u00E0 ordure et poubelle\",\"sl\":\"sac-a-ordure-fort-noir-35x50-mayrand-chef-91902\",\"sn\":\"\",\"idxP\":69},{\"mq\":\"Easy off\",\"nm\":\"Nettoyant vaporisateur sur puissant pour four\",\"nme\":\"Oven Heavy Duty Cleaner\",\"attr\":\"\",\"sku\":\"01546\",\"l2\":\"Nettoyeur\",\"sl\":\"nettoyant-vaporisateur-sur-puissant-pour-four-easy-off-01546\",\"sn\":\"nettoyeur\",\"idxP\":100},{\"mq\":\"Purex\",\"nm\":\"D\u00E9tergent liquide \u00E0 lessive\",\"nme\":\"Laundry Liquid Detergent\",\"attr\":\"\",\"sku\":\"21200\",\"l2\":\"Lessive\",\"sl\":\"detergent-liquide-a-lessive-purex-21200\",\"sn\":\"\",\"idxP\":56},{\"mq\":\"Tradition\",\"nm\":\"Bougies chauffe-plat non parfum\u00E9es\",\"nme\":\"Yummi Unscented Tea Lights\",\"attr\":\"\",\"sku\":\"14394\",\"l2\":\"Combustible\",\"sl\":\"bougies-chauffe-plat-non-parfumees-tradition-14394\",\"sn\":\"chandelle\",\"idxP\":63},{\"mq\":\"Shout\",\"nm\":\"D\u00E9tachant \u00E0 lessive\",\"nme\":\"Laundry Stain Remover\",\"attr\":\"\",\"sku\":\"07207\",\"l2\":\"Lessive\",\"sl\":\"detachant-a-lessive-shout-07207\",\"sn\":\"\",\"idxP\":21},{\"mq\":\"Cascades\",\"nm\":\"Papier hygi\u00E9nique fluff enviro\",\"nme\":\"Toilet Paper Fluff 2 Ply\",\"attr\":\"\u00C9cologique\",\"sku\":\"21233\",\"l2\":\"Papier et essuie-tout\",\"sl\":\"papier-hygienique-fluff-enviro-cascades-21233\",\"sn\":\"\",\"idxP\":100},{\"mq\":\"Cascades\",\"nm\":\"Essuie-tout jumbo Enviro\",\"nme\":\"Paper Towels Enviro\",\"attr\":\"\u00C9cologique\",\"sku\":\"21237\",\"l2\":\"Papier et essuie-tout\",\"sl\":\"essuie-tout-jumbo-enviro-cascades-21237\",\"sn\":\"\",\"idxP\":86},{\"mq\":\"Scotties\",\"nm\":\"Mouchoirs blancs 2 plis\",\"nme\":\"White Tissues 2 ply\",\"attr\":\"\",\"sku\":\"32483\",\"l2\":\"Papier et essuie-tout\",\"sl\":\"mouchoirs-blancs-2-plis-scotties-32483\",\"sn\":\"\",\"idxP\":82},{\"mq\":\"Murphy\",\"nm\":\"Nettoyant huile pour bois\",\"nme\":\"Wood Oil Soap Cleaner\",\"attr\":\"\",\"sku\":\"33727\",\"l2\":\"Nettoyeur\",\"sl\":\"nettoyant-huile-pour-bois-murphy-33727\",\"sn\":\"nettoyeur\",\"idxP\":33},{\"mq\":\"Mayrand Chef\",\"nm\":\"D\u00E9tergent liquide vaisselle citron\",\"nme\":\"Liquid Dishwashing lemon Detergent\",\"attr\":\"\",\"sku\":\"24872\",\"l2\":\"Savon \u00E0 vaisselle\",\"sl\":\"detergent-liquide-vaisselle-citron-mayrand-chef-24872\",\"sn\":\"\",\"idxP\":45},{\"nm\":\"Sac de recyclage \u00E0 canettes\",\"nme\":\"Cans Recycling Collector Bag\",\"attr\":\"\",\"sku\":\"16380\",\"l2\":\"Sac \u00E0 ordure et poubelle\",\"sl\":\"sac-de-recyclage-a-canettes-16380\",\"sn\":\"\",\"idxP\":58},{\"mq\":\"Mayrand Chef\",\"nm\":\"Sac \u00E0 ordure fort transparent 30\\\"x38\\\"\",\"nme\":\"Strong Clear Garbage Bag 30 po x 38 po\",\"attr\":\"\",\"sku\":\"34694\",\"l2\":\"Sac \u00E0 ordure et poubelle\",\"sl\":\"sac-a-ordure-fort-transparent-30x38-mayrand-chef-34694\",\"sn\":\"transparent\",\"idxP\":27},{\"mq\":\"Mayrand Chef\",\"nm\":\"D\u00E9tergent liquide lave-vaisselle\",\"nme\":\"Dishwasher Liquid Detergent\",\"attr\":\"\",\"sku\":\"91012\",\"l2\":\"Savon \u00E0 vaisselle\",\"sl\":\"detergent-liquide-lave-vaisselle-mayrand-chef-91012\",\"sn\":\"\",\"idxP\":68},{\"mq\":\"Tuff Guy\",\"nm\":\"Briquet pour barbecue\",\"nme\":\"BBQ Lighter\",\"attr\":\"\",\"sku\":\"21532\",\"l2\":\"Combustible\",\"sl\":\"briquet-pour-barbecue-tuff-guy-21532\",\"sn\":\"BBQ\",\"idxP\":53},{\"mq\":\"Mayrand Chef\",\"nm\":\"Sac \u00E0 ordure fort transparent 35\\\"x50\\\"\",\"nme\":\"Strong Clear Garbage Bag 35\\\"x50\\\"\",\"attr\":\"\",\"sku\":\"24795\",\"l2\":\"Sac \u00E0 ordure et poubelle\",\"sl\":\"sac-a-ordure-fort-transparent-35x50-mayrand-chef-24795\",\"sn\":\"transparent\",\"idxP\":52},{\"mq\":\"Mayrand Chef\",\"nm\":\"D\u00E9tergent liquide vaisselle vert\",\"nme\":\"Green Dishwashing Detergent\",\"attr\":\"\",\"sku\":\"91005\",\"l2\":\"Savon \u00E0 vaisselle\",\"sl\":\"detergent-liquide-vaisselle-vert-mayrand-chef-91005\",\"sn\":\"\",\"idxP\":95},{\"mq\":\"Mayrand Chef\",\"nm\":\"D\u00E9tergent poudre lave-vaisselle\",\"nme\":\"Dishwasher Powder Detergent\",\"attr\":\"\",\"sku\":\"90608\",\"l2\":\"Savon \u00E0 vaisselle\",\"sl\":\"detergent-poudre-lave-vaisselle-mayrand-chef-90608\",\"sn\":\"\",\"idxP\":8},{\"mq\":\"Mayrand Chef\",\"nm\":\"Sac \u00E0 ordure fort noir 30\\\"x38\\\"\",\"nme\":\"Strong Black Garbage Bag 30\\\"x38\\\"\",\"attr\":\"\",\"sku\":\"90167\",\"l2\":\"Sac \u00E0 ordure et poubelle\",\"sl\":\"sac-a-ordure-fort-noir-30x38-mayrand-chef-90167\",\"sn\":\"\",\"idxP\":43},{\"mq\":\"Mayrand Chef\",\"nm\":\"Nettoyant au pin pour plancher\",\"nme\":\"Pine Floor Cleaner\",\"attr\":\"\",\"sku\":\"91028\",\"l2\":\"Nettoyeur\",\"sl\":\"nettoyant-au-pin-pour-plancher-mayrand-chef-91028\",\"sn\":\"nettoyeur\",\"idxP\":90},{\"mq\":\"Mayrand Chef\",\"nm\":\"Sac \u00E0 ordure extra-fort noir 26\\\"x36\\\"\",\"nme\":\"Extra Strong Black Garbage Bag 26\\\"x36\\\"\",\"attr\":\"\",\"sku\":\"91897\",\"l2\":\"Sac \u00E0 ordure et poubelle\",\"sl\":\"sac-a-ordure-extra-fort-noir-26x36-mayrand-chef-91897\",\"sn\":\"\",\"idxP\":68},{\"mq\":\"Mayrand Chef\",\"nm\":\"Sac \u00E0 ordure r\u00E9gulier noir 20\\\"x22\\\"\",\"nme\":\"Black Regular Garbage Bag 20\\\"x22\\\"\",\"attr\":\"\",\"sku\":\"91895\",\"l2\":\"Sac \u00E0 ordure et poubelle\",\"sl\":\"sac-a-ordure-regulier-noir-20x22-mayrand-chef-91895\",\"sn\":\"\",\"idxP\":43},{\"mq\":\"Mayrand Chef\",\"nm\":\"D\u00E9tergent liquide vaisselle citron\",\"nme\":\"Lemon Liquid Dishwashing Detergent\",\"attr\":\"\",\"sku\":\"30738\",\"l2\":\"Savon \u00E0 vaisselle\",\"sl\":\"detergent-liquide-vaisselle-citron-mayrand-chef-30738\",\"sn\":\"citrons\",\"idxP\":86},{\"mq\":\"Mayrand Chef\",\"nm\":\"Nettoyant au pin pour plancher\",\"nme\":\"Pine Floor Cleaner\",\"attr\":\"\",\"sku\":\"91029\",\"l2\":\"Nettoyeur\",\"sl\":\"nettoyant-au-pin-pour-plancher-mayrand-chef-91029\",\"sn\":\"nettoyeur\",\"idxP\":50},{\"mq\":\"Mayrand Chef\",\"nm\":\"Additif de rin\u00E7age liquide pour lave-vaisselle\",\"nme\":\"Dishwasher Liquid Rinse Additif\",\"attr\":\"\",\"sku\":\"91014\",\"l2\":\"Savon \u00E0 vaisselle\",\"sl\":\"additif-de-rincage-liquide-pour-lave-vaisselle-mayrand-chef-91014\",\"sn\":\"\",\"idxP\":60},{\"mq\":\"Mayrand Chef\",\"nm\":\"Super d\u00E9graissant\",\"nme\":\"Super Degreaser\",\"attr\":\"\",\"sku\":\"91037\",\"l2\":\"Nettoyeur\",\"sl\":\"super-degraissant-mayrand-chef-91037\",\"sn\":\"\",\"idxP\":56},{\"mq\":\"Mayrand Chef\",\"nm\":\"Sac \u00E0 ordure r\u00E9gulier noir 22\\\"x24\",\"nme\":\"Regular Black Garbage Bags 22\\\"x24\\\"\",\"attr\":\"\",\"sku\":\"91901\",\"l2\":\"Sac \u00E0 ordure et poubelle\",\"sl\":\"sac-a-ordure-regulier-noir-22x24-mayrand-chef-91901\",\"sn\":\"\",\"idxP\":53},{\"mq\":\"Mayrand Chef\",\"nm\":\"Sac \u00E0 ordure fort noir 42\\\"x48\\\"\",\"nme\":\"Strong Black Garbage Bags 42\\\"x48\\\"\",\"attr\":\"\",\"sku\":\"91899\",\"l2\":\"Sac \u00E0 ordure et poubelle\",\"sl\":\"sac-a-ordure-fort-noir-42x48-mayrand-chef-91899\",\"sn\":\"\",\"idxP\":54},{\"mq\":\"Mayrand Chef\",\"nm\":\"D\u00E9tergent liquide vaisselle vert\",\"nme\":\"Green Liquid Diswashing Detergent\",\"attr\":\"\",\"sku\":\"30739\",\"l2\":\"Savon \u00E0 vaisselle\",\"sl\":\"detergent-liquide-vaisselle-vert-mayrand-chef-30739\",\"sn\":\"\",\"idxP\":50},{\"mq\":\"Mayrand Chef\",\"nm\":\"Savon \u00E0 mains cr\u00E8me avec triclosan\",\"nme\":\"Cream Hand Soap with Triclosan\",\"attr\":\"\",\"sku\":\"91053\",\"l2\":\"Nettoyeur\",\"sl\":\"savon-a-mains-creme-avec-triclosan-mayrand-chef-91053\",\"sn\":\"\",\"idxP\":64},{\"mq\":\"Mayrand Chef\",\"nm\":\"Sac \u00E0 ordure r\u00E9gulier transparent 26\\\"x36\\\"\",\"nme\":\"Clear Regular Garbage Bag 26\\\"x36\\\"\",\"attr\":\"\",\"sku\":\"91905\",\"l2\":\"Sac \u00E0 ordure et poubelle\",\"sl\":\"sac-a-ordure-regulier-transparent-26x36-mayrand-chef-91905\",\"sn\":\"transparent\",\"idxP\":40},{\"mq\":\"Mayrand Chef\",\"nm\":\"Nettoyant \u00E0 vitre\",\"nme\":\"Window Cleaner\",\"attr\":\"\",\"sku\":\"91023\",\"l2\":\"Nettoyeur\",\"sl\":\"nettoyant-a-vitre-mayrand-chef-91023\",\"sn\":\"nettoyeur\",\"idxP\":72},{\"mq\":\"Mayrand Chef\",\"nm\":\"Sac \u00E0 ordure r\u00E9gulier blanc 20\\\"x22\\\"\",\"nme\":\"White Regular Garbage Bags 20\\\"x22\\\"\",\"attr\":\"\",\"sku\":\"91906\",\"l2\":\"Sac \u00E0 ordure et poubelle\",\"sl\":\"sac-a-ordure-regulier-blanc-20x22-mayrand-chef-91906\",\"sn\":\"\",\"idxP\":39},{\"mq\":\"Mayrand Chef\",\"nm\":\"Savon \u00E0 mains cr\u00E8me avec triclosan\",\"nme\":\"Cream Hand Soap with Triclosan\",\"attr\":\"\",\"sku\":\"91054\",\"l2\":\"Nettoyeur\",\"sl\":\"savon-a-mains-creme-avec-triclosan-mayrand-chef-91054\",\"sn\":\"\",\"idxP\":24},{\"mq\":\"Scotties\",\"nm\":\"Mouchoirs blancs 2 \u00E9paisseurs\",\"nme\":\"2 Ply White Tissues\",\"attr\":\"\",\"sku\":\"13344\",\"l2\":\"Papier et essuie-tout\",\"sl\":\"mouchoirs-blancs-2-epaisseurs-scotties-13344\",\"sn\":\"\",\"idxP\":81},{\"mq\":\"Value+\",\"nm\":\"Savon lotion pour les mains\",\"nme\":\"Hand Soap Lotion\",\"attr\":\"\",\"sku\":\"14149\",\"l2\":\"Nettoyeur\",\"sl\":\"savon-lotion-pour-les-mains-value-14149\",\"sn\":\"\",\"idxP\":80},{\"mq\":\"Mayrand Chef\",\"nm\":\"Savon vert pour les mains\",\"nme\":\"Green Hand Soap\",\"attr\":\"\",\"sku\":\"91069\",\"l2\":\"Nettoyeur\",\"sl\":\"savon-vert-pour-les-mains-mayrand-chef-91069\",\"sn\":\"\",\"idxP\":51},{\"mq\":\"Mayrand Chef\",\"nm\":\"Sac \u00E0 ordure r\u00E9gulier transparent 20\\\"x22\\\"\",\"nme\":\"Regular Clear Garbage Bags 20\\\" x22\\\"\",\"attr\":\"\",\"sku\":\"34695\",\"l2\":\"Sac \u00E0 ordure et poubelle\",\"sl\":\"sac-a-ordure-regulier-transparent-20x22-mayrand-chef-34695\",\"sn\":\"transparent\",\"idxP\":26},{\"mq\":\"Palmolive\",\"nm\":\"Savon \u00E0 vaiselle liquide r\u00E9gulier\",\"nme\":\"Liquid Regular Dish Soap\",\"attr\":\"\",\"sku\":\"35826\",\"l2\":\"Savon \u00E0 vaisselle\",\"sl\":\"savon-a-vaiselle-liquide-regulier-palmolive-35826\",\"sn\":\"\",\"idxP\":52},{\"mq\":\"Rubbermaid\",\"nm\":\"Couvercle gris pour poubelle de 26 gallons\",\"nme\":\"Grey Trash Lid for 26 Gallon Bin\",\"attr\":\"\",\"sku\":\"24981\",\"l2\":\"Sac \u00E0 ordure et poubelle\",\"sl\":\"couvercle-gris-pour-poubelle-de-26-gallons-rubbermaid-24981\",\"sn\":\"\",\"idxP\":5},{\"mq\":\"Mann\",\"nm\":\"Bouteille avec vaporisateur\",\"nme\":\"Spray Bottle 24 oz\",\"attr\":\"\",\"sku\":\"27911\",\"l2\":\"Nettoyeur\",\"sl\":\"bouteille-avec-vaporisateur-mann-27911\",\"sn\":\"\",\"idxP\":33},{\"mq\":\"Klein\",\"nm\":\"Tampons verts \u00E0 r\u00E9curer\",\"nme\":\"Green Scouring Pad\",\"attr\":\"\",\"sku\":\"07953\",\"l2\":\"Article d'entretien\",\"sl\":\"tampons-verts-a-recurer-klein-07953\",\"sn\":\"\",\"idxP\":89},{\"mq\":\"Klein\",\"nm\":\"\u00C9ponges avec tampon \u00E0 r\u00E9curer\",\"nme\":\"Sponge with Scouring Tab\",\"attr\":\"\",\"sku\":\"15977\",\"l2\":\"Article d'entretien\",\"sl\":\"eponges-avec-tampon-a-recurer-klein-15977\",\"sn\":\"\",\"idxP\":80},{\"mq\":\"Klein\",\"nm\":\"Tampons de r\u00E9curage durable\",\"nme\":\"Heavy Duty Scouring Pads\",\"attr\":\"\",\"sku\":\"07954\",\"l2\":\"Article d'entretien\",\"sl\":\"tampons-de-recurage-durable-klein-07954\",\"sn\":\"\",\"idxP\":56},{\"mq\":\"Klein\",\"nm\":\"\u00C9ponges \u00E0 r\u00E9curer\",\"nme\":\"Scrubbing Sponge\",\"attr\":\"\",\"sku\":\"29912\",\"l2\":\"Article d'entretien\",\"sl\":\"eponges-a-recurer-klein-29912\",\"sn\":\"\",\"idxP\":94},{\"mq\":\"Klein\",\"nm\":\"Tampons rectangulaires \u00E0 r\u00E9curer en laine d'acier\",\"nme\":\"Steel Wool Rectangular Pads\",\"attr\":\"\",\"sku\":\"39101\",\"l2\":\"Article d'entretien\",\"sl\":\"tampons-rectangulaires-a-recurer-en-laine-dacier-klein-39101\",\"sn\":\"\",\"idxP\":54},{\"mq\":\"Klein\",\"nm\":\"Tampons de r\u00E9curage\",\"nme\":\"Scouring Pads\",\"attr\":\"\",\"sku\":\"10019\",\"l2\":\"Article d'entretien\",\"sl\":\"tampons-de-recurage-klein-10019\",\"sn\":\"\",\"idxP\":33},{\"mq\":\"Klein\",\"nm\":\"Tampons \u00E0 r\u00E9curer en laiton\",\"nme\":\"Brass Scrubber\",\"attr\":\"\",\"sku\":\"25158\",\"l2\":\"Article d'entretien\",\"sl\":\"tampons-a-recurer-en-laiton-klein-25158\",\"sn\":\"\",\"idxP\":44},{\"mq\":\"Browne\",\"nm\":\"Distributeur de serviettes en papier\",\"nme\":\"Stainless Steel Napkin Dispenser\",\"attr\":\"\",\"sku\":\"10498\",\"l2\":\"Papier et essuie-tout\",\"sl\":\"distributeur-de-serviettes-en-papier-browne-10498\",\"sn\":\"\",\"idxP\":9},{\"mq\":\"Xp-99\",\"nm\":\"Nettoyant ultra puissant pour four et grill\",\"nme\":\"Heavy Duty Oven and Grill Cleaner\",\"attr\":\"\",\"sku\":\"10347\",\"l2\":\"Nettoyeur\",\"sl\":\"nettoyant-ultra-puissant-pour-four-et-grill-xp-99-10347\",\"sn\":\"nettoyeur\",\"idxP\":62},{\"mq\":\"Mayrand Chef\",\"nm\":\"Nettoyeur neutre et d\u00E9sodorisant\",\"nme\":\"Neutral Cleaner and Deodorizer\",\"attr\":\"\",\"sku\":\"15847\",\"l2\":\"Nettoyeur\",\"sl\":\"nettoyeur-neutre-et-desodorisant-mayrand-chef-15847\",\"sn\":\"\",\"idxP\":63},{\"mq\":\"Vim\",\"nm\":\"Nettoyeur en cr\u00E8me javelisant\",\"nme\":\"Bleach Cream Cleaner\",\"attr\":\"\",\"sku\":\"13094\",\"l2\":\"Nettoyeur\",\"sl\":\"nettoyeur-en-creme-javelisant-vim-13094\",\"sn\":\"nettoyeur\",\"idxP\":60},{\"mq\":\"Vim\",\"nm\":\"Nettoyant cr\u00E8me citron\",\"nme\":\"Lemon Cream Cleaner\",\"attr\":\"\",\"sku\":\"09731\",\"l2\":\"Nettoyeur\",\"sl\":\"nettoyant-creme-citron-vim-09731\",\"sn\":\"citrons, nettoyeur\",\"idxP\":34},{\"mq\":\"Grill-x\",\"nm\":\"Nettoyant pour plaque de cuisson et friteuse\",\"nme\":\"Griddle and Fryer Cleaner\",\"attr\":\"\",\"sku\":\"18163\",\"l2\":\"Nettoyeur\",\"sl\":\"nettoyant-pour-plaque-de-cuisson-et-friteuse-grill-x-18163\",\"sn\":\"nettoyeur\",\"idxP\":100},{\"mq\":\"Hertel\",\"nm\":\"Nettoyant d\u00E9sinfectant et d\u00E9graissant Plus\",\"nme\":\"Plus Disinfectant and Degreaser Cleaner\",\"attr\":\"\",\"sku\":\"10770\",\"l2\":\"Nettoyeur\",\"sl\":\"nettoyant-desinfectant-et-degraissant-plus-hertel-10770\",\"sn\":\"nettoyeur\",\"idxP\":79},{\"mq\":\"Superbe\",\"nm\":\"Nettoyant \u00E0 calcaire N-103\",\"nme\":\"Calcareous Detergent\",\"attr\":\"\",\"sku\":\"13558\",\"l2\":\"Nettoyeur\",\"sl\":\"nettoyant-a-calcaire-n-103-superbe-13558\",\"sn\":\"nettoyeur\",\"idxP\":15},{\"mq\":\"Olympic\",\"nm\":\"D\u00E9tersif en poudre concentr\u00E9 citron\",\"nme\":\"Lemon Condensed Powder Detergent\",\"attr\":\"\",\"sku\":\"36358\",\"l2\":\"Lessive\",\"sl\":\"detersif-en-poudre-concentre-citron-olympic-36358\",\"sn\":\"citrons\",\"idxP\":60},{\"mq\":\"Bon Ami\",\"nm\":\"Nettoyant \u00E0 vitres\",\"nme\":\"Glass Cleaner\",\"attr\":\"\",\"sku\":\"38641\",\"l2\":\"Nettoyeur\",\"sl\":\"nettoyant-a-vitres-bon-ami-38641\",\"sn\":\"nettoyeur\",\"idxP\":37},{\"mq\":\"Scrubbing\",\"nm\":\"Nettoyant toilette gel javellisant\",\"nme\":\"Bleach Gel Toilet Cleaner\",\"attr\":\"\",\"sku\":\"25679\",\"l2\":\"Nettoyeur\",\"sl\":\"nettoyant-toilette-gel-javellisant-scrubbing-25679\",\"sn\":\"bathroom, hygienic, nettoyeur\",\"idxP\":36},{\"mq\":\"Mayrand Chef\",\"nm\":\"D\u00E9graissant puissant\",\"nme\":\"Heavy Duty Degreaser\",\"attr\":\"\",\"sku\":\"91263\",\"l2\":\"Nettoyeur\",\"sl\":\"degraissant-puissant-mayrand-chef-91263\",\"sn\":\"\",\"idxP\":100},{\"mq\":\"Mayrand Chef\",\"nm\":\"Nettoyant tout usage\",\"nme\":\"All Purpose Cleaner\",\"attr\":\"\",\"sku\":\"91035\",\"l2\":\"Nettoyeur\",\"sl\":\"nettoyant-tout-usage-mayrand-chef-91035\",\"sn\":\"nettoyeur\",\"idxP\":53},{\"mq\":\"Mayrand Chef\",\"nm\":\"Nettoyant tout usage\",\"nme\":\"All-Purpose Cleaner\",\"attr\":\"\",\"sku\":\"91034\",\"l2\":\"Nettoyeur\",\"sl\":\"nettoyant-tout-usage-mayrand-chef-91034\",\"sn\":\"nettoyeur\",\"idxP\":90},{\"mq\":\"Fantastik\",\"nm\":\"Nettoyant tout usage d\u00E9sinfectant\",\"nme\":\"Disinfectant Cleaner\",\"attr\":\"\",\"sku\":\"34122\",\"l2\":\"Nettoyeur\",\"sl\":\"nettoyant-tout-usage-desinfectant-fantastik-34122\",\"sn\":\"\",\"idxP\":24},{\"mq\":\"Mayrand Chef\",\"nm\":\"D\u00E9tergent pour lessive citron\",\"nme\":\"Lemon Laundry Cleaner\",\"attr\":\"\",\"sku\":\"93247\",\"l2\":\"Lessive\",\"sl\":\"detergent-pour-lessive-citron-mayrand-chef-93247\",\"sn\":\"citrons\",\"idxP\":51},{\"mq\":\"Windex\",\"nm\":\"Nettoyant \u00E0 vitres\",\"nme\":\"Windows Cleaner\",\"attr\":\"\",\"sku\":\"32495\",\"l2\":\"Nettoyeur\",\"sl\":\"nettoyant-a-vitres-windex-32495\",\"sn\":\"nettoyeur\",\"idxP\":32},{\"mq\":\"Lolitta\",\"nm\":\"Chiffon tout-usage\",\"nme\":\"All-Purpose Cloth\",\"attr\":\"\",\"sku\":\"12817\",\"l2\":\"Article d'entretien\",\"sl\":\"chiffon-tout-usage-lolitta-12817\",\"sn\":\"\",\"idxP\":40},{\"mq\":\"S.O.S\",\"nm\":\"Tampons d'acier \u00E0 r\u00E9curer\",\"nme\":\"Steel Wool Pads\",\"attr\":\"\",\"sku\":\"38036\",\"l2\":\"Article d'entretien\",\"sl\":\"tampons-dacier-a-recurer-s.o.s-38036\",\"sn\":\"\",\"idxP\":46},{\"mq\":\"Sagetra\",\"nm\":\"Distributeur de serviettes 7 1\\\/8\\\"x3 7\\\/8\\\"x4 3\\\/4''\",\"nme\":\"Napkin Dispensers 7 1\\\/8\\\" x 3 7\\\/8\\\" x 4 3\\\/4\\\"\",\"attr\":\"\",\"sku\":\"28342\",\"l2\":\"Papier et essuie-tout\",\"sl\":\"distributeur-de-serviettes-7-18x3-78x4-34-sagetra-28342\",\"sn\":\"\",\"idxP\":12},{\"mq\":\"Tradition\",\"nm\":\"Chandelle lampion recharge 60 heures\",\"nme\":\"Lantern Candle 60h Refill\",\"attr\":\"\",\"sku\":\"10043\",\"l2\":\"Combustible\",\"sl\":\"chandelle-lampion-recharge-60-heures-tradition-10043\",\"sn\":\"bougie, chandelle\",\"idxP\":94},{\"mq\":\"Tradition\",\"nm\":\"Chandelle lampion recharge 120h\",\"nme\":\"Lantern Candle refill 120 h\",\"attr\":\"\",\"sku\":\"16121\",\"l2\":\"Combustible\",\"sl\":\"chandelle-lampion-recharge-120h-tradition-16121\",\"sn\":\"bougie, chandelle\",\"idxP\":100},{\"mq\":\"Tradition\",\"nm\":\"Lampion bleu\",\"nme\":\"Blue Candle\",\"attr\":\"\",\"sku\":\"41762\",\"l2\":\"Combustible\",\"sl\":\"lampion-bleu-tradition-41762\",\"sn\":\"\",\"idxP\":37},{\"mq\":\"Tradition\",\"nm\":\"Chandelle blanche 10\\\"\",\"nme\":\"White Candle 10\\\"\",\"attr\":\"\",\"sku\":\"49358\",\"l2\":\"Combustible\",\"sl\":\"chandelle-blanche-10-tradition-49358\",\"sn\":\"bougie, chandelle\",\"idxP\":32},{\"mq\":\"Leolight\",\"nm\":\"Recharge pochette chauffante\",\"nme\":\"Safe Instant Steam Heat\",\"attr\":\"\",\"sku\":\"29477\",\"l2\":\"Combustible\",\"sl\":\"recharge-pochette-chauffante-leolight-29477\",\"sn\":\"\",\"idxP\":21},{\"mq\":\"Tradition\",\"nm\":\"Lampion rouge\",\"nme\":\"Red Candle\",\"attr\":\"\",\"sku\":\"41761\",\"l2\":\"Combustible\",\"sl\":\"lampion-rouge-tradition-41761\",\"sn\":\"\",\"idxP\":40},{\"mq\":\"Klein\",\"nm\":\"Tampons de r\u00E9curage x 10\",\"nme\":\"Scouring Pads\",\"attr\":\"\",\"sku\":\"29539\",\"l2\":\"Article d'entretien\",\"sl\":\"tampons-de-recurage-x-10-klein-29539\",\"sn\":\"\",\"idxP\":39},{\"mq\":\"Marino\",\"nm\":\"Seau et essoreuse 30 gal (grand bleu)\",\"nme\":\"30 Gal Bucket\",\"attr\":\"\",\"sku\":\"90265\",\"l2\":\"Lessive\",\"sl\":\"seau-et-essoreuse-30-gal-grand-bleu-marino-90265\",\"sn\":\"\",\"idxP\":18},{\"mq\":\"Cashmere\",\"nm\":\"Papier hygi\u00E9nique double 242 feuilles\",\"nme\":\"Double Bathroom Tissue 242 Sheets\",\"attr\":\"\",\"sku\":\"29155\",\"l2\":\"Papier et essuie-tout\",\"sl\":\"papier-hygienique-double-242-feuilles-cashmere-29155\",\"sn\":\"\",\"idxP\":44},{\"mq\":\"Vuenet\",\"nm\":\"Lave-vitre -40\u00B0C\",\"nme\":\"Windshield Washer -40\u00B0C\",\"attr\":\"\",\"sku\":\"33783\",\"l2\":\"Nettoyeur\",\"sl\":\"lave-vitre-40c-vuenet-33783\",\"sn\":\"\",\"idxP\":100},{\"mq\":\"Draco\",\"nm\":\"Combustible \u00E0 fondue en gel\",\"nme\":\"Gel Fondue Fuel\",\"attr\":\"\",\"sku\":\"33258\",\"l2\":\"Combustible\",\"sl\":\"combustible-a-fondue-en-gel-draco-33258\",\"sn\":\"\",\"idxP\":73},{\"mq\":\"Elite\",\"nm\":\"Combustible \u00E0 fondue\",\"nme\":\"Fondue Fuel\",\"attr\":\"\",\"sku\":\"33259\",\"l2\":\"Combustible\",\"sl\":\"combustible-a-fondue-elite-33259\",\"sn\":\"\",\"idxP\":74},{\"mq\":\"Lavo\",\"nm\":\"Eau de javel 6%\",\"nme\":\"Liquid Bleach 6%\",\"attr\":\"\",\"sku\":\"35457\",\"l2\":\"Lessive\",\"sl\":\"eau-de-javel-6-lavo-35457\",\"sn\":\"\",\"idxP\":100},{\"mq\":\"Lavo\",\"nm\":\"Eau de javel 12%\",\"nme\":\"Liquid Bleach 12%\",\"attr\":\"\",\"sku\":\"35466\",\"l2\":\"Lessive\",\"sl\":\"eau-de-javel-12-lavo-35466\",\"sn\":\"\",\"idxP\":100},{\"mq\":\"Kodiak\",\"nm\":\"Bouteille grand cou avec vaporisateur 32oz\",\"nme\":\"Wide mouth trigger spray bottle 32oz\",\"attr\":\"\",\"sku\":\"39320\",\"l2\":\"Nettoyeur\",\"sl\":\"bouteille-grand-cou-avec-vaporisateur-32oz-kodiak-39320\",\"sn\":\"\",\"idxP\":13},{\"mq\":\"Preference\",\"nm\":\"D\u00E9sinfectant assainisseur pr\u00E9-quat\",\"nme\":\"Disinfectant sanitizer pre-quat\",\"attr\":\"\",\"sku\":\"39321\",\"l2\":\"Nettoyeur\",\"sl\":\"desinfectant-assainisseur-pre-quat-preference-39321\",\"sn\":\"\",\"idxP\":14},{\"mq\":\"Tuff Guy\",\"nm\":\"Sac compostable pour d\u00E9chet organique 16.5x16.5\",\"nme\":\"Compostable Kitchen Organic Bag 17\\\"x16\\\"\",\"attr\":\"\",\"sku\":\"40332\",\"l2\":\"Sac \u00E0 ordure et poubelle\",\"sl\":\"sac-compostable-pour-dechet-organique-16.5x16.5-tuff-guy-40332\",\"sn\":\"biologique\",\"idxP\":92},{\"mq\":\"Tide\",\"nm\":\"D\u00E9tergent \u00E0 lessive HE original 107 brass\u00E9es\",\"nme\":\"HE Original fabric detergent 107 loads\",\"attr\":\"\",\"sku\":\"40887\",\"l2\":\"Lessive\",\"sl\":\"detergent-a-lessive-he-original-107-brassees-tide-40887\",\"sn\":\"\",\"idxP\":10},{\"mq\":\"Tide\",\"nm\":\"D\u00E9tergent \u00E0 lessive HE eau froide original\",\"nme\":\"HE cold water Original fabric detergent\",\"attr\":\"\",\"sku\":\"40892\",\"l2\":\"Lessive\",\"sl\":\"detergent-a-lessive-he-eau-froide-original-tide-40892\",\"sn\":\"\",\"idxP\":10},{\"mq\":\"Dawn\",\"nm\":\"D\u00E9tergent casserole liquide original profesionnel\",\"nme\":\"Professional original liquid pan soap\",\"attr\":\"\",\"sku\":\"40766\",\"l2\":\"Savon \u00E0 vaisselle\",\"sl\":\"detergent-casserole-liquide-original-profesionnel-dawn-40766\",\"sn\":\"commercial\",\"idxP\":44},{\"mq\":\"DawnUltra\",\"nm\":\"Savon \u00E0 vaisselle liquide ultra original\",\"nme\":\"Original ultra liquid dish soap\",\"attr\":\"\",\"sku\":\"01268\",\"l2\":\"Savon \u00E0 vaisselle\",\"sl\":\"savon-a-vaisselle-liquide-ultra-original-dawnultra-01268\",\"sn\":\"\",\"idxP\":41},{\"mq\":\"Cascades\",\"nm\":\"Essuie-tout Tuff enviro jumbo\",\"nme\":\"Tuff enviro jumbo paper towel\",\"attr\":\"\",\"sku\":\"01257\",\"l2\":\"Papier et essuie-tout\",\"sl\":\"essuie-tout-tuff-enviro-jumbo-cascades-01257\",\"sn\":\"\",\"idxP\":50},{\"mq\":\"Feuille d'\u00E9rable\",\"nm\":\"Bois de chauffage 1piedcube Bois franc 100%\",\"nme\":\"Firewood 1 cubic foot Hardwood 100%\",\"attr\":\"\",\"sku\":\"01457\",\"l2\":\"Combustible\",\"sl\":\"bois-de-chauffage-1piedcube-bois-franc-100-feuille-derable-01457\",\"sn\":\"\",\"idxP\":72},{\"mq\":\"Barbex\",\"nm\":\"Granules de fumage 100% bois de ch\u00EAne rouge\",\"nme\":\"Smoking pellets 100% red oak wood\",\"attr\":\"Produit local\",\"sku\":\"40412\",\"l2\":\"Combustible\",\"sl\":\"granules-de-fumage-100-bois-de-chene-rouge-barbex-40412\",\"sn\":\"\",\"idxP\":9},{\"mq\":\"Feuille d'\u00E9rable\",\"nm\":\"Briquette de charbon bois franc\",\"nme\":\"Hardwood charcoal briquette\",\"attr\":\"\",\"sku\":\"01458\",\"l2\":\"Combustible\",\"sl\":\"briquette-de-charbon-bois-franc-feuille-derable-01458\",\"sn\":\"\",\"idxP\":43},{\"mq\":\"Tide\",\"nm\":\"D\u00E9tergent lessive liquide 2xHE original 32brass\u00E9es\",\"nme\":\"Original 2xHE Liquid Laundry Detergent 32loads\",\"attr\":\"\",\"sku\":\"01563\",\"l2\":\"Lessive\",\"sl\":\"detergent-lessive-liquide-2xhe-original-32brassees-tide-01563\",\"sn\":\"\",\"idxP\":-1},{\"mq\":\"Tide\",\"nm\":\"Capsules d\u00E9tergent lessive HE 3en1 Spring Meadow\",\"nme\":\"Spring Meadow HE 3in1 Laundry Detergent pacs\",\"attr\":\"\",\"sku\":\"01575\",\"l2\":\"Lessive\",\"sl\":\"capsules-detergent-lessive-he-3en1-spring-meadow-tide-01575\",\"sn\":\"\",\"idxP\":4},{\"mq\":\"Tide\",\"nm\":\"Capsules d\u00E9tergent lessive HE 3en1 Original\",\"nme\":\"Original HE 3in1 Laundry Detergent pacs\",\"attr\":\"\",\"sku\":\"01576\",\"l2\":\"Lessive\",\"sl\":\"capsules-detergent-lessive-he-3en1-original-tide-01576\",\"sn\":\"\",\"idxP\":7},{\"mq\":\"Olympic\",\"nm\":\"Savon \u00E0 vaiselle liquide citron\",\"nme\":\"Lemon liquid dish soap\",\"attr\":\"\",\"sku\":\"01786\",\"l2\":\"Savon \u00E0 vaisselle\",\"sl\":\"savon-a-vaiselle-liquide-citron-olympic-01786\",\"sn\":\"citrons\",\"idxP\":100},{\"mq\":\"Gain\",\"nm\":\"Feuilles assouplissantes Original 250feuilles\",\"nme\":\"Original dryer sheets 250sheets\",\"attr\":\"\",\"sku\":\"02286\",\"l2\":\"Lessive\",\"sl\":\"feuilles-assouplissantes-original-250feuilles-gain-02286\",\"sn\":\"\",\"idxP\":21},{\"mq\":\"Leolight\",\"nm\":\"Combustible liquide \u00E0 m\u00E8che 6 hrs\",\"nme\":\"Wick Chafing Fuel 6 hrs\",\"attr\":\"\",\"sku\":\"25438\",\"l2\":\"Combustible\",\"sl\":\"combustible-liquide-a-meche-6-hrs-leolight-25438\",\"sn\":\"\",\"idxP\":72},{\"mq\":\"Leolight\",\"nm\":\"Combustible liquide \u00E0 m\u00E8che\",\"nme\":\"Wick Chafing Fuel\",\"attr\":\"\",\"sku\":\"25437\",\"l2\":\"Combustible\",\"sl\":\"combustible-liquide-a-meche-leolight-25437\",\"sn\":\"\",\"idxP\":87},{\"mq\":\"Pine-sol\",\"nm\":\"Nettoyant tout-usage lavande\",\"nme\":\"Lavender all purpose cleaner\",\"attr\":\"\",\"sku\":\"03030\",\"l2\":\"Nettoyeur\",\"sl\":\"nettoyant-tout-usage-lavande-pine-sol-03030\",\"sn\":\"nettoyeur\",\"idxP\":74},{\"mq\":\"Bounty\",\"nm\":\"Essuie-tout simple plus 74 feuilles\",\"nme\":\"Select a size paper towel\",\"attr\":\"\",\"sku\":\"66508\",\"l2\":\"Papier et essuie-tout\",\"sl\":\"essuie-tout-simple-plus-74-feuilles-bounty-66508\",\"sn\":\"\",\"idxP\":0},{\"mq\":\"J.E.T. papers\",\"nm\":\"Papier hygi\u00E9nique 2 pli 600'\",\"nme\":\"2 ply toilet paperb600'\",\"attr\":\"\",\"sku\":\"66855\",\"l2\":\"Papier et essuie-tout\",\"sl\":\"papier-hygienique-2-pli-600-j.e.t.-papers-66855\",\"sn\":\"\",\"idxP\":0},{\"mq\":\"Mayrand Chef\",\"nm\":\"Nettoyant \u00E0 plaque\",\"nme\":\"Grill cleaner\",\"attr\":\"\",\"sku\":\"92095\",\"l2\":\"Nettoyeur\",\"sl\":\"nettoyant-a-plaque-mayrand-chef-92095\",\"sn\":\"nettoyeur\",\"idxP\":97},{\"mq\":\"J.E.T. Collection\",\"nm\":\"Essuie-main brun 8\\\"x350'\",\"nme\":\"Brown roll hand towel 8\\\"x350'\",\"attr\":\"\",\"sku\":\"67006\",\"l2\":\"Papier et essuie-tout\",\"sl\":\"essuie-main-brun-8x350-j.e.t.-collection-67006\",\"sn\":\"\",\"idxP\":100},{\"mq\":\"J.E.T. Collection\",\"nm\":\"Essuie-main rouleau blanc 8\\\"x350\\\"\",\"nme\":\"8\\\" White Hand Towel Roll\",\"attr\":\"\",\"sku\":\"11163\",\"l2\":\"Papier et essuie-tout\",\"sl\":\"essuie-main-rouleau-blanc-8x350-j.e.t.-collection-11163\",\"sn\":\"\",\"idxP\":43},{\"mq\":\"Downy\",\"nm\":\"Assouplisseur textile fraicheur avril (150br.)\",\"nme\":\"April fresh fabric softener 150 load\",\"attr\":\"\",\"sku\":\"67327\",\"l2\":\"Lessive\",\"sl\":\"assouplisseur-textile-fraicheur-avril-150br.-downy-67327\",\"sn\":\"\",\"idxP\":0},{\"mq\":\"Mayrand Chef\",\"nm\":\"Sac \u00E0 ordure r\u00E9gulier transparent 30\\\"x38\\\"\",\"nme\":\"Regular Clear Garbage Bag 30 po x 38 po\",\"attr\":\"\",\"sku\":\"08725\",\"l2\":\"Sac \u00E0 ordure et poubelle\",\"sl\":\"sac-a-ordure-regulier-transparent-30x38-mayrand-chef-08725\",\"sn\":\"transparent\",\"idxP\":33},{\"mq\":\"J.E.T. Collection\",\"nm\":\"Essuie-main pli simple kraft\",\"nme\":\"Single fold kraft hand paper towel\",\"attr\":\"\",\"sku\":\"67364\",\"l2\":\"Papier et essuie-tout\",\"sl\":\"essuie-main-pli-simple-kraft-j.e.t.-collection-67364\",\"sn\":\"\",\"idxP\":0},{\"mq\":\"J.E.T\",\"nm\":\"Papier Hygi\u00E9nique 420 feuilles\",\"nme\":\"420 Sheets Bathroom Tissue\",\"attr\":\"\",\"sku\":\"67337\",\"l2\":\"Papier et essuie-tout\",\"sl\":\"papier-hygienique-420-feuilles-j.e.t-67337\",\"sn\":\"\",\"idxP\":0},{\"mq\":\"J.E.T. Collection\",\"nm\":\"Essuie-main pli simple blanc\",\"nme\":\"Single fold white hand paper towel\",\"attr\":\"\",\"sku\":\"11379\",\"l2\":\"Papier et essuie-tout\",\"sl\":\"essuie-main-pli-simple-blanc-j.e.t.-collection-11379\",\"sn\":\"\",\"idxP\":0},{\"mq\":\"Leolight\",\"nm\":\"Gel methanol bleu 2,5 h\",\"nme\":\"Methanol Blue Gel 2.5 hrs\",\"attr\":\"\",\"sku\":\"25471\",\"l2\":\"Combustible\",\"sl\":\"gel-methanol-bleu-25-h-leolight-25471\",\"sn\":\"\",\"idxP\":60},{\"mq\":\"J.E.T\",\"nm\":\"Chiffon bleu pour service alimentaire\",\"nme\":\"Blue Food Service Rag\",\"attr\":\"\",\"sku\":\"70271\",\"l2\":\"Article d'entretien\",\"sl\":\"chiffon-bleu-pour-service-alimentaire-j.e.t-70271\",\"sn\":\"\",\"idxP\":30},{\"mq\":\"Mayrand CHEF\",\"nm\":\"D\u00E9tergent \u00E0 vaisselle professionel avec pompe\",\"nme\":\"Professonal Dish Detergent With Pump\",\"attr\":\"\",\"sku\":\"67666\",\"l2\":\"Savon \u00E0 vaisselle\",\"sl\":\"detergent-a-vaisselle-professionel-avec-pompe-mayrand-chef-67666\",\"sn\":\"commercial\",\"idxP\":100},{\"mq\":\"Xylo-Carbone\",\"nm\":\"Charbon de bois\",\"nme\":\"Charcoal\",\"attr\":\"\",\"sku\":\"11611\",\"l2\":\"Combustible\",\"sl\":\"charbon-de-bois-xylo-carbone-11611\",\"sn\":\"\",\"idxP\":0},{\"mq\":\"Preference\",\"nm\":\"D\u00E9tergent industriel lave-vaisselle sans chlore\",\"nme\":\"Chlorine Free Industrial Dishwasher Detergent\",\"attr\":\"\",\"sku\":\"70273\",\"l2\":\"Savon \u00E0 vaisselle\",\"sl\":\"detergent-industriel-lave-vaisselle-sans-chlore-preference-70273\",\"sn\":\"\",\"idxP\":42},{\"mq\":\"Preference\",\"nm\":\"Agent de rin\u00E7age lave-vaisselle industriel\",\"nme\":\"Industrial Dishwasher Rince Additive\",\"attr\":\"\",\"sku\":\"70274\",\"l2\":\"Savon \u00E0 vaisselle\",\"sl\":\"agent-de-rincage-lave-vaisselle-industriel-preference-70274\",\"sn\":\"\",\"idxP\":0},{\"mq\":\"J.E.T. Collection\",\"nm\":\"Essuie-main papier brun 12x600'\",\"nme\":\"12x600' Brown Hand Towel\",\"attr\":\"\",\"sku\":\"68109\",\"l2\":\"Papier et essuie-tout\",\"sl\":\"essuie-main-papier-brun-12x600-j.e.t.-collection-68109\",\"sn\":\"\",\"idxP\":0}], [{\"mq\":\"J.E.T. Collection\",\"nm\":\"Essuie-main papier blanc12x600'\",\"nme\":\"12x600' White Hand Towel\",\"attr\":\"\",\"sku\":\"12054\",\"l2\":\"Papier et essuie-tout\",\"sl\":\"essuie-main-papier-blanc12x600-j.e.t.-collection-12054\",\"sn\":\"\",\"idxP\":0},{\"mq\":\"Scotties\",\"nm\":\"Mouchoirs blancs 3 \u00E9paisseurs\",\"nme\":\"3 Ply White Facial Tissues\",\"attr\":\"\",\"sku\":\"68149\",\"l2\":\"Papier et essuie-tout\",\"sl\":\"mouchoirs-blancs-3-epaisseurs-scotties-68149\",\"sn\":\"\",\"idxP\":0},{\"mq\":\"Grampa Willies\",\"nm\":\"Bois d'allumage 0.3 pi.cu.\",\"nme\":\"Kindling wood 0.3 cu. ft\",\"attr\":\"\",\"sku\":\"12143\",\"l2\":\"Combustible\",\"sl\":\"bois-dallumage-0.3-pi.cu.-grampa-willies-12143\",\"sn\":\"\",\"idxP\":0},{\"mq\":\"Grampa Willies\",\"nm\":\"Bois de chauffage 0.75 pi.cu.\",\"nme\":\"Fire Wood 0.75 cu. ft\",\"attr\":\"\",\"sku\":\"12144\",\"l2\":\"Combustible\",\"sl\":\"bois-de-chauffage-0.75-pi.cu.-grampa-willies-12144\",\"sn\":\"\",\"idxP\":0},{\"mq\":\"Grampa Willies\",\"nm\":\"Allume-feu en cubes\",\"nme\":\"Fire Starter Cubes\",\"attr\":\"\",\"sku\":\"12148\",\"l2\":\"Combustible\",\"sl\":\"allume-feu-en-cubes-grampa-willies-12148\",\"sn\":\"\",\"idxP\":0},{\"mq\":\"Leolight\",\"nm\":\"Chandelle paraffine blanche 15hrs\",\"nme\":\"White Votive Candle 15hrs\",\"attr\":\"\",\"sku\":\"12281\",\"l2\":\"Combustible\",\"sl\":\"chandelle-paraffine-blanche-15hrs-leolight-12281\",\"sn\":\"bougie, chandelle\",\"idxP\":0},{\"mq\":\"Sponge Towels\",\"nm\":\"Essuie-tout ultra 3=6\",\"nme\":\"3=6 Ultra Paper Towels\",\"attr\":\"\",\"sku\":\"68368\",\"l2\":\"Papier et essuie-tout\",\"sl\":\"essuie-tout-ultra-36-sponge-towels-68368\",\"sn\":\"\",\"idxP\":0},{\"mq\":\"Sponge Towels\",\"nm\":\"Essuie-tout ultra 6=12\",\"nme\":\"6=12 Ultra Paper Towels\",\"attr\":\"\",\"sku\":\"68367\",\"l2\":\"Papier et essuie-tout\",\"sl\":\"essuie-tout-ultra-612-sponge-towels-68367\",\"sn\":\"\",\"idxP\":0},{\"mq\":\"Cashmere\",\"nm\":\"Papier hygi\u00E9nique triple 363 feuilles\",\"nme\":\"363 Sheets Triple Ply Toilet Paper\",\"attr\":\"\",\"sku\":\"68370\",\"l2\":\"Papier et essuie-tout\",\"sl\":\"papier-hygienique-triple-363-feuilles-cashmere-68370\",\"sn\":\"bathroom, hygienic\",\"idxP\":0},{\"mq\":\"Cashmere\",\"nm\":\"Papier hygi\u00E9nique double 242 feuilles\",\"nme\":\"242 Sheets Double Ply Toilet Paper\",\"attr\":\"\",\"sku\":\"68369\",\"l2\":\"Papier et essuie-tout\",\"sl\":\"papier-hygienique-double-242-feuilles-cashmere-68369\",\"sn\":\"bathroom, hygienic\",\"idxP\":0},{\"mq\":\"Martin\",\"nm\":\"Bonbonne de butane\",\"nme\":\"Butane Canister\",\"attr\":\"\",\"sku\":\"12468\",\"l2\":\"Combustible\",\"sl\":\"bonbonne-de-butane-martin-12468\",\"sn\":\"\",\"idxP\":0},{\"mq\":\"Old Dutch\",\"nm\":\"D\u00E9tergent liquide \u00E0 lessive fra\u00EEcheur d'\u00E9t\u00E9\",\"nme\":\"Liquid Laundry Detergent 4 L\",\"attr\":\"\",\"sku\":\"22932\",\"l2\":\"Lessive\",\"sl\":\"detergent-liquide-a-lessive-fraicheur-dete-22932\",\"sn\":\"\",\"idxP\":33},{\"mq\":\"Old Dutch\",\"nm\":\"D\u00E9tergent liquide \u00E0 lessive brise matinale\",\"nme\":\"Liquid Laundry Detergent 4 L\",\"attr\":\"\",\"sku\":\"22933\",\"l2\":\"Lessive\",\"sl\":\"detergent-liquide-a-lessive-brise-matinale-22933\",\"sn\":\"\",\"idxP\":33},{\"mq\":\"Mayrand Chef\",\"nm\":\"Nettoyant tout usage\",\"nme\":\"All Purpose Cleaner\",\"attr\":\"\",\"sku\":\"12600\",\"l2\":\"Nettoyeur\",\"sl\":\"nettoyant-tout-usage-12600\",\"sn\":\"nettoyeur\",\"idxP\":33},{\"mq\":\"Mayrand Chef\",\"nm\":\"Nettoyant \u00E0 vitre parfum\u00E9\",\"nme\":\"Scented Glass Cleaner\",\"attr\":\"\",\"sku\":\"12601\",\"l2\":\"Nettoyeur\",\"sl\":\"nettoyant-a-vitre-parfume-12601\",\"sn\":\"nettoyeur\",\"idxP\":33},{\"mq\":\"Mayrand Chef\",\"nm\":\"Savon \u00E0 mains avec triclosan\",\"nme\":\"Hand Soap with Triclosan\",\"attr\":\"\",\"sku\":\"12602\",\"l2\":\"Nettoyeur\",\"sl\":\"savon-a-mains-avec-triclosan-12602\",\"sn\":\"\",\"idxP\":33},{\"mq\":\"Mayrand Chef\",\"nm\":\"D\u00E9tergent \u00E0 vaisselle au citron\",\"nme\":\"Lemon Dish Soap\",\"attr\":\"\",\"sku\":\"12603\",\"l2\":\"Savon \u00E0 vaisselle\",\"sl\":\"detergent-a-vaisselle-au-citron-12603\",\"sn\":\"citrons\",\"idxP\":33},{\"mq\":\"MiMi\",\"nm\":\"Papier mouchoir de poche 2 plis\",\"nme\":\"2 Ply Pocket Facial Tissues\",\"attr\":\"\",\"sku\":\"12676\",\"l2\":\"Papier et essuie-tout\",\"sl\":\"papier-mouchoir-de-poche-2-plis-12676\",\"sn\":\"\",\"idxP\":0},{\"mq\":\"La Parisienne\",\"nm\":\"D\u00E9tergent lessive Inspira 200 brass\u00E9es\",\"nme\":\"200 Loads Inspira Laundry Detergent\",\"attr\":\"\",\"sku\":\"68708\",\"l2\":\"Lessive\",\"sl\":\"detergent-lessive-inspira-200-brassees-68708\",\"sn\":\"\",\"idxP\":33},{\"mq\":\"Cuisinart\",\"nm\":\"Grattoir plaque cuisson robuste\",\"nme\":\"Heavy Duty Griddle Scraper\",\"attr\":\"\",\"sku\":\"12738\",\"l2\":\"Article d'entretien\",\"sl\":\"grattoir-plaque-cuisson-robuste-12738\",\"sn\":\"\",\"idxP\":0},{\"mq\":\"Cascades\",\"nm\":\"Papier hygi\u00E9nique Fluff Excellence\",\"nme\":\"Fluff Excellence Toilet Paper\",\"attr\":\"\",\"sku\":\"12860\",\"l2\":\"Papier et essuie-tout\",\"sl\":\"papier-hygienique-fluff-excellence-12860\",\"sn\":\"bathroom, hygienic\",\"idxP\":0},{\"mq\":\"Victoria\",\"nm\":\"Tampon \u00E0 r\u00E9curer maille\",\"nme\":\"Chainmail Scrubber\",\"attr\":\"\",\"sku\":\"12950\",\"l2\":\"Article d'entretien\",\"sl\":\"tampon-a-recurer-maille-12950\",\"sn\":\"\",\"idxP\":0},{\"mq\":\"Joseph Joseph\",\"nm\":\"Recharge \u00E9ponge\",\"nme\":\"Sponge Refill\",\"attr\":\"\",\"sku\":\"12957\",\"l2\":\"Article d'entretien\",\"sl\":\"recharge-eponge-12957\",\"sn\":\"\",\"idxP\":0},{\"mq\":\"Joseph Joseph\",\"nm\":\"Porte essuie-tout\",\"nme\":\"Kitchen Roll Holder\",\"attr\":\"\",\"sku\":\"12961\",\"l2\":\"Article d'entretien\",\"sl\":\"porte-essuie-tout-12961\",\"sn\":\"\",\"idxP\":0},{\"mq\":\"Old Dutch\",\"nm\":\"Assouplisseur fra\u00EEcheur printemps\",\"nme\":\"Spring Freshness Fabric Softener\",\"attr\":\"\",\"sku\":\"68756\",\"l2\":\"Lessive\",\"sl\":\"assouplisseur-fraicheur-printemps-68756\",\"sn\":\"\",\"idxP\":0},{\"mq\":\"Cashmere\",\"nm\":\"Papier hygi\u00E9nique 3 plis\",\"nme\":\"3 Ply Toilet Paper\",\"attr\":\"\",\"sku\":\"13110\",\"l2\":\"Papier et essuie-tout\",\"sl\":\"papier-hygienique-3-plis-13110\",\"sn\":\"bathroom, hygienic\",\"idxP\":0},{\"mq\":\"Titan\",\"nm\":\"Poubelle grise 20G\\\/75L\",\"nme\":\"20G\\\/75L Grey Waste Bin\",\"attr\":\"\",\"sku\":\"13416\",\"l2\":\"Sac \u00E0 ordure et poubelle\",\"sl\":\"poubelle-grise-20g75l-13416\",\"sn\":\"\",\"idxP\":0},{\"mq\":\"Titan\",\"nm\":\"Poubelle grise 32G\\\/121L\",\"nme\":\"32G\\\/121L Grey Waste Bin\",\"attr\":\"\",\"sku\":\"13417\",\"l2\":\"Sac \u00E0 ordure et poubelle\",\"sl\":\"poubelle-grise-32g121l-13417\",\"sn\":\"\",\"idxP\":0},{\"mq\":\"Titan\",\"nm\":\"Couvercle poubelle grise 20G\\\/75L\",\"nme\":\"20G\\\/75L Grey Waste Bin Lid\",\"attr\":\"\",\"sku\":\"13419\",\"l2\":\"Sac \u00E0 ordure et poubelle\",\"sl\":\"couvercle-poubelle-grise-20g75l-13419\",\"sn\":\"\",\"idxP\":0},{\"mq\":\"Titan\",\"nm\":\"Couvercle poubelle grise 32G\\\/121L\",\"nme\":\"32G\\\/121L Grey Waste Bin Lid\",\"attr\":\"\",\"sku\":\"13421\",\"l2\":\"Sac \u00E0 ordure et poubelle\",\"sl\":\"couvercle-poubelle-grise-32g121l-13421\",\"sn\":\"\",\"idxP\":0},{\"mq\":\"Grizzly\",\"nm\":\"Seau jaune avec essoreuse 30L\",\"nme\":\"30L Yellow Side-Press Bucket\",\"attr\":\"\",\"sku\":\"13422\",\"l2\":\"Article d'entretien\",\"sl\":\"seau-jaune-avec-essoreuse-30l-13422\",\"sn\":\"\",\"idxP\":0},{\"mq\":\"Junior\",\"nm\":\"Seau jaune avec essoreuse 20L\",\"nme\":\"20L Yellow Side-Press Bucket\",\"attr\":\"\",\"sku\":\"13424\",\"l2\":\"Article d'entretien\",\"sl\":\"seau-jaune-avec-essoreuse-20l-13424\",\"sn\":\"\",\"idxP\":0},{\"nm\":\"Seau jaune avec essoreuse 24.5L\",\"nme\":\"24.5L Yellow Side-Press Bucket\",\"attr\":\"\",\"sku\":\"13428\",\"l2\":\"Article d'entretien\",\"sl\":\"seau-jaune-avec-essoreuse-245l-13428\",\"sn\":\"\",\"idxP\":0},{\"mq\":\"Galaxy\",\"nm\":\"Balai et porte-poussi\u00E8re\",\"nme\":\"Broom and Dust Pan\",\"attr\":\"\",\"sku\":\"13431\",\"l2\":\"Article d'entretien\",\"sl\":\"balai-et-porte-poussiere-13431\",\"sn\":\"\",\"idxP\":0},{\"nm\":\"Balai et porte-poussi\u00E8re rouge\",\"nme\":\"Red Broom and Dust Pan\",\"attr\":\"\",\"sku\":\"13433\",\"l2\":\"Article d'entretien\",\"sl\":\"balai-et-porte-poussiere-rouge-13433\",\"sn\":\"\",\"idxP\":0},{\"nm\":\"Porte-poussi\u00E8re noir 12\\\"\",\"nme\":\"12\\\" Black Dust Pan\",\"attr\":\"\",\"sku\":\"13434\",\"l2\":\"Article d'entretien\",\"sl\":\"porte-poussiere-noir-12-13434\",\"sn\":\"\",\"idxP\":0},{\"mq\":\"Synray\",\"nm\":\"Vadrouille t\u00EAte 16oz\",\"nme\":\"16oz Wet Mop\",\"attr\":\"\",\"sku\":\"13437\",\"l2\":\"Article d'entretien\",\"sl\":\"vadrouille-tete-16oz-13437\",\"sn\":\"serpilli\u00E8re\",\"idxP\":0},{\"mq\":\"Synray\",\"nm\":\"Vadrouille t\u00EAte 20oz\",\"nme\":\"20oz Wet Mop\",\"attr\":\"\",\"sku\":\"13441\",\"l2\":\"Article d'entretien\",\"sl\":\"vadrouille-tete-20oz-13441\",\"sn\":\"serpilli\u00E8re\",\"idxP\":0},{\"mq\":\"Synray\",\"nm\":\"Vadrouille t\u00EAte 24oz\",\"nme\":\"24oz Wet Mop\",\"attr\":\"\",\"sku\":\"13442\",\"l2\":\"Article d'entretien\",\"sl\":\"vadrouille-tete-24oz-13442\",\"sn\":\"serpilli\u00E8re\",\"idxP\":0},{\"mq\":\"Synray\",\"nm\":\"Vadrouille t\u00EAte 32oz\",\"nme\":\"32oz Wet Mop\",\"attr\":\"\",\"sku\":\"13443\",\"l2\":\"Article d'entretien\",\"sl\":\"vadrouille-tete-32oz-13443\",\"sn\":\"serpilli\u00E8re\",\"idxP\":0},{\"mq\":\"Synray\",\"nm\":\"Vadrouille yacht manche bois 8oz\",\"nme\":\"8oz Wooden Handle Yacht Mop\",\"attr\":\"\",\"sku\":\"13444\",\"l2\":\"Article d'entretien\",\"sl\":\"vadrouille-yacht-manche-bois-8oz-13444\",\"sn\":\"serpilli\u00E8re\",\"idxP\":0},{\"mq\":\"Synray\",\"nm\":\"Vadrouille yacht manche bois 12oz\",\"nme\":\"12oz Wooden Handle Yacht Mop\",\"attr\":\"\",\"sku\":\"13445\",\"l2\":\"Article d'entretien\",\"sl\":\"vadrouille-yacht-manche-bois-12oz-13445\",\"sn\":\"serpilli\u00E8re\",\"idxP\":0},{\"mq\":\"Synray\",\"nm\":\"Vadrouille yacht manche bois 16oz\",\"nme\":\"16oz Wooden Handle Yacht Mop\",\"attr\":\"\",\"sku\":\"13446\",\"l2\":\"Article d'entretien\",\"sl\":\"vadrouille-yacht-manche-bois-16oz-13446\",\"sn\":\"serpilli\u00E8re\",\"idxP\":0},{\"mq\":\"Synray\",\"nm\":\"Vadrouille yacht manche bois 20oz\",\"nme\":\"20oz Wooden Handle Yacht Mop\",\"attr\":\"\",\"sku\":\"13447\",\"l2\":\"Article d'entretien\",\"sl\":\"vadrouille-yacht-manche-bois-20oz-13447\",\"sn\":\"serpilli\u00E8re\",\"idxP\":0},{\"mq\":\"Snap-2-Go\",\"nm\":\"Manche vadrouille fibre verre 60\\\"\",\"nme\":\"60\\\" Fiberglass Mop Handle\",\"attr\":\"\",\"sku\":\"13448\",\"l2\":\"Article d'entretien\",\"sl\":\"manche-vadrouille-fibre-verre-60-13448\",\"sn\":\"serpilli\u00E8re\",\"idxP\":0},{\"mq\":\"ProMop\",\"nm\":\"Vadrouille moyenne manche m\u00E9tal bleu\",\"nme\":\"Medium Blue Metal Handle Mop\",\"attr\":\"\",\"sku\":\"13450\",\"l2\":\"Article d'entretien\",\"sl\":\"vadrouille-moyenne-manche-metal-bleu-13450\",\"sn\":\"serpilli\u00E8re\",\"idxP\":0},{\"mq\":\"Static-H\",\"nm\":\"Vadrouille poussi\u00E8re bleue 36\\\"\",\"nme\":\"36\\\" Blue Dust Mop\",\"attr\":\"\",\"sku\":\"13452\",\"l2\":\"Article d'entretien\",\"sl\":\"vadrouille-poussiere-bleue-36-13452\",\"sn\":\"serpilli\u00E8re\",\"idxP\":0},{\"mq\":\"G-Stat\",\"nm\":\"Vadrouille poussi\u00E8re bleue 36\\\"\",\"nme\":\"36\\\" Blue Dust Mop\",\"attr\":\"\",\"sku\":\"13454\",\"l2\":\"Article d'entretien\",\"sl\":\"vadrouille-poussiere-bleue-36-13454\",\"sn\":\"serpilli\u00E8re\",\"idxP\":0},{\"mq\":\"Cotton-Pro\",\"nm\":\"Vadrouille poussi\u00E8re universelle coton 36\\\"\",\"nme\":\"36\\\" Universal Cotton Dust Mop\",\"attr\":\"\",\"sku\":\"13461\",\"l2\":\"Article d'entretien\",\"sl\":\"vadrouille-poussiere-universelle-coton-36-13461\",\"sn\":\"serpilli\u00E8re\",\"idxP\":0},{\"nm\":\"Balai racle manche m\u00E9tal 24\\\"\",\"nme\":\"24\\\" Metal Handle Squeegee Push Broom\",\"attr\":\"\",\"sku\":\"13464\",\"l2\":\"Article d'entretien\",\"sl\":\"balai-racle-manche-metal-24-13464\",\"sn\":\"\",\"idxP\":0},{\"mq\":\"Hercules\",\"nm\":\"Balai angle manche m\u00E9tal 16\\\"\",\"nme\":\"16\\\" Metal Handle Angle Broom\",\"attr\":\"\",\"sku\":\"13466\",\"l2\":\"Article d'entretien\",\"sl\":\"balai-angle-manche-metal-16-13466\",\"sn\":\"\",\"idxP\":0},{\"nm\":\"Balai angle manche m\u00E9tal 13\\\"\",\"nme\":\"13\\\" Metal Handle Angle Broom\",\"attr\":\"\",\"sku\":\"13467\",\"l2\":\"Article d'entretien\",\"sl\":\"balai-angle-manche-metal-13-13467\",\"sn\":\"\",\"idxP\":0},{\"mq\":\"Mars\",\"nm\":\"Balai angle manche m\u00E9tal porte-poussi\u00E8re 10\\\"\",\"nme\":\"10\\\" Metal Handle Angle Broom with Dust Pan\",\"attr\":\"\",\"sku\":\"13469\",\"l2\":\"Article d'entretien\",\"sl\":\"balai-angle-manche-metal-porte-poussiere-10-13469\",\"sn\":\"\",\"idxP\":0},{\"mq\":\"Venus\",\"nm\":\"Balai large courb\u00E9 manche m\u00E9tal 48\\\"\",\"nme\":\"48\\\" Metal Handle Large Curved Broom\",\"attr\":\"\",\"sku\":\"13470\",\"l2\":\"Article d'entretien\",\"sl\":\"balai-large-courbe-manche-metal-48-13470\",\"sn\":\"\",\"idxP\":0},{\"mq\":\"Pluto\",\"nm\":\"Balai large plat manche m\u00E9tal 48\\\"\",\"nme\":\"48\\\" Metal Handle Large Flat Broom\",\"attr\":\"\",\"sku\":\"13471\",\"l2\":\"Article d'entretien\",\"sl\":\"balai-large-plat-manche-metal-48-13471\",\"sn\":\"\",\"idxP\":0},{\"mq\":\"Cupid\",\"nm\":\"Balai petit manche m\u00E9tal 48\\\"\",\"nme\":\"48\\\" Metal Handle Small Broom\",\"attr\":\"\",\"sku\":\"13472\",\"l2\":\"Article d'entretien\",\"sl\":\"balai-petit-manche-metal-48-13472\",\"sn\":\"\",\"idxP\":0},{\"nm\":\"Brosse BBQ grattoir 20\\\"\",\"nme\":\"20\\\" BBQ Brush with Scraper\",\"attr\":\"\",\"sku\":\"13473\",\"l2\":\"Article d'entretien\",\"sl\":\"brosse-bbq-grattoir-20-13473\",\"sn\":\"\",\"idxP\":0},{\"nm\":\"Brosse m\u00E9tallique grattoir manche plastique 12\\\"\",\"nme\":\"12\\\" Plastic Handle Wire Scratch Brush\",\"attr\":\"\",\"sku\":\"13474\",\"l2\":\"Article d'entretien\",\"sl\":\"brosse-metallique-grattoir-manche-plastique-12-13474\",\"sn\":\"\",\"idxP\":0},{\"mq\":\"Sani-Pro\",\"nm\":\"Linge micro-fibre vert 16x16\\\" 240 GSM\",\"nme\":\"16x16\\\" 240 GSM Green Microfiber Cloth\",\"attr\":\"\",\"sku\":\"13478\",\"l2\":\"Article d'entretien\",\"sl\":\"linge-micro-fibre-vert-16x16-240-gsm-13478\",\"sn\":\"\",\"idxP\":0},{\"mq\":\"Sani-Pro\",\"nm\":\"Linge micro-fibre bleu 14x14\\\" 240 GSM\",\"nme\":\"14x14\\\" 240 GSM Blue Microfiber Cloth\",\"attr\":\"\",\"sku\":\"13479\",\"l2\":\"Article d'entretien\",\"sl\":\"linge-micro-fibre-bleu-14x14-240-gsm-13479\",\"sn\":\"\",\"idxP\":0},{\"mq\":\"Sani-Pro\",\"nm\":\"Linge micro-fibre vert 14x14\\\" 240 GSM\",\"nme\":\"14x14\\\" 240 GSM Green Microfiber Cloth\",\"attr\":\"\",\"sku\":\"13480\",\"l2\":\"Article d'entretien\",\"sl\":\"linge-micro-fibre-vert-14x14-240-gsm-13480\",\"sn\":\"\",\"idxP\":0},{\"mq\":\"Sani-Pro\",\"nm\":\"Linge micro-fibre rouge 14x14\\\" 240 GSM\",\"nme\":\"14x14\\\" 240 GSM Red Microfiber Cloth\",\"attr\":\"\",\"sku\":\"13487\",\"l2\":\"Article d'entretien\",\"sl\":\"linge-micro-fibre-rouge-14x14-240-gsm-13487\",\"sn\":\"\",\"idxP\":0},{\"mq\":\"Sani-Pro\",\"nm\":\"Linge micro-fibre jaune 14x14\\\" 240 GSM\",\"nme\":\"14x14\\\" 240 GSM Yellow Microfiber Cloth\",\"attr\":\"\",\"sku\":\"13489\",\"l2\":\"Article d'entretien\",\"sl\":\"linge-micro-fibre-jaune-14x14-240-gsm-13489\",\"sn\":\"\",\"idxP\":0},{\"mq\":\"Sani-Pro\",\"nm\":\"Linge micro-fibre fen\u00EAtre bleu 14x14\\\" 320 GSM\",\"nme\":\"14x14\\\" 240 GSM Blue Window Microfiber Cloth\",\"attr\":\"\",\"sku\":\"13491\",\"l2\":\"Article d'entretien\",\"sl\":\"linge-micro-fibre-fenetre-bleu-14x14-320-gsm-13491\",\"sn\":\"\",\"idxP\":0},{\"nm\":\"Raclette pare-brise manche bois 10\\\"x24\\\"\",\"nme\":\"10\\\"x24\\\" Wooden Handle Windshield Squeegee\",\"attr\":\"\",\"sku\":\"13492\",\"l2\":\"Article d'entretien\",\"sl\":\"raclette-pare-brise-manche-bois-10x24-13492\",\"sn\":\"\",\"idxP\":0},{\"nm\":\"Tampon r\u00E9curer vert qualit\u00E9 sup\u00E9rieure\",\"nme\":\"Quality Green Scouring Pad\",\"attr\":\"\",\"sku\":\"13497\",\"l2\":\"Article d'entretien\",\"sl\":\"tampon-recurer-vert-qualite-superieure-13497\",\"sn\":\"\",\"idxP\":0},{\"nm\":\"\u00C9ponge avec tampon r\u00E9curer vert\",\"nme\":\"Sponge with Green Scouring Pad\",\"attr\":\"\",\"sku\":\"13498\",\"l2\":\"Article d'entretien\",\"sl\":\"eponge-avec-tampon-recurer-vert-13498\",\"sn\":\"\",\"idxP\":0},{\"nm\":\"\u00C9ponge effaceur\",\"nme\":\"Eraser Sponge\",\"attr\":\"\",\"sku\":\"13499\",\"l2\":\"Article d'entretien\",\"sl\":\"eponge-effaceur-13499\",\"sn\":\"\",\"idxP\":0},{\"nm\":\"\u00C9ponge effaceur paquet\",\"nme\":\"Eraser Sponge Pack\",\"attr\":\"\",\"sku\":\"13501\",\"l2\":\"Article d'entretien\",\"sl\":\"eponge-effaceur-paquet-13501\",\"sn\":\"\",\"idxP\":0},{\"mq\":\"Scour-Puff\",\"nm\":\"Tampon r\u00E9curer acier inoxydable\",\"nme\":\"Stainless Steel Scouring Pad\",\"attr\":\"\",\"sku\":\"13502\",\"l2\":\"Article d'entretien\",\"sl\":\"tampon-recurer-acier-inoxydable-13502\",\"sn\":\"\",\"idxP\":0},{\"mq\":\"Air-Mist\",\"nm\":\"Distributeur d\u00E9sodorisant a\u00E9rosol\",\"nme\":\"Aerosol Deodorizer Dispenser\",\"attr\":\"\",\"sku\":\"13503\",\"l2\":\"Purificateur et d\u00E9sodorisant\",\"sl\":\"distributeur-desodorisant-aerosol-13503\",\"sn\":\"\",\"idxP\":0},{\"mq\":\"Air-Mist\",\"nm\":\"Recharge d\u00E9sodorisant a\u00E9rosol Matin Oc\u00E9an\",\"nme\":\"Ocean Morning Aerosol Deodorizer Refill\",\"attr\":\"\",\"sku\":\"13508\",\"l2\":\"Purificateur et d\u00E9sodorisant\",\"sl\":\"recharge-desodorisant-aerosol-matin-ocean-13508\",\"sn\":\"\",\"idxP\":0},{\"mq\":\"Wave\",\"nm\":\"Tamis urinoir pomme \u00E9pic\u00E9e\",\"nme\":\"Spiced Apple Urinal Screen\",\"attr\":\"\",\"sku\":\"13511\",\"l2\":\"Purificateur et d\u00E9sodorisant\",\"sl\":\"tamis-urinoir-pomme-epicee-13511\",\"sn\":\"apples, pommes\",\"idxP\":0},{\"mq\":\"360 Degree\",\"nm\":\"Ensemble d\u00E9poussi\u00E8rage 5 recharges\",\"nme\":\"5 Refills Disposable Duster Kit\",\"attr\":\"\",\"sku\":\"13512\",\"l2\":\"Article d'entretien\",\"sl\":\"ensemble-depoussierage-5-recharges-13512\",\"sn\":\"\",\"idxP\":0},{\"mq\":\"Static Sweeper\",\"nm\":\"Ensemble d\u00E9poussi\u00E8rage plancher 5 recharges\",\"nme\":\"5 Refills Disposable Floor Duster Kit\",\"attr\":\"\",\"sku\":\"13513\",\"l2\":\"Article d'entretien\",\"sl\":\"ensemble-depoussierage-plancher-5-recharges-13513\",\"sn\":\"\",\"idxP\":0},{\"nm\":\"Pelle \u00E0 liti\u00E8re\",\"nme\":\"Litter Picker\",\"attr\":\"\",\"sku\":\"13514\",\"l2\":\"Article d'entretien\",\"sl\":\"pelle-a-litiere-13514\",\"sn\":\"\",\"idxP\":0},{\"mq\":\"Dura-Blend\",\"nm\":\"Vadrouille t\u00EAte 20oz\",\"nme\":\"20oz Wet Mop\",\"attr\":\"\",\"sku\":\"13519\",\"l2\":\"Article d'entretien\",\"sl\":\"vadrouille-tete-20oz-13519\",\"sn\":\"serpilli\u00E8re\",\"idxP\":0},{\"mq\":\"Synray\",\"nm\":\"Vadrouille t\u00EAte manche m\u00E9tal 20oz\",\"nme\":\"20oz Metal Handle Wet Mop\",\"attr\":\"\",\"sku\":\"13524\",\"l2\":\"Article d'entretien\",\"sl\":\"vadrouille-tete-manche-metal-20oz-13524\",\"sn\":\"serpilli\u00E8re\",\"idxP\":0},{\"mq\":\"Synray\",\"nm\":\"Vadrouille t\u00EAte manche m\u00E9tal 24oz\",\"nme\":\"24oz Metal Handle Wet Mop\",\"attr\":\"\",\"sku\":\"13525\",\"l2\":\"Article d'entretien\",\"sl\":\"vadrouille-tete-manche-metal-24oz-13525\",\"sn\":\"serpilli\u00E8re\",\"idxP\":0},{\"nm\":\"Balai poussi\u00E8re manche\",\"nme\":\"Dust Mop with Handle\",\"attr\":\"\",\"sku\":\"13526\",\"l2\":\"Article d'entretien\",\"sl\":\"balai-poussiere-manche-13526\",\"sn\":\"serpilli\u00E8re\",\"idxP\":0},{\"nm\":\"Brosse blanche 20\\\"\",\"nme\":\"20\\\" White Brush\",\"attr\":\"\",\"sku\":\"13527\",\"l2\":\"Article d'entretien\",\"sl\":\"brosse-blanche-20-13527\",\"sn\":\"\",\"idxP\":0},{\"nm\":\"Brosse bleue 9\\\"\",\"nme\":\"9\\\" Blue Brush\",\"attr\":\"\",\"sku\":\"13528\",\"l2\":\"Article d'entretien\",\"sl\":\"brosse-bleue-9-13528\",\"sn\":\"\",\"idxP\":0},{\"nm\":\"Brosse vaisselle\",\"nme\":\"Dish Brush\",\"attr\":\"\",\"sku\":\"13529\",\"l2\":\"Article d'entretien\",\"sl\":\"brosse-vaisselle-13529\",\"sn\":\"\",\"idxP\":0},{\"mq\":\"Titan\",\"nm\":\"Poubelle grise 32G\\\/121L couvercle entonnoir\",\"nme\":\"Funnel Lid 32G\\\/121L Grey Waste Bin\",\"attr\":\"\",\"sku\":\"14100\",\"l2\":\"Sac \u00E0 ordure et poubelle\",\"sl\":\"poubelle-grise-32g121l-couvercle-entonnoir-14100\",\"sn\":\"\",\"idxP\":0},{\"mq\":\"Fromagerie de l'Isle\",\"nm\":\"Fromage Cheval noir de l'Isle meule\",\"nme\":\"Cheval Noir de l'Isle Cheese Wheel\",\"attr\":\"Produit local\",\"sku\":\"25092\",\"l2\":\"Fromage\",\"sl\":\"fromage-cheval-noir-de-lisle-meule-fromagerie-de-lisle-25092\",\"sn\":\"\",\"idxP\":1},{\"mq\":\"Fromagerie de l'Isle\",\"nm\":\"Fromage Cur\u00E9 Quertier de l'Isle meule\",\"nme\":\"Cur\u00E9 Quertier de l'Isle Cheese Wheel\",\"attr\":\"Produit local\",\"sku\":\"25094\",\"l2\":\"Fromage\",\"sl\":\"fromage-cure-quertier-de-lisle-meule-fromagerie-de-lisle-25094\",\"sn\":\"\",\"idxP\":3},{\"mq\":\"Fromagerie de l'Isle\",\"nm\":\"La B\u00EAte-\u00E0-S\u00E9guin meule\",\"nme\":\"La B\u00EAte-\u00E0-S\u00E9guin Cheese Wheel\",\"attr\":\"Aliment du Qu\u00E9bec, Produit local\",\"sku\":\"25139\",\"l2\":\"Fromage\",\"sl\":\"la-bete-a-seguin-meule-la-bete-a-seguin-25139\",\"sn\":\"\",\"idxP\":9},{\"mq\":\"Pr\u00E9sident\",\"nm\":\"Fromage bleu Fourme d'Ambert meule\",\"nme\":\"Fourme d'Ambert Blue Cheese Wheel\",\"attr\":\"\",\"sku\":\"25148\",\"l2\":\"Fromage\",\"sl\":\"fromage-bleu-fourme-dambert-meule-president-25148\",\"sn\":\"\",\"idxP\":3},{\"mq\":\"Auricchio\",\"nm\":\"Provolone italien cacciocavallo\",\"nme\":\"Cacciocavallo Italian Provlone\",\"attr\":\"\",\"sku\":\"25388\",\"l2\":\"Fromage\",\"sl\":\"provolone-italien-cacciocavallo-auricchio-25388\",\"sn\":\"\",\"idxP\":4},{\"mq\":\"International Delight\",\"nm\":\"Colorant \u00E0 caf\u00E9 vanille sans gras\",\"nme\":\"Fat Free Vanilla Coffee Whitener\",\"attr\":\"\",\"sku\":\"15671\",\"l2\":\"Cr\u00E8me\",\"sl\":\"colorant-a-cafe-vanille-sans-gras-international-delight-15671\",\"sn\":\"\",\"idxP\":25},{\"mq\":\"Chalifoux\",\"nm\":\"Lait chocolat\",\"nme\":\"Chocolate Milk\",\"attr\":\"\",\"sku\":\"19292\",\"l2\":\"Lait\",\"sl\":\"lait-chocolat-chalifoux-19292\",\"sn\":\"\",\"idxP\":0},{\"mq\":\"International Delight\",\"nm\":\"Colorant \u00E0 caf\u00E9 au noisette\",\"nme\":\"Hazelnut Coffee Whitener\",\"attr\":\"\",\"sku\":\"15676\",\"l2\":\"Cr\u00E8me\",\"sl\":\"colorant-a-cafe-au-noisette-international-delight-15676\",\"sn\":\"\",\"idxP\":28},{\"mq\":\"Gay Lea\",\"nm\":\"Cr\u00E8me fouett\u00E9e a\u00E9rosol\",\"nme\":\"Whipped Cream Spray\",\"attr\":\"\",\"sku\":\"32011\",\"l2\":\"Cr\u00E8me\",\"sl\":\"creme-fouettee-aerosol-gay-lea-32011\",\"sn\":\"\",\"idxP\":99},{\"mq\":\"Gay Lea\",\"nm\":\"Cr\u00E8me fouett\u00E9e a\u00E9rosol\",\"nme\":\"Whipped Cream Spray\",\"attr\":\"\",\"sku\":\"32984\",\"l2\":\"Cr\u00E8me\",\"sl\":\"creme-fouettee-aerosol-gay-lea-32984\",\"sn\":\"\",\"idxP\":95},{\"mq\":\"Gay Lea\",\"nm\":\"Cr\u00E8me fouett\u00E9e noix de coco a\u00E9rosol\",\"nme\":\"Coconut Whipped Cream Spray\",\"attr\":\"\",\"sku\":\"35209\",\"l2\":\"Cr\u00E8me\",\"sl\":\"creme-fouettee-noix-de-coco-aerosol-gay-lea-35209\",\"sn\":\"\",\"idxP\":68},{\"mq\":\"Soya Sensationnel\",\"nm\":\"Boisson soya vanille biologique\",\"nme\":\"Organic vanilla soy beverage\",\"attr\":\"Sans gluten, Biologique, Sans lactose\",\"sku\":\"37706\",\"l2\":\"Boisson v\u00E9g\u00E9tale fraiche\",\"sl\":\"boisson-soya-vanille-biologique-soya-sensationnel-37706\",\"sn\":\"biologique, bio, organic, organique\",\"idxP\":0},{\"mq\":\"Soya Sensationnel\",\"nm\":\"Boisson soya originale biologique\",\"nme\":\"Organic Original Soy Beverage\",\"attr\":\"Sans gluten, Biologique, Sans lactose\",\"sku\":\"36869\",\"l2\":\"Boisson v\u00E9g\u00E9tale fraiche\",\"sl\":\"boisson-soya-originale-biologique-soya-sensationnel-36869\",\"sn\":\"biologique, bio, organic, organique\",\"idxP\":3},{\"mq\":\"Ferme Burnbrae\",\"nm\":\"Oeuf gros blanc poules en libert\u00E9\",\"nme\":\"Large Free Run White Egg\",\"attr\":\"\",\"sku\":\"26197\",\"l2\":\"Oeuf\",\"sl\":\"oeuf-gros-blanc-poules-en-liberte-nutri-oeuf-26197\",\"sn\":\"oeufs\",\"idxP\":93},{\"mq\":\"Saputo\",\"nm\":\"Bocconcini cocktail\",\"nme\":\"Cocktail Bocconcini\",\"attr\":\"Sans gluten, Aliment du Qu\u00E9bec, Produit local\",\"sku\":\"00187\",\"l2\":\"Fromage\",\"sl\":\"bocconcini-cocktail-saputo-00187\",\"sn\":\"boconccini\",\"idxP\":79},{\"mq\":\"Alexis de Portneuf\",\"nm\":\"Fromage brie Brise du Matin en meule\",\"nme\":\"Brise du Matin Brie Cheese Wheel\",\"attr\":\"Produit local\",\"sku\":\"04534\",\"l2\":\"Fromage\",\"sl\":\"fromage-brie-brise-du-matin-en-meule-alexis-de-portneuf-04534\",\"sn\":\"\",\"idxP\":16},{\"mq\":\"Switzerland\",\"nm\":\"Gruy\u00E8re switzerland meule\",\"nme\":\"Gruyere Switzerland Wheel\",\"attr\":\"\",\"sku\":\"00870\",\"l2\":\"Fromage\",\"sl\":\"gruyere-switzerland-meule-switzerland-00870\",\"sn\":\"\",\"idxP\":29},{\"mq\":\"Riviera\",\"nm\":\"Cheddar blanc doux en bloc\",\"nme\":\"Mild White Cheddar Block\",\"attr\":\"Produit local\",\"sku\":\"06549\",\"l2\":\"Fromage\",\"sl\":\"cheddar-blanc-doux-en-bloc-riviera-06549\",\"sn\":\"\",\"idxP\":64},{\"mq\":\"Pr\u00E9sident\",\"nm\":\"Bleu d'Auvergne meule\",\"nme\":\"Blue Cheese from Auvergne Wheel\",\"attr\":\"\",\"sku\":\"07121\",\"l2\":\"Fromage\",\"sl\":\"bleu-dauvergne-meule-president-07121\",\"sn\":\"\",\"idxP\":4},{\"mq\":\"L'Extra\",\"nm\":\"Camembert canadien meule\",\"nme\":\"Canadian Camembert Wheel\",\"attr\":\"Produit local\",\"sku\":\"06380\",\"l2\":\"Fromage\",\"sl\":\"camembert-canadien-meule-lextra-06380\",\"sn\":\"\",\"idxP\":6},{\"mq\":\"Jarlsberg\",\"nm\":\"Fromage Jarlsberg d'Autriche\",\"nme\":\"Jarlsberg Cheese from Austria\",\"attr\":\"\",\"sku\":\"07616\",\"l2\":\"Fromage\",\"sl\":\"fromage-jarlsberg-dautriche-jarlsberg-07616\",\"sn\":\"fromages\",\"idxP\":9},{\"mq\":\"Alexis de Portneuf\",\"nm\":\"Vacherin Alexis de Portneuf meule\",\"nme\":\"Alexis de Portneuf Vacherin Cheese Wheel\",\"attr\":\"Produit local\",\"sku\":\"07818\",\"l2\":\"Fromage\",\"sl\":\"vacherin-alexis-de-portneuf-meule-alexis-de-portneuf-07818\",\"sn\":\"\",\"idxP\":13},{\"mq\":\"\u00CEle aux Grues\",\"nm\":\"Cheddar medium meule\",\"nme\":\"Medium Cheddar Cheese Wheel\",\"attr\":\"Aliment du Qu\u00E9bec, Produit local\",\"sku\":\"07793\",\"l2\":\"Fromage\",\"sl\":\"cheddar-medium-meule-ile-aux-grues-07793\",\"sn\":\"\",\"idxP\":17},{\"mq\":\"Saputo\",\"nm\":\"Mini friulano\",\"nme\":\"Friulano Mini\",\"attr\":\"\",\"sku\":\"09906\",\"l2\":\"Fromage\",\"sl\":\"mini-friulano-saputo-09906\",\"sn\":\"\",\"idxP\":22},{\"mq\":\"Fromagerie Bergeron\",\"nm\":\"Gouda Le classique fum\u00E9 meule\",\"nme\":\"Gouda The classic smoked wheel\",\"attr\":\"Aliment du Qu\u00E9bec, Sans lactose, Produit local\",\"sku\":\"07739\",\"l2\":\"Fromage\",\"sl\":\"gouda-le-classique-fume-meule-fromagerie-bergeron-07739\",\"sn\":\"\",\"idxP\":10},{\"mq\":\"Cambozola\",\"nm\":\"Fromage bleu allemand meule\",\"nme\":\"German Blue Cheese Wheel\",\"attr\":\"\",\"sku\":\"13910\",\"l2\":\"Fromage\",\"sl\":\"fromage-bleu-allemand-meule-cambozola-13910\",\"sn\":\"\",\"idxP\":3},{\"mq\":\"Salerno\",\"nm\":\"Mascarpone\",\"nme\":\"Mascarpone\",\"attr\":\"\",\"sku\":\"16113\",\"l2\":\"Fromage\",\"sl\":\"mascarpone-salerno-16113\",\"sn\":\"\",\"idxP\":78},{\"mq\":\"Tre Stelle\",\"nm\":\"Mascarpone\",\"nme\":\"Mascarpone\",\"attr\":\"\",\"sku\":\"08976\",\"l2\":\"Fromage\",\"sl\":\"mascarpone-tre-stelle-08976\",\"sn\":\"\",\"idxP\":98},{\"mq\":\"Krinos\",\"nm\":\"Fromage feta de lait de brebis\",\"nme\":\"Sheep Milk Feta Cheese\",\"attr\":\"Sans gluten\",\"sku\":\"17055\",\"l2\":\"Fromage\",\"sl\":\"fromage-feta-de-lait-de-brebis-krinos-17055\",\"sn\":\"\",\"idxP\":56},{\"mq\":\"Saputo\",\"nm\":\"Feta\",\"nme\":\"Tradition Feta Cheese\",\"attr\":\"\",\"sku\":\"14801\",\"l2\":\"Fromage\",\"sl\":\"feta-saputo-14801\",\"sn\":\"\",\"idxP\":53},{\"mq\":\"Krinos\",\"nm\":\"Fromage feta dure en d\u00E9s\",\"nme\":\"Hard Feta Cheese Cubes\",\"attr\":\"Sans gluten\",\"sku\":\"17253\",\"l2\":\"Fromage\",\"sl\":\"fromage-feta-dure-en-des-krinos-17253\",\"sn\":\"\",\"idxP\":17},{\"mq\":\"Jarlsberg\",\"nm\":\"Fromage l\u00E9ger Jarlsberg de Norv\u00E8ge coup\u00E9\",\"nme\":\"Lite Jarlsberg Cheese from Norway Cut\",\"attr\":\"\",\"sku\":\"20896\",\"l2\":\"Fromage\",\"sl\":\"fromage-leger-jarlsberg-de-norvege-coupe-jarlsberg-20896\",\"sn\":\"fromages\",\"idxP\":16},{\"mq\":\"Dofino\",\"nm\":\"Gouda\",\"nme\":\"Gouda Cheese\",\"attr\":\"\",\"sku\":\"20304\",\"l2\":\"Fromage\",\"sl\":\"gouda-dofino-20304\",\"sn\":\"\",\"idxP\":36},{\"mq\":\"Saputo\",\"nm\":\"Bocconcini mini canadien\",\"nme\":\"Canadian Bocconcini Mini\",\"attr\":\"Aliment du Qu\u00E9bec, Produit local\",\"sku\":\"23116\",\"l2\":\"Fromage\",\"sl\":\"bocconcini-mini-canadien-saputo-23116\",\"sn\":\"boconccini\",\"idxP\":33},{\"mq\":\"Tre Stelle\",\"nm\":\"Bocconcini m\u00E9daillons en tranches\",\"nme\":\"Bocconcini Sliced Medallions\",\"attr\":\"\",\"sku\":\"16690\",\"l2\":\"Fromage\",\"sl\":\"bocconcini-medaillons-en-tranches-tre-stelle-16690\",\"sn\":\"boconccini\",\"idxP\":38},{\"mq\":\"Oka\",\"nm\":\"Fromage raclette meule\",\"nme\":\"Raclette Cheese Wheel\",\"attr\":\"Sans lactose, Produit local\",\"sku\":\"17866\",\"l2\":\"Fromage\",\"sl\":\"fromage-raclette-meule-oka-17866\",\"sn\":\"fromages\",\"idxP\":18},{\"mq\":\"St-Fid\u00E8le\",\"nm\":\"Fromage suisse canadien meule\",\"nme\":\"Canadian Swiss Cheese Wheel\",\"attr\":\"Sans lactose\",\"sku\":\"22848\",\"l2\":\"Fromage\",\"sl\":\"fromage-suisse-canadien-meule-st-fidele-22848\",\"sn\":\"fromages\",\"idxP\":15},{\"mq\":\"Frico\",\"nm\":\"Fromage edam doux boule entier\",\"nme\":\"Mild Edam Cheese Wheel\",\"attr\":\"\",\"sku\":\"15687\",\"l2\":\"Fromage\",\"sl\":\"fromage-edam-doux-boule-entier-frico-15687\",\"sn\":\"\",\"idxP\":15},{\"mq\":\"Perron\",\"nm\":\"Cheddar blanc extra fort entier\",\"nme\":\"White Extra Strong Cheddar Block\",\"attr\":\"Produit local\",\"sku\":\"22846\",\"l2\":\"Fromage\",\"sl\":\"cheddar-blanc-extra-fort-entier-perron-22846\",\"sn\":\"\",\"idxP\":15},{\"mq\":\"Krinos\",\"nm\":\"Fromage feta grecque\",\"nme\":\"Greek Feta Cheese\",\"attr\":\"Sans gluten\",\"sku\":\"23335\",\"l2\":\"Fromage\",\"sl\":\"fromage-feta-grecque-krinos-23335\",\"sn\":\"\",\"idxP\":42},{\"mq\":\"Riviera\",\"nm\":\"Cheddar marbr\u00E9 doux en bloc\",\"nme\":\"Mild Marbled Cheddar Block\",\"attr\":\"Sans lactose, Produit local\",\"sku\":\"22655\",\"l2\":\"Fromage\",\"sl\":\"cheddar-marbre-doux-en-bloc-riviera-22655\",\"sn\":\"\",\"idxP\":62},{\"mq\":\"Cogruet\",\"nm\":\"Fromage suisse coup\u00E9\",\"nme\":\"Swiss Cheese Cut\",\"attr\":\"Sans lactose\",\"sku\":\"24045\",\"l2\":\"Fromage\",\"sl\":\"fromage-suisse-coupe-cogruet-24045\",\"sn\":\"fromages\",\"idxP\":32},{\"mq\":\"Castello\",\"nm\":\"Fromage bleu gorgonzola meule\",\"nme\":\"Gorgonzola Blue Cheese Wheel\",\"attr\":\"\",\"sku\":\"08490\",\"l2\":\"Fromage\",\"sl\":\"fromage-bleu-gorgonzola-meule-castello-08490\",\"sn\":\"\",\"idxP\":16},{\"mq\":\"Chef Nutri\",\"nm\":\"Fromage tranch\u00E9 pour sub style cheddar blanc\",\"nme\":\"White Cheddar Style Sliced Sub Cheese\",\"attr\":\"\",\"sku\":\"17427\",\"l2\":\"Fromage\",\"sl\":\"fromage-tranche-pour-sub-style-cheddar-blanc-chef-nutri-17427\",\"sn\":\"\",\"idxP\":33},{\"mq\":\"Switzerland\",\"nm\":\"Gruy\u00E8re suisse coup\u00E9\",\"nme\":\"Swiss Gruyere Cheese Cut\",\"attr\":\"\",\"sku\":\"24255\",\"l2\":\"Fromage\",\"sl\":\"gruyere-suisse-coupe-switzerland-24255\",\"sn\":\"\",\"idxP\":38},{\"mq\":\"Krinos\",\"nm\":\"Fromage feta traditionnelle\",\"nme\":\"Traditional Feta Cheese\",\"attr\":\"Sans gluten\",\"sku\":\"17056\",\"l2\":\"Fromage\",\"sl\":\"fromage-feta-traditionnelle-krinos-17056\",\"sn\":\"\",\"idxP\":24},{\"mq\":\"Fromagerie du Presbyt\u00E8re\",\"nm\":\"Fromage Religieuse coup\u00E9\",\"nme\":\"Religieuse Cheese Cut\",\"attr\":\"Produit local\",\"sku\":\"24912\",\"l2\":\"Fromage\",\"sl\":\"fromage-religieuse-coupe-fromagerie-du-presbytere-24912\",\"sn\":\"\",\"idxP\":26},{\"mq\":\"Cur\u00E9 Hebert\",\"nm\":\"Fromage Cur\u00E9 H\u00E9bert meule\",\"nme\":\"Cur\u00E9 H\u00E9bert Cheese Wheel\",\"attr\":\"Aliment du Qu\u00E9bec, Produit local\",\"sku\":\"24287\",\"l2\":\"Fromage\",\"sl\":\"fromage-cure-hebert-meule-cure-hebert-24287\",\"sn\":\"fromages\",\"idxP\":3},{\"mq\":\"Tre Stelle\",\"nm\":\"Bocconcini\",\"nme\":\"Bocconcini\",\"attr\":\"\",\"sku\":\"26572\",\"l2\":\"Fromage\",\"sl\":\"bocconcini-tre-stelle-26572\",\"sn\":\"boconccini\",\"idxP\":50},{\"mq\":\"Saputo\",\"nm\":\"Fromage Brick\",\"nme\":\"Brick Cheese\",\"attr\":\"\",\"sku\":\"20605\",\"l2\":\"Fromage\",\"sl\":\"fromage-brick-saputo-20605\",\"sn\":\"fromages\",\"idxP\":31},{\"mq\":\"Fritz Kaiser\",\"nm\":\"Fromage Zurigo 18% coup\u00E9\",\"nme\":\"Zurigo Cheese 18% Cut\",\"attr\":\"Aliment du Qu\u00E9bec, Produit local\",\"sku\":\"29579\",\"l2\":\"Fromage\",\"sl\":\"fromage-zurigo-18-coupe-fritz-kaiser-29579\",\"sn\":\"\",\"idxP\":13},{\"mq\":\"Frico\",\"nm\":\"Gouda hollandais fum\u00E9 coup\u00E9\",\"nme\":\"Smoked Dutch Gouda Cut\",\"attr\":\"\",\"sku\":\"24785\",\"l2\":\"Fromage\",\"sl\":\"gouda-hollandais-fume-coupe-frico-24785\",\"sn\":\"\",\"idxP\":17},{\"mq\":\"Saputo\",\"nm\":\"Fromage feta traditionnel\",\"nme\":\"Traditional Feta Cheese\",\"attr\":\"\",\"sku\":\"32747\",\"l2\":\"Fromage\",\"sl\":\"fromage-feta-traditionnel-saputo-32747\",\"sn\":\"\",\"idxP\":94},{\"mq\":\"Switzerland\",\"nm\":\"Emmental coup\u00E9\",\"nme\":\"Emmentaler Switzerland Cut\",\"attr\":\"\",\"sku\":\"24257\",\"l2\":\"Fromage\",\"sl\":\"emmental-coupe-switzerland-24257\",\"sn\":\"\",\"idxP\":57},{\"mq\":\"Le Pont Tournant\",\"nm\":\"Fromage \u00E0 p\u00E2te molle et \u00E0 cro\u00FBte fleurie meule\",\"nme\":\"Soft Cheese with White Soft Rind Wheel\",\"attr\":\"\",\"sku\":\"24413\",\"l2\":\"Fromage\",\"sl\":\"fromage-a-pate-molle-et-a-croute-fleurie-meule-le-pont-tournant-24413\",\"sn\":\"\",\"idxP\":5},{\"mq\":\"Marie Kad\u00E9\",\"nm\":\"Fromage halloom halal\",\"nme\":\"Halloom Halal Cheese\",\"attr\":\"Produit local\",\"sku\":\"33180\",\"l2\":\"Fromage\",\"sl\":\"fromage-halloom-halal-marie-kade-33180\",\"sn\":\"fromages\",\"idxP\":18},{\"mq\":\"Krinos\",\"nm\":\"Fromage feta l\u00E9g\u00E8re\",\"nme\":\"Light Feta Cheese\",\"attr\":\"Sans gluten\",\"sku\":\"31973\",\"l2\":\"Fromage\",\"sl\":\"fromage-feta-legere-krinos-31973\",\"sn\":\"\",\"idxP\":20},{\"mq\":\"La Chaudi\u00E8re\",\"nm\":\"Cheddar blanc doux\",\"nme\":\"Mild White Cheddar\",\"attr\":\"Aliment du Qu\u00E9bec, Produit local\",\"sku\":\"33964\",\"l2\":\"Fromage\",\"sl\":\"cheddar-blanc-doux-la-chaudiere-33964\",\"sn\":\"\",\"idxP\":47},{\"mq\":\"Magie de madawa\",\"nm\":\"Fromage \u00E0 p\u00E2te molle \u00E0 cro\u00FBte lav\u00E9e meule\",\"nme\":\"Soft Cheese with Washed Rind Wheel\",\"attr\":\"\",\"sku\":\"24284\",\"l2\":\"Fromage\",\"sl\":\"fromage-a-pate-molle-a-croute-lavee-meule-magie-de-madawa-24284\",\"sn\":\"fromages\",\"idxP\":4},{\"mq\":\"Salerno\",\"nm\":\"Ricotta traditionnelle\",\"nme\":\"Traditional Ricotta\",\"attr\":\"\",\"sku\":\"29046\",\"l2\":\"Fromage\",\"sl\":\"ricotta-traditionnelle-salerno-29046\",\"sn\":\"\",\"idxP\":96},{\"mq\":\"Riviera\",\"nm\":\"Fromage emmental coup\u00E9\",\"nme\":\"Emmental Cheese Cut\",\"attr\":\"Aliment du Qu\u00E9bec, Produit local\",\"sku\":\"34018\",\"l2\":\"Fromage\",\"sl\":\"fromage-emmental-coupe-riviera-34018\",\"sn\":\"fromages\",\"idxP\":22},{\"mq\":\"Saputo\",\"nm\":\"Bocconcini en perle canadien\",\"nme\":\"Canadian Bocconcini Pearls\",\"attr\":\"Produit local\",\"sku\":\"32823\",\"l2\":\"Fromage\",\"sl\":\"bocconcini-en-perle-canadien-saputo-32823\",\"sn\":\"boconccini\",\"idxP\":55},{\"mq\":\"Fromagerie Bergeron\",\"nm\":\"Gouda Le Louis Cyr coup\u00E9\",\"nme\":\"Gouda Le Louis Cyr cut\",\"attr\":\"Sans lactose, Produit local\",\"sku\":\"35025\",\"l2\":\"Fromage\",\"sl\":\"gouda-le-louis-cyr-coupe-fromagerie-bergeron-35025\",\"sn\":\"\",\"idxP\":14},{\"mq\":\"Switzerland\",\"nm\":\"Fromage Appenzeller coup\u00E9\",\"nme\":\"Appenzeller Cheese Cut\",\"attr\":\"\",\"sku\":\"26379\",\"l2\":\"Fromage\",\"sl\":\"fromage-appenzeller-coupe-switzerland-26379\",\"sn\":\"fromages\",\"idxP\":27},{\"mq\":\"Saputo\",\"nm\":\"Ricotta r\u00E9guli\u00E8re\",\"nme\":\"Regular ricotta\",\"attr\":\"Aliment du Qu\u00E9bec\",\"sku\":\"31855\",\"l2\":\"Fromage\",\"sl\":\"ricotta-reguliere-saputo-31855\",\"sn\":\"\",\"idxP\":78},{\"mq\":\"Saputo\",\"nm\":\"Ricotta Fiorella l\u00E9g\u00E8re\",\"nme\":\"Light Fiorella Ricotta\",\"attr\":\"\",\"sku\":\"31863\",\"l2\":\"Fromage\",\"sl\":\"ricotta-fiorella-legere-saputo-31863\",\"sn\":\"\",\"idxP\":50},{\"mq\":\"Bella Casara\",\"nm\":\"Mozzarella buffala\",\"nme\":\"Buffalo Mozzarella\",\"attr\":\"\",\"sku\":\"35370\",\"l2\":\"Fromage\",\"sl\":\"mozzarella-buffala-bella-casara-35370\",\"sn\":\"\",\"idxP\":78},{\"mq\":\"La Chaudi\u00E8re\",\"nm\":\"Cheddar blanc medium\",\"nme\":\"Medium White Cheddar Wheel\",\"attr\":\"Aliment du Qu\u00E9bec, Produit local\",\"sku\":\"37542\",\"l2\":\"Fromage\",\"sl\":\"cheddar-blanc-medium-la-chaudiere-37542\",\"sn\":\"\",\"idxP\":41},{\"mq\":\"Alexis de Portneuf\",\"nm\":\"Fromage raclette coup\u00E9\",\"nme\":\"Raclette Cheese Cut\",\"attr\":\"Produit local\",\"sku\":\"36099\",\"l2\":\"Fromage\",\"sl\":\"fromage-raclette-coupe-alexis-de-portneuf-36099\",\"sn\":\"\",\"idxP\":15},{\"mq\":\"La Chaudi\u00E8re\",\"nm\":\"Cheddar blanc extra fort\",\"nme\":\"Extra Old White Cheddar Wheel\",\"attr\":\"Aliment du Qu\u00E9bec, Produit local\",\"sku\":\"37545\",\"l2\":\"Fromage\",\"sl\":\"cheddar-blanc-extra-fort-la-chaudiere-37545\",\"sn\":\"\",\"idxP\":62},{\"mq\":\"Saputo\",\"nm\":\"Havarti tranch\u00E9\",\"nme\":\"Sliced Havarti\",\"attr\":\"Sans lactose\",\"sku\":\"35201\",\"l2\":\"Fromage\",\"sl\":\"havarti-tranche-saputo-35201\",\"sn\":\"\",\"idxP\":81},{\"mq\":\"La Chaudi\u00E8re\",\"nm\":\"Cheddar blanc extra fort bloc long entier\",\"nme\":\"Extra Old White Cheddar Long Wheel\",\"attr\":\"Aliment du Qu\u00E9bec, Produit local\",\"sku\":\"37546\",\"l2\":\"Fromage\",\"sl\":\"cheddar-blanc-extra-fort-bloc-long-entier-la-chaudiere-37546\",\"sn\":\"\",\"idxP\":63},{\"mq\":\"Dofino\",\"nm\":\"Havarti fum\u00E9 coup\u00E9\",\"nme\":\"Smoked Havarti Cheese Cut\",\"attr\":\"\",\"sku\":\"35159\",\"l2\":\"Fromage\",\"sl\":\"havarti-fume-coupe-dofino-35159\",\"sn\":\"\",\"idxP\":13},{\"mq\":\"Switzerland\",\"nm\":\"Gruy\u00E8re suisse affin\u00E9 en grotte kaltbach coup\u00E9\",\"nme\":\"Swiss Cave-Aged Cut Gruyere Cheese Cut\",\"attr\":\"Sans lactose\",\"sku\":\"39096\",\"l2\":\"Fromage\",\"sl\":\"gruyere-suisse-affine-en-grotte-kaltbach-coupe-switzerland-39096\",\"sn\":\"\",\"idxP\":69},{\"mq\":\"Saputo\",\"nm\":\"Provolone tranch\u00E9\",\"nme\":\"Sliced Provolone\",\"attr\":\"\",\"sku\":\"35202\",\"l2\":\"Fromage\",\"sl\":\"provolone-tranche-saputo-35202\",\"sn\":\"\",\"idxP\":70},{\"mq\":\"Bella Casara\",\"nm\":\"Burrata\",\"nme\":\"Burrata Cheese\",\"attr\":\"\",\"sku\":\"35371\",\"l2\":\"Fromage\",\"sl\":\"burrata-bella-casara-35371\",\"sn\":\"\",\"idxP\":80},{\"mq\":\"Saputo\",\"nm\":\"Bocconcini cocktail\",\"nme\":\"Cocktail Bocconcini\",\"attr\":\"Aliment du Qu\u00E9bec, Produit local\",\"sku\":\"46417\",\"l2\":\"Fromage\",\"sl\":\"bocconcini-cocktail-saputo-46417\",\"sn\":\"boconccini\",\"idxP\":85},{\"mq\":\"Krinos\",\"nm\":\"Fromage feta au lait de vache et de ch\u00E8vre\",\"nme\":\"Cow and Goat Milk Feta Cheese\",\"attr\":\"Sans gluten\",\"sku\":\"49179\",\"l2\":\"Fromage\",\"sl\":\"fromage-feta-au-lait-de-vache-et-de-chevre-krinos-49179\",\"sn\":\"\",\"idxP\":46},{\"mq\":\"Marechal\",\"nm\":\"Fromage Le Mar\u00E9chal coup\u00E9\",\"nme\":\"Le Marechal Cheese Cut\",\"attr\":\"Sans lactose\",\"sku\":\"49973\",\"l2\":\"Fromage\",\"sl\":\"fromage-le-marechal-coupe-marechal-49973\",\"sn\":\"fromages\",\"idxP\":37},{\"mq\":\"Celebrity\",\"nm\":\"Fromage de ch\u00E8vre canneberge cannelle\",\"nme\":\"Cranberry Cinnamon Goat Cheese\",\"attr\":\"\",\"sku\":\"39196\",\"l2\":\"Fromage\",\"sl\":\"fromage-de-chevre-canneberge-cannelle-celebrity-39196\",\"sn\":\"fromages\",\"idxP\":28},{\"mq\":\"Celebrity\",\"nm\":\"Fromage de ch\u00E8vre aux herbes et ail\",\"nme\":\"Garlic and Herb Goat Cheese\",\"attr\":\"\",\"sku\":\"39200\",\"l2\":\"Fromage\",\"sl\":\"fromage-de-chevre-aux-herbes-et-ail-celebrity-39200\",\"sn\":\"fromages\",\"idxP\":29},{\"mq\":\"Saputo\",\"nm\":\"Edam coup\u00E9\",\"nme\":\"Edam Cheese Cut\",\"attr\":\"\",\"sku\":\"47064\",\"l2\":\"Fromage\",\"sl\":\"edam-coupe-saputo-47064\",\"sn\":\"\",\"idxP\":15},{\"mq\":\"Emmi\",\"nm\":\"Fromage raclette suisse coup\u00E9\",\"nme\":\"Switzerland Raclette Cheese Cut\",\"attr\":\"\",\"sku\":\"42935\",\"l2\":\"Fromage\",\"sl\":\"fromage-raclette-suisse-coupe-emmi-42935\",\"sn\":\"fromages\",\"idxP\":31},{\"mq\":\"Fritz Kaiser\",\"nm\":\"Fromage raclette canadienne coup\u00E9\",\"nme\":\"Canadian Raclette Cheese Cut\",\"attr\":\"Aliment du Qu\u00E9bec, Produit local\",\"sku\":\"32833\",\"l2\":\"Fromage\",\"sl\":\"fromage-raclette-canadienne-coupe-fritz-kaiser-32833\",\"sn\":\"\",\"idxP\":39},{\"mq\":\"Bon Alpi\",\"nm\":\"Edam autrichien meule\",\"nme\":\"Austrian Edam Cheese Wheel\",\"attr\":\"\",\"sku\":\"26359\",\"l2\":\"Fromage\",\"sl\":\"edam-autrichien-meule-bon-alpi-26359\",\"sn\":\"\",\"idxP\":24},{\"mq\":\"Tre Stelle\",\"nm\":\"Ricotta 12%\",\"nme\":\"12% Ricotta\",\"attr\":\"\",\"sku\":\"26422\",\"l2\":\"Fromage\",\"sl\":\"ricotta-12-tre-stelle-26422\",\"sn\":\"\",\"idxP\":62},{\"mq\":\"Oka\",\"nm\":\"Fromage Oka aux champignons et truffles meule\",\"nme\":\"Oka cheese with mushrooms and truffles wheel\",\"attr\":\"Produit local\",\"sku\":\"02598\",\"l2\":\"Fromage\",\"sl\":\"fromage-oka-aux-champignons-et-truffles-meule-oka-02598\",\"sn\":\"\",\"idxP\":12},{\"mq\":\"Oka\",\"nm\":\"Fromage Oka L'Artisan style suisse meule\",\"nme\":\"Oka cheese L'Artisan Swiss style wheel\",\"attr\":\"Produit local\",\"sku\":\"04466\",\"l2\":\"Fromage\",\"sl\":\"fromage-oka-lartisan-style-suisse-meule-oka-04466\",\"sn\":\"\",\"idxP\":7},{\"mq\":\"Switzerland\",\"nm\":\"Fromage emmental meule\",\"nme\":\"Emmental Cheese Wheel\",\"attr\":\"\",\"sku\":\"00869\",\"l2\":\"Fromage\",\"sl\":\"fromage-emmental-meule-switzerland-00869\",\"sn\":\"fromages\",\"idxP\":15},{\"mq\":\"Philadelphia\",\"nm\":\"Fromage \u00E0 la cr\u00E8me nature\",\"nme\":\"Original Cream Cheese\",\"attr\":\"\",\"sku\":\"00854\",\"l2\":\"Fromage\",\"sl\":\"fromage-a-la-creme-nature-philadelphia-00854\",\"sn\":\"fromages\",\"idxP\":98},{\"mq\":\"Kraft\",\"nm\":\"Cheddar jaune canadien\",\"nme\":\"Canadian Yellow Cheddar\",\"attr\":\"\",\"sku\":\"00862\",\"l2\":\"Fromage\",\"sl\":\"cheddar-jaune-canadien-kraft-00862\",\"sn\":\"fromages\",\"idxP\":54},{\"mq\":\"Kraft\",\"nm\":\"Fromage fondu jaune ruban\",\"nme\":\"Yellow Process Cheese\",\"attr\":\"\",\"sku\":\"00915\",\"l2\":\"Fromage\",\"sl\":\"fromage-fondu-jaune-ruban-kraft-00915\",\"sn\":\"fromages\",\"idxP\":77},{\"mq\":\"Notre Dame\",\"nm\":\"Fromage brie\",\"nme\":\"Brie Cheese\",\"attr\":\"Produit local\",\"sku\":\"04470\",\"l2\":\"Fromage\",\"sl\":\"fromage-brie-notre-dame-04470\",\"sn\":\"\",\"idxP\":76},{\"mq\":\"Fritz Kaiser\",\"nm\":\"Fromage L'Empereur meule\",\"nme\":\"L'Empereur Cheese Wheel\",\"attr\":\"Aliment du Qu\u00E9bec, Produit local\",\"sku\":\"04722\",\"l2\":\"Fromage\",\"sl\":\"fromage-lempereur-meule-fritz-kaiser-04722\",\"sn\":\"\",\"idxP\":12},{\"mq\":\"Champfleury\",\"nm\":\"Fromage \u00E0 p\u00E2te molle et cro\u00FBte lav\u00E9e\",\"nme\":\"Soft Cheese With Washed Rind\",\"attr\":\"Aliment du Qu\u00E9bec\",\"sku\":\"00137\",\"l2\":\"Fromage\",\"sl\":\"fromage-a-pate-molle-et-croute-lavee-champfleury-00137\",\"sn\":\"fromages\",\"idxP\":27},{\"mq\":\"Philadelphia\",\"nm\":\"Fromage \u00E0 la cr\u00E8me nature portion x200\",\"nme\":\"Original Cream Cheese Single Serve Portion\",\"attr\":\"\",\"sku\":\"00920\",\"l2\":\"Fromage\",\"sl\":\"fromage-a-la-creme-nature-portion-x200-philadelphia-00920\",\"sn\":\"fromages\",\"idxP\":19},{\"mq\":\"Castello\",\"nm\":\"Fromage bleu danois demi lune\",\"nme\":\"Danish Blue Cheese\",\"attr\":\"\",\"sku\":\"04518\",\"l2\":\"Fromage\",\"sl\":\"fromage-bleu-danois-demi-lune-castello-04518\",\"sn\":\"fromages\",\"idxP\":29},{\"mq\":\"Oka\",\"nm\":\"Fromage Oka aux champignons et truffles coup\u00E9\",\"nme\":\"Oka cheese with mushrooms and truffles cut\",\"attr\":\"Produit local\",\"sku\":\"02599\",\"l2\":\"Fromage\",\"sl\":\"fromage-oka-aux-champignons-et-truffles-coupe-oka-02599\",\"sn\":\"\",\"idxP\":26},{\"mq\":\"Oka\",\"nm\":\"Fromage Oka L'Artisan style suisse coup\u00E9\",\"nme\":\"L'Artisan Swiss Style Oka Cheese Cut\",\"attr\":\"Produit local\",\"sku\":\"04467\",\"l2\":\"Fromage\",\"sl\":\"fromage-oka-lartisan-style-suisse-coupe-oka-04467\",\"sn\":\"\",\"idxP\":21},{\"mq\":\"Saputo\",\"nm\":\"Fromage parmesan en copeaux\",\"nme\":\"Shaved Parmesan Cheese\",\"attr\":\"\",\"sku\":\"04531\",\"l2\":\"Fromage\",\"sl\":\"fromage-parmesan-en-copeaux-saputo-04531\",\"sn\":\"fromages\",\"idxP\":43},{\"mq\":\"Alexis de Portneuf\",\"nm\":\"Fromage brie Brise du Matin coup\u00E9\",\"nme\":\"Brise du Matin Brie Cheese Cut\",\"attr\":\"Aliment du Qu\u00E9bec, Produit local\",\"sku\":\"04535\",\"l2\":\"Fromage\",\"sl\":\"fromage-brie-brise-du-matin-coupe-alexis-de-portneuf-04535\",\"sn\":\"\",\"idxP\":13},{\"mq\":\"Saputo\",\"nm\":\"Caciocavallo canadien medium\",\"nme\":\"Medium Canadian Caciocavallo\",\"attr\":\"Aliment du Qu\u00E9bec, Produit local\",\"sku\":\"06531\",\"l2\":\"Fromage\",\"sl\":\"caciocavallo-canadien-medium-saputo-06531\",\"sn\":\"\",\"idxP\":51},{\"mq\":\"Stella\",\"nm\":\"Fromage asiago medium US meule\",\"nme\":\"Asiago US Cheese Wheel\",\"attr\":\"\",\"sku\":\"06522\",\"l2\":\"Fromage\",\"sl\":\"fromage-asiago-medium-us-meule-stella-06522\",\"sn\":\"fromages\",\"idxP\":6},{\"mq\":\"Saputo\",\"nm\":\"Mozzarella 15%\",\"nme\":\"15% Mozzarella Cheese\",\"attr\":\"\",\"sku\":\"06376\",\"l2\":\"Fromage\",\"sl\":\"mozzarella-15-saputo-06376\",\"sn\":\"\",\"idxP\":15},{\"mq\":\"Riviera\",\"nm\":\"Cheddar jaune doux en bloc\",\"nme\":\"Mild Yellow Cheddar Block\",\"attr\":\"Produit local\",\"sku\":\"06551\",\"l2\":\"Fromage\",\"sl\":\"cheddar-jaune-doux-en-bloc-riviera-06551\",\"sn\":\"\",\"idxP\":41},{\"mq\":\"Salerno\",\"nm\":\"Friulano canadien meule\",\"nme\":\"Canadian Friulano Cheese Wheel\",\"attr\":\"\",\"sku\":\"06545\",\"l2\":\"Fromage\",\"sl\":\"friulano-canadien-meule-salerno-06545\",\"sn\":\"\",\"idxP\":48},{\"mq\":\"Golosini\",\"nm\":\"Fromage parmesan r\u00E2p\u00E9\",\"nme\":\"Grated Parmesan Cheese\",\"attr\":\"\",\"sku\":\"06815\",\"l2\":\"Fromage\",\"sl\":\"fromage-parmesan-rape-golosini-06815\",\"sn\":\"fromages\",\"idxP\":64},{\"mq\":\"Le Rustique\",\"nm\":\"Camembert Le Rustique\",\"nme\":\"Le Rustique Camembert Cheese\",\"attr\":\"\",\"sku\":\"06910\",\"l2\":\"Fromage\",\"sl\":\"camembert-le-rustique-le-rustique-06910\",\"sn\":\"\",\"idxP\":61},{\"mq\":\"Krinos\",\"nm\":\"Fromage feta \u00E9miett\u00E9e\",\"nme\":\"Crumbled Feta Cheese\",\"attr\":\"Sans gluten\",\"sku\":\"06011\",\"l2\":\"Fromage\",\"sl\":\"fromage-feta-emiettee-krinos-06011\",\"sn\":\"\",\"idxP\":46},{\"mq\":\"Golosini\",\"nm\":\"Fromage r\u00E2p\u00E9 romano\",\"nme\":\"Romano Grated Cheese\",\"attr\":\"\",\"sku\":\"06814\",\"l2\":\"Fromage\",\"sl\":\"fromage-rape-romano-golosini-06814\",\"sn\":\"fromages\",\"idxP\":47},{\"mq\":\"Woolwich\",\"nm\":\"Fromage de ch\u00E8vre nature b\u00FBche\",\"nme\":\"Plain Goat Cheese Log\",\"attr\":\"Produit local\",\"sku\":\"04835\",\"l2\":\"Fromage\",\"sl\":\"fromage-de-chevre-nature-buche-woolwich-04835\",\"sn\":\"fromages\",\"idxP\":62},{\"mq\":\"Kingsey\",\"nm\":\"Fromage en grain\",\"nme\":\"Grain Cheese\",\"attr\":\"\",\"sku\":\"06650\",\"l2\":\"Fromage\",\"sl\":\"fromage-en-grain-kingsey-06650\",\"sn\":\"fromages\",\"idxP\":86},{\"mq\":\"Golosini\",\"nm\":\"Romano r\u00E2p\u00E9\",\"nme\":\"Grated Romano\",\"attr\":\"\",\"sku\":\"06813\",\"l2\":\"Fromage\",\"sl\":\"romano-rape-golosini-06813\",\"sn\":\"\",\"idxP\":31},{\"mq\":\"Golosini\",\"nm\":\"Fromage romano r\u00E2p\u00E9 80%\",\"nme\":\"Grated Romano Cheese 80%\",\"attr\":\"\",\"sku\":\"06811\",\"l2\":\"Fromage\",\"sl\":\"fromage-romano-rape-80-golosini-06811\",\"sn\":\"fromages\",\"idxP\":33},{\"mq\":\"Golosini\",\"nm\":\"Fromage parmesan 80% r\u00E2p\u00E9\",\"nme\":\"Grated Parmesan 80% Cheese\",\"attr\":\"\",\"sku\":\"06818\",\"l2\":\"Fromage\",\"sl\":\"fromage-parmesan-80-rape-golosini-06818\",\"sn\":\"fromages\",\"idxP\":30},{\"mq\":\"La Station\",\"nm\":\"Fromage Chemin Hatley biologique meule\",\"nme\":\"Chemin Hatley Organic Farm Firm Cheese Wheel\",\"attr\":\"Biologique, Produit local\",\"sku\":\"07455\",\"l2\":\"Fromage\",\"sl\":\"fromage-chemin-hatley-biologique-meule-la-station-07455\",\"sn\":\"biologique, bio, organic, organique\",\"idxP\":9},{\"mq\":\"La Station\",\"nm\":\"Fromage Chemin Hatley biologique coup\u00E9\",\"nme\":\"Chemin Hatley Organic Farm Firm Cheese Cut\",\"attr\":\"Biologique, Produit local\",\"sku\":\"07456\",\"l2\":\"Fromage\",\"sl\":\"fromage-chemin-hatley-biologique-coupe-la-station-07456\",\"sn\":\"biologique, bio, organic, organique\",\"idxP\":9},{\"mq\":\"Golosini\",\"nm\":\"Fromage parmesan r\u00E2p\u00E9\",\"nme\":\"Grated Parmesan Cheese\",\"attr\":\"\",\"sku\":\"06819\",\"l2\":\"Fromage\",\"sl\":\"fromage-parmesan-rape-golosini-06819\",\"sn\":\"fromages\",\"idxP\":48},{\"mq\":\"P'tit Basque\",\"nm\":\"Fromage fran\u00E7ais de brebis meule\",\"nme\":\"Sheep Milk French Cheese Wheel\",\"attr\":\"\",\"sku\":\"07766\",\"l2\":\"Fromage\",\"sl\":\"fromage-francais-de-brebis-meule-petit-basque-07766\",\"sn\":\"fromages\",\"idxP\":53},{\"mq\":\"Chevaliers de la Table Ronde\",\"nm\":\"Fromage Galette de la table ronde\",\"nme\":\"Galette de la table ronde Cheese\",\"attr\":\"Biologique, Produit local\",\"sku\":\"07457\",\"l2\":\"Fromage\",\"sl\":\"fromage-galette-de-la-table-ronde-chevaliers-de-la-table-ronde-07457\",\"sn\":\"\",\"idxP\":13},{\"mq\":\"Arla\",\"nm\":\"Provolone tranch\u00E9\",\"nme\":\"Sliced Provolone\",\"attr\":\"\",\"sku\":\"07930\",\"l2\":\"Fromage\",\"sl\":\"provolone-tranche-arla-07930\",\"sn\":\"\",\"idxP\":29},{\"mq\":\"Nouvelle France\",\"nm\":\"Fromage de brebis La Madelaine meule\",\"nme\":\"Sheep Milk Soft Cheese Wheel\",\"attr\":\"Produit local\",\"sku\":\"07715\",\"l2\":\"Fromage\",\"sl\":\"fromage-de-brebis-la-madelaine-meule-nouvelle-france-07715\",\"sn\":\"fromages\",\"idxP\":11},{\"mq\":\"Black Diamond\",\"nm\":\"Pr\u00E9paration fromage fondu pr\u00E9coup\u00E9 color\u00E9\",\"nme\":\"Pre-cut coloured processed  cheese\",\"attr\":\"\",\"sku\":\"07945\",\"l2\":\"Fromage\",\"sl\":\"preparation-fromage-fondu-precoupe-colore-black-diamond-07945\",\"sn\":\"fromages\",\"idxP\":62},{\"mq\":\"Racolli\",\"nm\":\"Mozzarella rap\u00E9e 21%\",\"nme\":\"21% Grated Mozzarella\",\"attr\":\"\",\"sku\":\"09114\",\"l2\":\"Fromage\",\"sl\":\"mozzarella-rapee-21-racolli-09114\",\"sn\":\"\",\"idxP\":97},{\"mq\":\"Skotidakis\",\"nm\":\"Fromage feta au lait de vache et de ch\u00E8vre\",\"nme\":\"Cow and Goat Milk Feta Cheese\",\"attr\":\"\",\"sku\":\"10218\",\"l2\":\"Fromage\",\"sl\":\"fromage-feta-au-lait-de-vache-et-de-chevre-skotidakis-10218\",\"sn\":\"\",\"idxP\":56},{\"mq\":\"Brie de Meaux\",\"nm\":\"Fromage brie de Meaux coup\u00E9\",\"nme\":\"Imported Brie Cheese from Meaux Cut\",\"attr\":\"\",\"sku\":\"07984\",\"l2\":\"Fromage\",\"sl\":\"fromage-brie-de-meaux-coupe-brie-de-meaux-07984\",\"sn\":\"fromages\",\"idxP\":41},{\"mq\":\"Tre Stelle\",\"nm\":\"Ricotta traditionnelle\",\"nme\":\"Traditional Ricotta\",\"attr\":\"\",\"sku\":\"09219\",\"l2\":\"Fromage\",\"sl\":\"ricotta-traditionnelle-tre-stelle-09219\",\"sn\":\"\",\"idxP\":40},{\"mq\":\"Philadelphia\",\"nm\":\"Fromage \u00E0 la cr\u00E8me nature brique\",\"nme\":\"Original Cream Cheese\",\"attr\":\"\",\"sku\":\"10424\",\"l2\":\"Fromage\",\"sl\":\"fromage-a-la-creme-nature-brique-philadelphia-10424\",\"sn\":\"fromages\",\"idxP\":94},{\"mq\":\"Cambozola\",\"nm\":\"Fromage bleu allemand\",\"nme\":\"German Blue Cheese\",\"attr\":\"\",\"sku\":\"08486\",\"l2\":\"Fromage\",\"sl\":\"fromage-bleu-allemand-cambozola-08486\",\"sn\":\"\",\"idxP\":11},{\"mq\":\"Pecorino\",\"nm\":\"Romano pecorino r\u00E2p\u00E9 en pot\",\"nme\":\"Grated Romano Pecorino Cheese\",\"attr\":\"\",\"sku\":\"12223\",\"l2\":\"Fromage\",\"sl\":\"romano-pecorino-rape-en-pot-pecorino-12223\",\"sn\":\"\",\"idxP\":42},{\"mq\":\"Fromagerie du Presbyt\u00E8re\",\"nm\":\"Fromage Louis d'Or meule\",\"nme\":\"Louis d'Or Cheese Wheel\",\"attr\":\"Produit local\",\"sku\":\"14593\",\"l2\":\"Fromage\",\"sl\":\"fromage-louis-dor-meule-fromagerie-du-presbytere-14593\",\"sn\":\"fromages\",\"idxP\":6},{\"mq\":\"Castello\",\"nm\":\"Fromage bleu gorgonzola coup\u00E9\",\"nme\":\"Gorgonzola Blue Cheese Cut\",\"attr\":\"\",\"sku\":\"08491\",\"l2\":\"Fromage\",\"sl\":\"fromage-bleu-gorgonzola-coupe-castello-08491\",\"sn\":\"\",\"idxP\":32},{\"mq\":\"Golosini\",\"nm\":\"Fromage r\u00E2p\u00E9 parmesan 80%\",\"nme\":\"Grated Parmesan Cheese 80%\",\"attr\":\"\",\"sku\":\"06817\",\"l2\":\"Fromage\",\"sl\":\"fromage-rape-parmesan-80-golosini-06817\",\"sn\":\"fromages\",\"idxP\":48},{\"mq\":\"Reggiano\",\"nm\":\"Parmesan reggiano 16 mois r\u00E2p\u00E9 dans un pot\",\"nme\":\"Shredded Parmegiano Reggiano 16-Month in a jar\",\"attr\":\"\",\"sku\":\"12203\",\"l2\":\"Fromage\",\"sl\":\"parmesan-reggiano-16-mois-rape-dans-un-pot-reggiano-12203\",\"sn\":\"\",\"idxP\":41},{\"mq\":\"Riviera\",\"nm\":\"Fromage suisse canadien doux coup\u00E9\",\"nme\":\"Mild Canadian Swiss Cheese Cut\",\"attr\":\"Aliment du Qu\u00E9bec, Sans lactose, Produit local\",\"sku\":\"15058\",\"l2\":\"Fromage\",\"sl\":\"fromage-suisse-canadien-doux-coupe-riviera-15058\",\"sn\":\"fromages\",\"idxP\":23},{\"mq\":\"Skotidakis\",\"nm\":\"Fromage feta en d\u00E9s\",\"nme\":\"Feta Cheese Cubes\",\"attr\":\"\",\"sku\":\"16434\",\"l2\":\"Fromage\",\"sl\":\"fromage-feta-en-des-skotidakis-16434\",\"sn\":\"\",\"idxP\":62},{\"mq\":\"Armstrong\",\"nm\":\"Cheddar jaune doux r\u00E2p\u00E9\",\"nme\":\"Grated Mild Yellow Cheddar\",\"attr\":\"\",\"sku\":\"10342\",\"l2\":\"Fromage\",\"sl\":\"cheddar-jaune-doux-rape-armstrong-10342\",\"sn\":\"\",\"idxP\":47},{\"mq\":\"Saputo\",\"nm\":\"Ricotta Italiana\",\"nme\":\"Italian Ricotta\",\"attr\":\"Aliment du Qu\u00E9bec, Produit local\",\"sku\":\"12590\",\"l2\":\"Fromage\",\"sl\":\"ricotta-italiana-saputo-12590\",\"sn\":\"\",\"idxP\":80},{\"mq\":\"Chef Nutri\",\"nm\":\"Fromage tranch\u00E9 pour burger style cheddar\",\"nme\":\"Cheddar Style Burger Sliced Cheese\",\"attr\":\"\",\"sku\":\"17410\",\"l2\":\"Fromage\",\"sl\":\"fromage-tranche-pour-burger-style-cheddar-chef-nutri-17410\",\"sn\":\"\",\"idxP\":60},{\"mq\":\"Cracker Barrel\",\"nm\":\"Cheddar jaune doux\",\"nme\":\"Mild Yellow Cheedar\",\"attr\":\"\",\"sku\":\"14788\",\"l2\":\"Fromage\",\"sl\":\"cheddar-jaune-doux-cracker-barrel-14788\",\"sn\":\"\",\"idxP\":18},{\"mq\":\"Kiri\",\"nm\":\"Fromage fondu lait de vache\",\"nme\":\"Cow Milk Processed Cheese\",\"attr\":\"\",\"sku\":\"16499\",\"l2\":\"Fromage\",\"sl\":\"fromage-fondu-lait-de-vache-kiri-16499\",\"sn\":\"fromages\",\"idxP\":82},{\"mq\":\"Krinos\",\"nm\":\"Fromage feta dure\",\"nme\":\"Hard Feta Cheese\",\"attr\":\"Sans gluten\",\"sku\":\"19838\",\"l2\":\"Fromage\",\"sl\":\"fromage-feta-dure-krinos-19838\",\"sn\":\"\",\"idxP\":27},{\"mq\":\"Oka\",\"nm\":\"Fromage Oka coup\u00E9\",\"nme\":\"Oka Cheese Cut\",\"attr\":\"Produit local\",\"sku\":\"13117\",\"l2\":\"Fromage\",\"sl\":\"fromage-oka-coupe-oka-13117\",\"sn\":\"fromages\",\"idxP\":30},{\"mq\":\"Racolli\",\"nm\":\"Mozzarella racolli r\u00E2p\u00E9 27%\",\"nme\":\"Grated Racolli Mozarella 27%\",\"attr\":\"\",\"sku\":\"14363\",\"l2\":\"Fromage\",\"sl\":\"mozzarella-racolli-rape-27-racolli-14363\",\"sn\":\"fromages\",\"idxP\":60},{\"mq\":\"Armstrong\",\"nm\":\"Fromage fondu suisse tranch\u00E9\",\"nme\":\"Sliced Swiss Cheese Process\",\"attr\":\"\",\"sku\":\"16626\",\"l2\":\"Fromage\",\"sl\":\"fromage-fondu-suisse-tranche-armstrong-16626\",\"sn\":\"fromages\",\"idxP\":21},{\"mq\":\"Armstrong\",\"nm\":\"Fromage fondu jaune tranch\u00E9\",\"nme\":\"Sliced Yellow Process Cheese\",\"attr\":\"\",\"sku\":\"16625\",\"l2\":\"Fromage\",\"sl\":\"fromage-fondu-jaune-tranche-armstrong-16625\",\"sn\":\"fromages\",\"idxP\":40},{\"mq\":\"Chef Nutri\",\"nm\":\"Fromage garniture pizza m\u00E9lange analogue cheddar\",\"nme\":\"Pizza Cheddar Analog Cheese Mix\",\"attr\":\"\",\"sku\":\"17818\",\"l2\":\"Fromage\",\"sl\":\"fromage-garniture-pizza-melange-analogue-cheddar-chef-nutri-17818\",\"sn\":\"\",\"idxP\":93},{\"mq\":\"Chef Nutri\",\"nm\":\"Fromage tranch\u00E9 ruban cheddar\",\"nme\":\"Sliced Ribbon Cheddar Cheese\",\"attr\":\"\",\"sku\":\"17451\",\"l2\":\"Fromage\",\"sl\":\"fromage-tranche-ruban-cheddar-chef-nutri-17451\",\"sn\":\"\",\"idxP\":47},{\"mq\":\"Krinos\",\"nm\":\"Fromage feta au lait de ch\u00E8vre\",\"nme\":\"Goat Milk Feta Cheese\",\"attr\":\"Sans gluten\",\"sku\":\"17054\",\"l2\":\"Fromage\",\"sl\":\"fromage-feta-au-lait-de-chevre-krinos-17054\",\"sn\":\"\",\"idxP\":35},{\"mq\":\"Black Diamond\",\"nm\":\"Pr\u00E9paration fromage fondu pr\u00E9coup\u00E9 suisse\",\"nme\":\"Pre-cut swiss processed  cheese\",\"attr\":\"\",\"sku\":\"19668\",\"l2\":\"Fromage\",\"sl\":\"preparation-fromage-fondu-precoupe-suisse-black-diamond-19668\",\"sn\":\"fromages\",\"idxP\":14},{\"mq\":\"Saputo\",\"nm\":\"Caciocavallo fum\u00E9\",\"nme\":\"Smoked Caciacavallo\",\"attr\":\"Aliment du Qu\u00E9bec, Produit local\",\"sku\":\"17566\",\"l2\":\"Fromage\",\"sl\":\"caciocavallo-fume-saputo-17566\",\"sn\":\"\",\"idxP\":73},{\"mq\":\"Auricchio\",\"nm\":\"Provolone Bocce meule\",\"nme\":\"Provolone Bocce\",\"attr\":\"\",\"sku\":\"28221\",\"l2\":\"Fromage\",\"sl\":\"provolone-bocce-meule-auricchio-28221\",\"sn\":\"\",\"idxP\":7},{\"mq\":\"Chef Nutri\",\"nm\":\"Fromage tranch\u00E9 ruban style suisse\",\"nme\":\"Swiss Style Sliced Ribbon Cheese\",\"attr\":\"\",\"sku\":\"22954\",\"l2\":\"Fromage\",\"sl\":\"fromage-tranche-ruban-style-suisse-chef-nutri-22954\",\"sn\":\"\",\"idxP\":78},{\"mq\":\"Skotidakis\",\"nm\":\"Fromage feta l\u00E9g\u00E8re en d\u00E9s\",\"nme\":\"Light Feta Cheese Cubes\",\"attr\":\"\",\"sku\":\"16435\",\"l2\":\"Fromage\",\"sl\":\"fromage-feta-legere-en-des-skotidakis-16435\",\"sn\":\"\",\"idxP\":52},{\"mq\":\"Emmi\",\"nm\":\"Raclette suisse au poivre coup\u00E9\",\"nme\":\"Swiss Pepper Raclette Cut\",\"attr\":\"\",\"sku\":\"20185\",\"l2\":\"Fromage\",\"sl\":\"raclette-suisse-au-poivre-coupe-emmi-20185\",\"sn\":\"\",\"idxP\":7},{\"mq\":\"Saputo\",\"nm\":\"Bocconcini canadien 3 kg\",\"nme\":\"Canadian Bocconcini\",\"attr\":\"Aliment du Qu\u00E9bec, Produit local\",\"sku\":\"29131\",\"l2\":\"Fromage\",\"sl\":\"bocconcini-canadien-3-kg-saputo-29131\",\"sn\":\"boconccini\",\"idxP\":43},{\"mq\":\"Saputo\",\"nm\":\"Mozzarella 15%\",\"nme\":\"15% Mozzarella Cheese\",\"attr\":\"Aliment du Qu\u00E9bec\",\"sku\":\"25411\",\"l2\":\"Fromage\",\"sl\":\"mozzarella-15-saputo-25411\",\"sn\":\"\",\"idxP\":39},{\"mq\":\"Saputo\",\"nm\":\"Caciocavallo fum\u00E9 petit boule\",\"nme\":\"Smoked Caciocavallo Small Ball\",\"attr\":\"Aliment du Qu\u00E9bec, Produit local\",\"sku\":\"30694\",\"l2\":\"Fromage\",\"sl\":\"caciocavallo-fume-petit-boule-saputo-30694\",\"sn\":\"\",\"idxP\":47},{\"mq\":\"Auricchio\",\"nm\":\"Provolone italien doux salamino\",\"nme\":\"Mild Italian Salamino Provolone\",\"attr\":\"\",\"sku\":\"17926\",\"l2\":\"Fromage\",\"sl\":\"provolone-italien-doux-salamino-auricchio-17926\",\"sn\":\"\",\"idxP\":3},{\"mq\":\"Arla\",\"nm\":\"Fromage feta dans l'huile Apetina\",\"nme\":\"Apetina Feta Cheese in Oil 265 g\",\"attr\":\"\",\"sku\":\"30602\",\"l2\":\"Fromage\",\"sl\":\"fromage-feta-dans-lhuile-apetina-arla-30602\",\"sn\":\"\",\"idxP\":34},{\"mq\":\"Saputo\",\"nm\":\"Ricotta italienne\",\"nme\":\"Italian Ricotta Cheese\",\"attr\":\"\",\"sku\":\"17319\",\"l2\":\"Fromage\",\"sl\":\"ricotta-italienne-saputo-17319\",\"sn\":\"\",\"idxP\":71},{\"mq\":\"Polenghi\",\"nm\":\"Mascarpone italien\",\"nme\":\"Italian Mascarpone\",\"attr\":\"\",\"sku\":\"29134\",\"l2\":\"Fromage\",\"sl\":\"mascarpone-italien-polenghi-29134\",\"sn\":\"\",\"idxP\":61},{\"mq\":\"Saputo\",\"nm\":\"Caciocavallo medium petit boule\",\"nme\":\"Medium Caciocavallo Small Bowl\",\"attr\":\"Aliment du Qu\u00E9bec, Produit local\",\"sku\":\"30695\",\"l2\":\"Fromage\",\"sl\":\"caciocavallo-medium-petit-boule-saputo-30695\",\"sn\":\"\",\"idxP\":36},{\"mq\":\"Doric\",\"nm\":\"Fromage feta style mac\u00E9donien\",\"nme\":\"Macedonian Style Feta Cheese\",\"attr\":\"Sans gluten\",\"sku\":\"29371\",\"l2\":\"Fromage\",\"sl\":\"fromage-feta-style-macedonien-doric-29371\",\"sn\":\"\",\"idxP\":25},{\"mq\":\"Saputo\",\"nm\":\"Bocconcini canadien\",\"nme\":\"Canadian Bocconcini\",\"attr\":\"Sans gluten, Aliment du Qu\u00E9bec, Produit local\",\"sku\":\"31857\",\"l2\":\"Fromage\",\"sl\":\"bocconcini-canadien-saputo-31857\",\"sn\":\"boconccini\",\"idxP\":66},{\"mq\":\"Salerno\",\"nm\":\"Ricotta fra\u00EEche\",\"nme\":\"Fresh Ricotta Cheese\",\"attr\":\"\",\"sku\":\"21171\",\"l2\":\"Fromage\",\"sl\":\"ricotta-fraiche-salerno-21171\",\"sn\":\"\",\"idxP\":47},{\"mq\":\"Saputo\",\"nm\":\"Mozzarellissima\",\"nme\":\"Mozzarellissima Cheese\",\"attr\":\"\",\"sku\":\"30058\",\"l2\":\"Fromage\",\"sl\":\"mozzarellissima-saputo-30058\",\"sn\":\"\",\"idxP\":-3},{\"mq\":\"Saputo\",\"nm\":\"Fromage feta l\u00E9ger\",\"nme\":\"Light Feta Cheese\",\"attr\":\"\",\"sku\":\"35200\",\"l2\":\"Fromage\",\"sl\":\"fromage-feta-leger-saputo-35200\",\"sn\":\"\",\"idxP\":48},{\"mq\":\"Black Diamond\",\"nm\":\"Pr\u00E9paration fromage fondu pr\u00E9coup\u00E9 blanc\",\"nme\":\"Pre-cut white processed   cheese\",\"attr\":\"\",\"sku\":\"19948\",\"l2\":\"Fromage\",\"sl\":\"preparation-fromage-fondu-precoupe-blanc-black-diamond-19948\",\"sn\":\"fromages\",\"idxP\":21},{\"mq\":\"Tre Stelle\",\"nm\":\"Bocconcini mini\",\"nme\":\"Bocconcini Mini\",\"attr\":\"\",\"sku\":\"37537\",\"l2\":\"Fromage\",\"sl\":\"bocconcini-mini-tre-stelle-37537\",\"sn\":\"boconccini\",\"idxP\":66},{\"mq\":\"Saputo\",\"nm\":\"Mozzarina fresca\",\"nme\":\"Fresca Mozzarina Cheese\",\"attr\":\"Aliment du Qu\u00E9bec\",\"sku\":\"32696\",\"l2\":\"Fromage\",\"sl\":\"mozzarina-fresca-saputo-32696\",\"sn\":\"\",\"idxP\":65},{\"mq\":\"Skotidakis\",\"nm\":\"Fromage feta Petros au lait de vache\",\"nme\":\"Petros Cow Milk Feta Cheese\",\"attr\":\"\",\"sku\":\"34303\",\"l2\":\"Fromage\",\"sl\":\"fromage-feta-petros-au-lait-de-vache-skotidakis-34303\",\"sn\":\"\",\"idxP\":31},{\"mq\":\"Saputo\",\"nm\":\"Mozzarellissima 15%\",\"nme\":\"15% Mozzarellissima Cheese\",\"attr\":\"Aliment du Qu\u00E9bec\",\"sku\":\"29133\",\"l2\":\"Fromage\",\"sl\":\"mozzarellissima-15-saputo-29133\",\"sn\":\"\",\"idxP\":66},{\"mq\":\"Saputo\",\"nm\":\"Mozzarella 20%\",\"nme\":\"20% Mozzarella Cheese\",\"attr\":\"Aliment du Qu\u00E9bec\",\"sku\":\"34660\",\"l2\":\"Fromage\",\"sl\":\"mozzarella-20-saputo-34660\",\"sn\":\"\",\"idxP\":87},{\"mq\":\"Tre Stelle\",\"nm\":\"Mascarpone\",\"nme\":\"Mascarpone\",\"attr\":\"\",\"sku\":\"37278\",\"l2\":\"Fromage\",\"sl\":\"mascarpone-tre-stelle-37278\",\"sn\":\"\",\"idxP\":44},{\"mq\":\"Skotidakis\",\"nm\":\"Fromage feta au lait de vache\",\"nme\":\"Cow Milk Feta Cheese\",\"attr\":\"\",\"sku\":\"44345\",\"l2\":\"Fromage\",\"sl\":\"fromage-feta-au-lait-de-vache-skotidakis-44345\",\"sn\":\"\",\"idxP\":42},{\"mq\":\"Saputo\",\"nm\":\"Bocconcini mini canadien\",\"nme\":\"Canadian Bocconcini Mini\",\"attr\":\"Aliment du Qu\u00E9bec, Produit local\",\"sku\":\"31856\",\"l2\":\"Fromage\",\"sl\":\"bocconcini-mini-canadien-saputo-31856\",\"sn\":\"boconccini\",\"idxP\":62},{\"mq\":\"Arla\",\"nm\":\"Piave Vecchio meule\",\"nme\":\"Piave Vecchio Wheel\",\"attr\":\"\",\"sku\":\"06954\",\"l2\":\"Fromage\",\"sl\":\"piave-vecchio-meule-arla-06954\",\"sn\":\"\",\"idxP\":1},{\"mq\":\"La Chaudi\u00E8re\",\"nm\":\"Fromage tortillon D\u00E9gu\u00E9dine\",\"nme\":\"D\u00E9gu\u00E9dine Twist Cheese\",\"attr\":\"Aliment du Qu\u00E9bec, Produit local\",\"sku\":\"11541\",\"l2\":\"Fromage\",\"sl\":\"fromage-tortillon-deguedine-la-chaudiere-11541\",\"sn\":\"fromages\",\"idxP\":36},{\"mq\":\"Doric\",\"nm\":\"Fromage feta style mac\u00E9donien\",\"nme\":\"Macedonian Style Feta Cheese\",\"attr\":\"Sans gluten\",\"sku\":\"37443\",\"l2\":\"Fromage\",\"sl\":\"fromage-feta-style-macedonien-doric-37443\",\"sn\":\"\",\"idxP\":56},{\"mq\":\"Skotidakis\",\"nm\":\"Fromage feta au lait de vache et de ch\u00E8vre\",\"nme\":\"Cow and Goat Milk Feta Cheese\",\"attr\":\"\",\"sku\":\"42765\",\"l2\":\"Fromage\",\"sl\":\"fromage-feta-au-lait-de-vache-et-de-chevre-skotidakis-42765\",\"sn\":\"\",\"idxP\":31},{\"mq\":\"Skotidakis\",\"nm\":\"Fromage feta au lait de ch\u00E8vre\",\"nme\":\"Goat Milk Feta Cheese\",\"attr\":\"\",\"sku\":\"35204\",\"l2\":\"Fromage\",\"sl\":\"fromage-feta-au-lait-de-chevre-skotidakis-35204\",\"sn\":\"\",\"idxP\":56},{\"mq\":\"Saputo\",\"nm\":\"Mozzarella\",\"nme\":\"Mozzarella Cheese\",\"attr\":\"\",\"sku\":\"36711\",\"l2\":\"Fromage\",\"sl\":\"mozzarella-saputo-36711\",\"sn\":\"\",\"idxP\":75},{\"mq\":\"Tre Stelle\",\"nm\":\"Bocconcini l\u00E9ger\",\"nme\":\"Light Bocconcini\",\"attr\":\"\",\"sku\":\"48788\",\"l2\":\"Fromage\",\"sl\":\"bocconcini-leger-tre-stelle-48788\",\"sn\":\"boconccini\",\"idxP\":37},{\"mq\":\"Skotidakis\",\"nm\":\"Fromage feta au lait de ch\u00E8vre\",\"nme\":\"Goat Milk Feta Cheese\",\"attr\":\"\",\"sku\":\"41789\",\"l2\":\"Fromage\",\"sl\":\"fromage-feta-au-lait-de-chevre-skotidakis-41789\",\"sn\":\"\",\"idxP\":54},{\"mq\":\"Tre Stelle\",\"nm\":\"Perles de bocconcini\",\"nme\":\"Bocconcini Pearls\",\"attr\":\"\",\"sku\":\"49481\",\"l2\":\"Fromage\",\"sl\":\"perles-de-bocconcini-tre-stelle-49481\",\"sn\":\"boconccini\",\"idxP\":52},{\"mq\":\"Auricchio\",\"nm\":\"Provolone italien doux entier\",\"nme\":\"Mild Italian Provolone\",\"attr\":\"\",\"sku\":\"17928\",\"l2\":\"Fromage\",\"sl\":\"provolone-italien-doux-entier-auricchio-17928\",\"sn\":\"\",\"idxP\":0},{\"mq\":\"Princeville\",\"nm\":\"Fromage de ch\u00E8vre\",\"nme\":\"Goat Cheese\",\"attr\":\"Aliment du Qu\u00E9bec, Produit local\",\"sku\":\"07105\",\"l2\":\"Fromage\",\"sl\":\"fromage-de-chevre-princeville-07105\",\"sn\":\"fromages\",\"idxP\":33},{\"mq\":\"Pr\u00E9sident\",\"nm\":\"Fromage brie\",\"nme\":\"Brie Cheese\",\"attr\":\"\",\"sku\":\"22353\",\"l2\":\"Fromage\",\"sl\":\"fromage-brie-president-22353\",\"sn\":\"\",\"idxP\":59},{\"mq\":\"\u00CEle aux Grues\",\"nm\":\"Cheddar medium\",\"nme\":\"Medium Cheddar Cheese\",\"attr\":\"Aliment du Qu\u00E9bec, Produit local\",\"sku\":\"07773\",\"l2\":\"Fromage\",\"sl\":\"cheddar-medium-ile-aux-grues-07773\",\"sn\":\"\",\"idxP\":45},{\"mq\":\"Saint Henri\",\"nm\":\"Fromage en grain pour poutine\",\"nme\":\"Poutine Cheese Curds\",\"attr\":\"\",\"sku\":\"18745\",\"l2\":\"Fromage\",\"sl\":\"fromage-en-grain-pour-poutine-saint-henri-18745\",\"sn\":\"fromages\",\"idxP\":68},{\"mq\":\"Pecorino\",\"nm\":\"Romano italien entier\",\"nme\":\"Italian Romano Wheel\",\"attr\":\"\",\"sku\":\"17976\",\"l2\":\"Fromage\",\"sl\":\"romano-italien-entier-pecorino-17976\",\"sn\":\"\",\"idxP\":8},{\"mq\":\"Pr\u00E9sident\",\"nm\":\"Fromage Camembert\",\"nme\":\"Camembert Cheese\",\"attr\":\"\",\"sku\":\"22352\",\"l2\":\"Fromage\",\"sl\":\"fromage-camembert-president-22352\",\"sn\":\"\",\"idxP\":59},{\"mq\":\"Riviera\",\"nm\":\"Cheddar blanc doux\",\"nme\":\"Mild White Cheddar\",\"attr\":\"Aliment du Qu\u00E9bec, Sans lactose, Produit local\",\"sku\":\"33719\",\"l2\":\"Fromage\",\"sl\":\"cheddar-blanc-doux-riviera-33719\",\"sn\":\"\",\"idxP\":52},{\"mq\":\"Castello\",\"nm\":\"Camembert\",\"nme\":\"Camembert\",\"attr\":\"\",\"sku\":\"30477\",\"l2\":\"Fromage\",\"sl\":\"camembert-castello-30477\",\"sn\":\"\",\"idxP\":30},{\"mq\":\"La Chaudi\u00E8re\",\"nm\":\"Cheddar jaune doux petit\",\"nme\":\"Small Mild Yellow Cheddar\",\"attr\":\"Aliment du Qu\u00E9bec, Produit local\",\"sku\":\"33965\",\"l2\":\"Fromage\",\"sl\":\"cheddar-jaune-doux-petit-la-chaudiere-33965\",\"sn\":\"\",\"idxP\":14},{\"mq\":\"Sifor\",\"nm\":\"Crotonese piment rouge meule\",\"nme\":\"Red Pepper Crotonese Cheese Wheel\",\"attr\":\"\",\"sku\":\"07810\",\"l2\":\"Fromage\",\"sl\":\"crotonese-piment-rouge-meule-sifor-07810\",\"sn\":\"piments\",\"idxP\":11},{\"mq\":\"BioBio\",\"nm\":\"Cheddar fort biologique entier\",\"nme\":\"Organic Strong Cheddar Wheel\",\"attr\":\"Sans gluten, Biologique, Aliment du Qu\u00E9bec, Sans lactose, Produit local\",\"sku\":\"18701\",\"l2\":\"Fromage\",\"sl\":\"cheddar-fort-biologique-entier-biobio-18701\",\"sn\":\"biologique, bio, organic, organique\",\"idxP\":11},{\"mq\":\"La Chaudi\u00E8re\",\"nm\":\"Cheddar marbr\u00E9 doux\",\"nme\":\"Mild Marbled Cheddar\",\"attr\":\"Aliment du Qu\u00E9bec, Produit local\",\"sku\":\"33966\",\"l2\":\"Fromage\",\"sl\":\"cheddar-marbre-doux-la-chaudiere-33966\",\"sn\":\"\",\"idxP\":37},{\"mq\":\"Bellavitano\",\"nm\":\"Fromage balsamique meule\",\"nme\":\"Balsamic Cheese Wheel\",\"attr\":\"\",\"sku\":\"23498\",\"l2\":\"Fromage\",\"sl\":\"fromage-balsamique-meule-bellavitano-23498\",\"sn\":\"fromages\",\"idxP\":8},{\"mq\":\"Petit Qu\u00E9bec\",\"nm\":\"Cheddar blanc doux go\u00FBters\",\"nme\":\"Mild White Cheddar Snacks\",\"attr\":\"\",\"sku\":\"24518\",\"l2\":\"Fromage\",\"sl\":\"cheddar-blanc-doux-gouters-petit-quebec-24518\",\"sn\":\"\",\"idxP\":67},{\"mq\":\"Riviera\",\"nm\":\"Cheddar marbr\u00E9 doux\",\"nme\":\"Mild Marbled Cheddar\",\"attr\":\"Aliment du Qu\u00E9bec, Sans lactose, Produit local\",\"sku\":\"34920\",\"l2\":\"Fromage\",\"sl\":\"cheddar-marbre-doux-riviera-34920\",\"sn\":\"\",\"idxP\":57},{\"mq\":\"Ile de France\",\"nm\":\"Fromage brie double cr\u00E8me meule\",\"nme\":\"Double Cream Brie Cheese Wheel\",\"attr\":\"\",\"sku\":\"24888\",\"l2\":\"Fromage\",\"sl\":\"fromage-brie-double-creme-meule-ile-de-france-24888\",\"sn\":\"fromages\",\"idxP\":6},{\"mq\":\"Perron\",\"nm\":\"Cheddar porto\",\"nme\":\"Porto Cheddar\",\"attr\":\"Aliment du Qu\u00E9bec, Produit local\",\"sku\":\"35372\",\"l2\":\"Fromage\",\"sl\":\"cheddar-porto-perron-35372\",\"sn\":\"\",\"idxP\":24},{\"mq\":\"Alexis de Portneuf\",\"nm\":\"Fromage brie triple cr\u00E8me Cendr\u00E9 de Lune\",\"nme\":\"Cendr\u00E9 de Lune Triple Cream Brie Cheese\",\"attr\":\"Aliment du Qu\u00E9bec, Produit local\",\"sku\":\"18128\",\"l2\":\"Fromage\",\"sl\":\"fromage-brie-triple-creme-cendre-de-lune-alexis-de-portneuf-18128\",\"sn\":\"\",\"idxP\":15},{\"mq\":\"Ch\u00E2teau de Bourgogne\",\"nm\":\"Fromage triple cr\u00E8me\",\"nme\":\"Triple Cream Cheese\",\"attr\":\"\",\"sku\":\"32044\",\"l2\":\"Fromage\",\"sl\":\"fromage-triple-creme-chateau-de-bourgogne-32044\",\"sn\":\"fromages\",\"idxP\":56},{\"mq\":\"Perron\",\"nm\":\"Cheddar 4 ans\",\"nme\":\"4-Year Old Cheddar\",\"attr\":\"Aliment du Qu\u00E9bec, Produit local\",\"sku\":\"35373\",\"l2\":\"Fromage\",\"sl\":\"cheddar-4-ans-perron-35373\",\"sn\":\"\",\"idxP\":24},{\"mq\":\"Riviera\",\"nm\":\"Fromage en grain pour poutine\",\"nme\":\"Poutine Grain Cheese\",\"attr\":\"Aliment du Qu\u00E9bec, Produit local\",\"sku\":\"30776\",\"l2\":\"Fromage\",\"sl\":\"fromage-en-grain-pour-poutine-riviera-30776\",\"sn\":\"fromages\",\"idxP\":72},{\"mq\":\"Cracker Barrel\",\"nm\":\"Cheddar jaune mi-fort en portion\",\"nme\":\"Mid-Mild Yellow Cheddar Portion\",\"attr\":\"\",\"sku\":\"36920\",\"l2\":\"Fromage\",\"sl\":\"cheddar-jaune-mi-fort-en-portion-cracker-barrel-36920\",\"sn\":\"\",\"idxP\":23},{\"mq\":\"Perron\",\"nm\":\"Cheddar bi\u00E8re noire\",\"nme\":\"Dark Beer Cheddar\",\"attr\":\"Produit local\",\"sku\":\"35375\",\"l2\":\"Fromage\",\"sl\":\"cheddar-biere-noire-perron-35375\",\"sn\":\"\",\"idxP\":16},{\"mq\":\"Alexis de Portneuf\",\"nm\":\"Fromage brie double cr\u00E8me meule\",\"nme\":\"Double Cream Brie Cheese Wheel\",\"attr\":\"Aliment du Qu\u00E9bec, Produit local\",\"sku\":\"37031\",\"l2\":\"Fromage\",\"sl\":\"fromage-brie-double-creme-meule-alexis-de-portneuf-37031\",\"sn\":\"\",\"idxP\":15},{\"mq\":\"Fritz Kaiser\",\"nm\":\"Fromage la mascotte meule\",\"nme\":\"La Mascotte Cheese Wheel\",\"attr\":\"Aliment du Qu\u00E9bec, Produit local\",\"sku\":\"37237\",\"l2\":\"Fromage\",\"sl\":\"fromage-la-mascotte-meule-fritz-kaiser-37237\",\"sn\":\"\",\"idxP\":2},{\"mq\":\"Perron\",\"nm\":\"Cheddar 2 ans\",\"nme\":\"2-Year Old Cheddar\",\"attr\":\"Aliment du Qu\u00E9bec, Produit local\",\"sku\":\"35374\",\"l2\":\"Fromage\",\"sl\":\"cheddar-2-ans-perron-35374\",\"sn\":\"\",\"idxP\":28},{\"mq\":\"Chevalier\",\"nm\":\"Fromage brie canadien triple cr\u00E8me meule\",\"nme\":\"Triple Cream Canadian Brie Cheese Wheel\",\"attr\":\"Aliment du Qu\u00E9bec, Produit local\",\"sku\":\"46463\",\"l2\":\"Fromage\",\"sl\":\"fromage-brie-canadien-triple-creme-meule-chevalier-46463\",\"sn\":\"fromages\",\"idxP\":23},{\"mq\":\"Castello\",\"nm\":\"Fromage brie\",\"nme\":\"Brie Cheese\",\"attr\":\"\",\"sku\":\"30479\",\"l2\":\"Fromage\",\"sl\":\"fromage-brie-castello-30479\",\"sn\":\"fromages\",\"idxP\":44},{\"mq\":\"Woolwich\",\"nm\":\"Fromage de ch\u00E8vre vanille bleuet b\u00FBche\",\"nme\":\"Vanilla Blueberry Goat Cheese Log\",\"attr\":\"Produit local\",\"sku\":\"30481\",\"l2\":\"Fromage\",\"sl\":\"fromage-de-chevre-vanille-bleuet-buche-woolwich-30481\",\"sn\":\"fromages\",\"idxP\":30},{\"mq\":\"Alexis de Portneuf\",\"nm\":\"Fromage brie Alexis de Portneuf\",\"nme\":\"Alexis de Portneuf Brie Cheese\",\"attr\":\"Produit local\",\"sku\":\"45585\",\"l2\":\"Fromage\",\"sl\":\"fromage-brie-alexis-de-portneuf-alexis-de-portneuf-45585\",\"sn\":\"\",\"idxP\":53},{\"mq\":\"Grey Owl\",\"nm\":\"Fromage de ch\u00E8vre cendr\u00E9 meule\",\"nme\":\"Ash Coated Goat Cheese Wheel\",\"attr\":\"\",\"sku\":\"36827\",\"l2\":\"Fromage\",\"sl\":\"fromage-de-chevre-cendre-meule-grey-owl-36827\",\"sn\":\"fromages\",\"idxP\":2},{\"mq\":\"Alexis de Portneuf\",\"nm\":\"Fromage \u00E0 p\u00E2te molle Bonaparte\",\"nme\":\"Bonaparte Soft Ripened Surface Cheese\",\"attr\":\"Produit local\",\"sku\":\"38565\",\"l2\":\"Fromage\",\"sl\":\"fromage-a-pate-molle-bonaparte-alexis-de-portneuf-38565\",\"sn\":\"fromages\",\"idxP\":58},{\"mq\":\"Tre Stelle\",\"nm\":\"Cheddar fum\u00E9 meule\",\"nme\":\"Smoked Cheddar Cheese Wheel\",\"attr\":\"\",\"sku\":\"37271\",\"l2\":\"Fromage\",\"sl\":\"cheddar-fume-meule-tre-stelle-37271\",\"sn\":\"\",\"idxP\":12},{\"mq\":\"Fleuron\",\"nm\":\"Fromage bleu fermier meule\",\"nme\":\"Farmhouse Blue Cheese Wheel\",\"attr\":\"Biologique, Produit local\",\"sku\":\"20005\",\"l2\":\"Fromage\",\"sl\":\"fromage-bleu-fermier-meule-fleuron-20005\",\"sn\":\"biologique, bio, organic, organique\",\"idxP\":5},{\"mq\":\"Primo Sale\",\"nm\":\"Fromage de brebis sal\u00E9 Mignon meule\",\"nme\":\"Mignon Salted sheep Cheese Wheel\",\"attr\":\"\",\"sku\":\"37086\",\"l2\":\"Fromage\",\"sl\":\"fromage-de-brebis-sale-mignon-meule-primo-sale-37086\",\"sn\":\"fromages\",\"idxP\":15},{\"mq\":\"Nouvelle France\",\"nm\":\"Zacharie cloutier lait cru meule\",\"nme\":\"Raw Milk Zacharie Cloutier  Wheel\",\"attr\":\"Produit local\",\"sku\":\"22232\",\"l2\":\"Fromage\",\"sl\":\"zacharie-cloutier-lait-cru-meule-nouvelle-france-22232\",\"sn\":\"\",\"idxP\":7},{\"mq\":\"Saint-Beno\u00EEt-du-Lac\",\"nm\":\"Fromage bleu Ermite meule\",\"nme\":\"Ermite Blue Cheese Wheel\",\"attr\":\"Sans gluten, Aliment du Qu\u00E9bec, Sans lactose, Produit local\",\"sku\":\"22279\",\"l2\":\"Fromage\",\"sl\":\"fromage-bleu-ermite-meule-saint-benoit-du-lac-22279\",\"sn\":\"\",\"idxP\":5}], [{\"mq\":\"La Chaudi\u00E8re\",\"nm\":\"Cheddar blanc fort\",\"nme\":\"Old White Cheddar Wheel\",\"attr\":\"Aliment du Qu\u00E9bec, Produit local\",\"sku\":\"37548\",\"l2\":\"Fromage\",\"sl\":\"cheddar-blanc-fort-la-chaudiere-37548\",\"sn\":\"\",\"idxP\":45},{\"mq\":\"Woolwich\",\"nm\":\"Fromage de ch\u00E8vre au piment fort\",\"nme\":\"Hot Pepper Goat Cheese\",\"attr\":\"Produit local\",\"sku\":\"24687\",\"l2\":\"Fromage\",\"sl\":\"fromage-de-chevre-au-piment-fort-woolwich-24687\",\"sn\":\"fromages\",\"idxP\":20},{\"mq\":\"La Mancha\",\"nm\":\"Fromage de ch\u00E8vre \u00E0 p\u00E2te molle meule\",\"nme\":\"Soft Goat Cheese Wheel\",\"attr\":\"Aliment du Qu\u00E9bec, Produit local\",\"sku\":\"24411\",\"l2\":\"Fromage\",\"sl\":\"fromage-de-chevre-a-pate-molle-meule-la-mancha-24411\",\"sn\":\"fromages\",\"idxP\":2},{\"mq\":\"Woolwich\",\"nm\":\"Fromage de ch\u00E8vre \u00E0 l'ail\",\"nme\":\"Garlic Goat Cheese\",\"attr\":\"Produit local\",\"sku\":\"24689\",\"l2\":\"Fromage\",\"sl\":\"fromage-de-chevre-a-lail-woolwich-24689\",\"sn\":\"fromages\",\"idxP\":17},{\"mq\":\"Ile de France\",\"nm\":\"Fromage bleu roquefort meule\",\"nme\":\"Roquefort Blue Cheese Wheel\",\"attr\":\"\",\"sku\":\"24967\",\"l2\":\"Fromage\",\"sl\":\"fromage-bleu-roquefort-meule-ile-de-france-24967\",\"sn\":\"fromages\",\"idxP\":7},{\"mq\":\"Alexis de Portneuf\",\"nm\":\"Fromage bleu M\u00E9t\u00E9orite\",\"nme\":\"M\u00E9t\u00E9orite Blue Cheese\",\"attr\":\"Produit local\",\"sku\":\"33803\",\"l2\":\"Fromage\",\"sl\":\"fromage-bleu-meteorite-alexis-de-portneuf-33803\",\"sn\":\"\",\"idxP\":20},{\"mq\":\"Saint-Beno\u00EEt-du-Lac\",\"nm\":\"Fromage bleu fum\u00E9 meule\",\"nme\":\"Smoked Blue Cheese Wheel\",\"attr\":\"Sans gluten, Aliment du Qu\u00E9bec, Sans lactose, Produit local\",\"sku\":\"34656\",\"l2\":\"Fromage\",\"sl\":\"fromage-bleu-fume-meule-saint-benoit-du-lac-34656\",\"sn\":\"\",\"idxP\":6},{\"mq\":\"Fromagerie du Presbyt\u00E8re\",\"nm\":\"Fromage Bleu d'Elizabeth meule\",\"nme\":\"Blue d'Elizabeth Cheese Wheel\",\"attr\":\"Produit local\",\"sku\":\"36778\",\"l2\":\"Fromage\",\"sl\":\"fromage-bleu-delizabeth-meule-fromagerie-du-presbytere-36778\",\"sn\":\"\",\"idxP\":6},{\"mq\":\"Alexis de Portneuf\",\"nm\":\"Fromage de ch\u00E8vre b\u00FBche Paillot meule\",\"nme\":\"Paillot Log Goat Cheese Wheel\",\"attr\":\"Produit local\",\"sku\":\"34435\",\"l2\":\"Fromage\",\"sl\":\"fromage-de-chevre-buche-paillot-meule-alexis-de-portneuf-34435\",\"sn\":\"fromages\",\"idxP\":66},{\"mq\":\"Caronzola\",\"nm\":\"Fromage bleu\",\"nme\":\"Blue Cheese\",\"attr\":\"\",\"sku\":\"36769\",\"l2\":\"Fromage\",\"sl\":\"fromage-bleu-caronzola-36769\",\"sn\":\"fromages\",\"idxP\":13},{\"mq\":\"Woolwich\",\"nm\":\"Fromage de ch\u00E8vre aux fines herbes\",\"nme\":\"Herbs Goat Cheese\",\"attr\":\"Produit local\",\"sku\":\"24681\",\"l2\":\"Fromage\",\"sl\":\"fromage-de-chevre-aux-fines-herbes-woolwich-24681\",\"sn\":\"fromages\",\"idxP\":28},{\"mq\":\"Castello\",\"nm\":\"Fromage bleu danois meule\",\"nme\":\"Danish Blue Cheese Wheel\",\"attr\":\"\",\"sku\":\"37436\",\"l2\":\"Fromage\",\"sl\":\"fromage-bleu-danois-meule-castello-37436\",\"sn\":\"fromages\",\"idxP\":34},{\"mq\":\"Alexis de Portneuf\",\"nm\":\"Fromage de ch\u00E8vre Caprano\",\"nme\":\"Caprano Goat Cheese\",\"attr\":\"Produit local\",\"sku\":\"32946\",\"l2\":\"Fromage\",\"sl\":\"fromage-de-chevre-caprano-alexis-de-portneuf-32946\",\"sn\":\"fromages\",\"idxP\":18},{\"mq\":\"Castello\",\"nm\":\"Fromage bleu danois extra cr\u00E9meux meule\",\"nme\":\"Extra Creamy Danish Blue Cheese Wheel\",\"attr\":\"\",\"sku\":\"36382\",\"l2\":\"Fromage\",\"sl\":\"fromage-bleu-danois-extra-cremeux-meule-castello-36382\",\"sn\":\"fromages\",\"idxP\":7},{\"mq\":\"Philadelphia\",\"nm\":\"Fromage \u00E0 la cr\u00E8me herbes et ail\",\"nme\":\"Herb and Garlic Cream Cheese\",\"attr\":\"\",\"sku\":\"07096\",\"l2\":\"Fromage\",\"sl\":\"fromage-a-la-creme-herbes-et-ail-philadelphia-07096\",\"sn\":\"fromages\",\"idxP\":2},{\"mq\":\"Soignon\",\"nm\":\"Fromage de ch\u00E8vre Sainte-Maure\",\"nme\":\"Sainte-Maure Goat Cheese\",\"attr\":\"\",\"sku\":\"24890\",\"l2\":\"Fromage\",\"sl\":\"fromage-de-chevre-sainte-maure-soignon-24890\",\"sn\":\"fromages\",\"idxP\":72},{\"mq\":\"Alexis de Portneuf\",\"nm\":\"Fromage bleu \u00E9miett\u00E9\",\"nme\":\"Crumbled Blue Cheese\",\"attr\":\"\",\"sku\":\"33822\",\"l2\":\"Fromage\",\"sl\":\"fromage-bleu-emiette-alexis-de-portneuf-33822\",\"sn\":\"fromages\",\"idxP\":13},{\"mq\":\"La Station\",\"nm\":\"Fromage au lait cru Alfred Le Fermier meule\",\"nme\":\"Raw Milk Alfred Le Fermier Cheese Wheel\",\"attr\":\"Biologique, Produit local\",\"sku\":\"07783\",\"l2\":\"Fromage\",\"sl\":\"fromage-au-lait-cru-alfred-le-fermier-meule-la-station-07783\",\"sn\":\"biologique, bio, organic, organique\",\"idxP\":7},{\"mq\":\"Alexis de Portneuf\",\"nm\":\"Fromage de ch\u00E8vre Paillot\",\"nme\":\"Paillot Goat Cheese\",\"attr\":\"Produit local\",\"sku\":\"49965\",\"l2\":\"Fromage\",\"sl\":\"fromage-de-chevre-paillot-alexis-de-portneuf-49965\",\"sn\":\"fromages\",\"idxP\":45},{\"mq\":\"Vache qui Rit\",\"nm\":\"Fromage fondu portion\",\"nme\":\"Process Cheese Portion\",\"attr\":\"Produit local\",\"sku\":\"09960\",\"l2\":\"Fromage\",\"sl\":\"fromage-fondu-portion-vache-qui-rit-09960\",\"sn\":\"fromages\",\"idxP\":62},{\"mq\":\"Racolli\",\"nm\":\"Pizza mozzarella r\u00E2p\u00E9e 19%\",\"nme\":\"19% Grated Pizza Mozzarella\",\"attr\":\"\",\"sku\":\"13146\",\"l2\":\"Fromage\",\"sl\":\"pizza-mozzarella-rapee-19-racolli-13146\",\"sn\":\"fromages\",\"idxP\":100},{\"mq\":\"Chef Nutri\",\"nm\":\"Fromage m\u00E9lange analogue cheddar parmesan\",\"nme\":\"Cheddar Parmesan Analog Cheese Mix\",\"attr\":\"\",\"sku\":\"17803\",\"l2\":\"Fromage\",\"sl\":\"fromage-melange-analogue-cheddar-parmesan-chef-nutri-17803\",\"sn\":\"\",\"idxP\":39},{\"mq\":\"Woolwich\",\"nm\":\"Fromage de ch\u00E8vre aux grains de poivre\",\"nme\":\"Pepper Grain Goat Cheese\",\"attr\":\"Produit local\",\"sku\":\"24690\",\"l2\":\"Fromage\",\"sl\":\"fromage-de-chevre-aux-grains-de-poivre-woolwich-24690\",\"sn\":\"fromages\",\"idxP\":19},{\"mq\":\"Les R\u00E9serves du Ch\u00E2teau\",\"nm\":\"Fromage fondue\",\"nme\":\"Fondue Cheese\",\"attr\":\"Sans gluten, Sans lactose\",\"sku\":\"07524\",\"l2\":\"Fromage\",\"sl\":\"fromage-fondue-les-reserves-du-chateau-07524\",\"sn\":\"fromages\",\"idxP\":100},{\"mq\":\"Boursin\",\"nm\":\"Fromage frais canneberge et poivre\",\"nme\":\"Cranberry And Pepper Fresh Cheese\",\"attr\":\"Aliment du Qu\u00E9bec\",\"sku\":\"09973\",\"l2\":\"Fromage\",\"sl\":\"fromage-frais-canneberge-et-poivre-boursin-09973\",\"sn\":\"fromages\",\"idxP\":47},{\"mq\":\"Sifor\",\"nm\":\"Crotonese au vinaigre balsamique meule\",\"nme\":\"Balsamic Vinegar Crotonese Wheel\",\"attr\":\"\",\"sku\":\"37071\",\"l2\":\"Fromage\",\"sl\":\"crotonese-au-vinaigre-balsamique-meule-sifor-37071\",\"sn\":\"\",\"idxP\":10},{\"mq\":\"Chevronne\",\"nm\":\"Fromage de ch\u00E8vre\",\"nme\":\"Goat Cheese\",\"attr\":\"Produit local\",\"sku\":\"37662\",\"l2\":\"Fromage\",\"sl\":\"fromage-de-chevre-chevronne-37662\",\"sn\":\"fromages\",\"idxP\":33},{\"mq\":\"Emmi\",\"nm\":\"Raclette tranch\u00E9e\",\"nme\":\"Sliced Raclette Cheese\",\"attr\":\"\",\"sku\":\"24880\",\"l2\":\"Fromage\",\"sl\":\"raclette-tranchee-emmi-24880\",\"sn\":\"\",\"idxP\":72},{\"mq\":\"Fromagerie du Presbyt\u00E8re\",\"nm\":\"Fromage Religieuse meule\",\"nme\":\"Religieuse Cheese Wheel\",\"attr\":\"Produit local\",\"sku\":\"24911\",\"l2\":\"Fromage\",\"sl\":\"fromage-religieuse-meule-fromagerie-du-presbytere-24911\",\"sn\":\"\",\"idxP\":7},{\"mq\":\"Boursin\",\"nm\":\"Fromage frais ail et fines herbes\",\"nme\":\"Garlic and Fine Herbs Fresh Cheese\",\"attr\":\"Aliment du Qu\u00E9bec\",\"sku\":\"22126\",\"l2\":\"Fromage\",\"sl\":\"fromage-frais-ail-et-fines-herbes-boursin-22126\",\"sn\":\"fromages\",\"idxP\":93},{\"mq\":\"Fritz Kaiser\",\"nm\":\"Fromage Zurigo 18% meule\",\"nme\":\"Zurigo 18% Cheese Wheel\",\"attr\":\"Aliment du Qu\u00E9bec, Produit local\",\"sku\":\"29578\",\"l2\":\"Fromage\",\"sl\":\"fromage-zurigo-18-meule-fritz-kaiser-29578\",\"sn\":\"\",\"idxP\":10},{\"mq\":\"Emmi\",\"nm\":\"Raclette suisse au poivre meule\",\"nme\":\"Swiss Pepper Raclette Wheel\",\"attr\":\"\",\"sku\":\"20184\",\"l2\":\"Fromage\",\"sl\":\"raclette-suisse-au-poivre-meule-emmi-20184\",\"sn\":\"\",\"idxP\":9},{\"mq\":\"Chic Fondue\",\"nm\":\"Fondue aux fromages et \u00E0 la bi\u00E8re\",\"nme\":\"Beer and Cheese Fondue\",\"attr\":\"Aliment du Qu\u00E9bec, Sans lactose, Produit local\",\"sku\":\"23104\",\"l2\":\"Fromage\",\"sl\":\"fondue-aux-fromages-et-a-la-biere-chic-fondue-23104\",\"sn\":\"fromages\",\"idxP\":15},{\"mq\":\"Reggiano\",\"nm\":\"Parmesan reggiano 16 Mois Meule\",\"nme\":\"Parmesan Reggiano 16 Month Wheel\",\"attr\":\"\",\"sku\":\"25406\",\"l2\":\"Fromage\",\"sl\":\"parmesan-reggiano-16-mois-meule-reggiano-25406\",\"sn\":\"\",\"idxP\":-2},{\"mq\":\"Boursin\",\"nm\":\"Fromage frais \u00E9chalotte et ciboulette\",\"nme\":\"Shallot Chives Fresh Cheese\",\"attr\":\"Aliment du Qu\u00E9bec\",\"sku\":\"09974\",\"l2\":\"Fromage\",\"sl\":\"fromage-frais-echalotte-et-ciboulette-boursin-09974\",\"sn\":\"fromages\",\"idxP\":66},{\"mq\":\"Chef Nutri\",\"nm\":\"M\u00E9lange analogue cheddar et montereyjack r\u00E2p\u00E9 2kg\",\"nme\":\"Grated Cheddar And Montereyjack Analog Mix 2kg\",\"attr\":\"\",\"sku\":\"17845\",\"l2\":\"Fromage\",\"sl\":\"melange-analogue-cheddar-et-montereyjack-rape-2kg-chef-nutri-17845\",\"sn\":\"\",\"idxP\":96},{\"mq\":\"Saint Henri\",\"nm\":\"Cheddar blanc r\u00E2p\u00E9\",\"nme\":\"White Shredded Cheddar\",\"attr\":\"\",\"sku\":\"29934\",\"l2\":\"Fromage\",\"sl\":\"cheddar-blanc-rape-saint-henri-29934\",\"sn\":\"\",\"idxP\":56},{\"mq\":\"Golosini\",\"nm\":\"Fromage parmesan r\u00E2p\u00E9 60%\",\"nme\":\"Grated Parmesan Cheese 60%\",\"attr\":\"\",\"sku\":\"29966\",\"l2\":\"Fromage\",\"sl\":\"fromage-parmesan-rape-60-golosini-29966\",\"sn\":\"fromages\",\"idxP\":50},{\"mq\":\"Fritz Kaiser\",\"nm\":\"Fromage raclette canadienne meule\",\"nme\":\"Canadian Raclette Cheese Wheel\",\"attr\":\"Aliment du Qu\u00E9bec, Produit local\",\"sku\":\"32832\",\"l2\":\"Fromage\",\"sl\":\"fromage-raclette-canadienne-meule-fritz-kaiser-32832\",\"sn\":\"\",\"idxP\":43},{\"mq\":\"Philadelphia\",\"nm\":\"Fromage \u00E0 la cr\u00E8me l\u00E9ger brique\",\"nme\":\"Light Cream Cheese Brick\",\"attr\":\"\",\"sku\":\"19128\",\"l2\":\"Fromage\",\"sl\":\"fromage-a-la-creme-leger-brique-philadelphia-19128\",\"sn\":\"fromages\",\"idxP\":28},{\"mq\":\"Chic Fondue\",\"nm\":\"Fondue aux fromages et au vin\",\"nme\":\"Wine and Cheese Fondue\",\"attr\":\"Sans gluten, Aliment du Qu\u00E9bec, Sans lactose, Produit local\",\"sku\":\"23101\",\"l2\":\"Fromage\",\"sl\":\"fondue-aux-fromages-et-au-vin-chic-fondue-23101\",\"sn\":\"fromages\",\"idxP\":22},{\"mq\":\"Ficello\",\"nm\":\"Mozzarella z\u00E9br\u00E9e jumbo\",\"nme\":\"Jumbo Zebre Mozzarella\",\"attr\":\"\",\"sku\":\"33512\",\"l2\":\"Fromage\",\"sl\":\"mozzarella-zebree-jumbo-ficello-33512\",\"sn\":\"\",\"idxP\":100},{\"mq\":\"Riviera\",\"nm\":\"Parmesan r\u00E2p\u00E9 sans lactose\",\"nme\":\"Lactose Free Grated Parmesan\",\"attr\":\"Sans lactose, Produit local\",\"sku\":\"32036\",\"l2\":\"Fromage\",\"sl\":\"parmesan-rape-sans-lactose-riviera-32036\",\"sn\":\"\",\"idxP\":55},{\"mq\":\"Golosini\",\"nm\":\"Fromage parmesan r\u00E2p\u00E9 60%\",\"nme\":\"Grated 60% Parmesan Cheese\",\"attr\":\"\",\"sku\":\"34998\",\"l2\":\"Fromage\",\"sl\":\"fromage-parmesan-rape-60-golosini-34998\",\"sn\":\"fromages\",\"idxP\":48},{\"mq\":\"Saputo\",\"nm\":\"Fromage r\u00E2p\u00E9 taco nacho\",\"nme\":\"Grated Taco Nacho Cheese\",\"attr\":\"\",\"sku\":\"35669\",\"l2\":\"Fromage\",\"sl\":\"fromage-rape-taco-nacho-saputo-35669\",\"sn\":\"fromages\",\"idxP\":64},{\"mq\":\"Philadelphia\",\"nm\":\"Fromage \u00E0 la cr\u00E8me nature fouett\u00E9\",\"nme\":\"Whipped Original Cream Cheese\",\"attr\":\"\",\"sku\":\"35945\",\"l2\":\"Fromage\",\"sl\":\"fromage-a-la-creme-nature-fouette-philadelphia-35945\",\"sn\":\"fromages\",\"idxP\":79},{\"mq\":\"14 Arpents\",\"nm\":\"Fromage fermier 14 Arpents meule\",\"nme\":\"14 Arpents Farm Cheese Wheel\",\"attr\":\"Produit local\",\"sku\":\"36775\",\"l2\":\"Fromage\",\"sl\":\"fromage-fermier-14-arpents-meule-14-arpents-36775\",\"sn\":\"fromages\",\"idxP\":8},{\"mq\":\"Philadelphia\",\"nm\":\"Fromage \u00E0 la cr\u00E8me nature\",\"nme\":\"Original Cream Cheese\",\"attr\":\"\",\"sku\":\"21633\",\"l2\":\"Fromage\",\"sl\":\"fromage-a-la-creme-nature-philadelphia-21633\",\"sn\":\"fromages\",\"idxP\":52},{\"mq\":\"Dor\u00E9-mi\",\"nm\":\"Fromage haloumi \u00E9pic\u00E9 au japaleno\",\"nme\":\"Jalapeno Spice Haloumi Cheese\",\"attr\":\"Produit local\",\"sku\":\"30391\",\"l2\":\"Fromage\",\"sl\":\"fromage-haloumi-epice-au-japaleno-dore-mi-30391\",\"sn\":\"\",\"idxP\":15},{\"mq\":\"Saputo\",\"nm\":\"Mozzarella r\u00E2p\u00E9e 15%\",\"nme\":\"Grated Mozzarella 15%\",\"attr\":\"\",\"sku\":\"35671\",\"l2\":\"Fromage\",\"sl\":\"mozzarella-rapee-15-saputo-35671\",\"sn\":\"\",\"idxP\":62},{\"mq\":\"Riviera\",\"nm\":\"Parmesan entier\",\"nme\":\"Parmesan Cheese Wheel\",\"attr\":\"\",\"sku\":\"33094\",\"l2\":\"Fromage\",\"sl\":\"parmesan-entier-riviera-33094\",\"sn\":\"\",\"idxP\":50},{\"mq\":\"Salerno\",\"nm\":\"Parmesan romano r\u00E2p\u00E9\",\"nme\":\"Grated Romano Parmesan\",\"attr\":\"\",\"sku\":\"34619\",\"l2\":\"Fromage\",\"sl\":\"parmesan-romano-rape-salerno-34619\",\"sn\":\"\",\"idxP\":18},{\"mq\":\"Golosini\",\"nm\":\"Fromage rap\u00E9 romano 80%\",\"nme\":\"80% Romano Grated Cheese\",\"attr\":\"\",\"sku\":\"29965\",\"l2\":\"Fromage\",\"sl\":\"fromage-rape-romano-80-golosini-29965\",\"sn\":\"fromages\",\"idxP\":20},{\"mq\":\"Dor\u00E9-mi\",\"nm\":\"Haloumi aux \u00E9pices m\u00E9diterran\u00E9ens\",\"nme\":\"Mediterranean Spices Haloumi Cheese\",\"attr\":\"Produit local\",\"sku\":\"30389\",\"l2\":\"Fromage\",\"sl\":\"haloumi-aux-epices-mediterraneens-dore-mi-30389\",\"sn\":\"\",\"idxP\":27},{\"mq\":\"Saputo\",\"nm\":\"Triple cheddar r\u00E2p\u00E9 31%\",\"nme\":\"Grated Cheddar Triple 31%\",\"attr\":\"\",\"sku\":\"35672\",\"l2\":\"Fromage\",\"sl\":\"triple-cheddar-rape-31-saputo-35672\",\"sn\":\"\",\"idxP\":69},{\"mq\":\"Saputo\",\"nm\":\"Mozzarella l\u00E9g\u00E8re r\u00E2p\u00E9e\",\"nme\":\"Grated Light Mozzarella\",\"attr\":\"Aliment du Qu\u00E9bec\",\"sku\":\"33156\",\"l2\":\"Fromage\",\"sl\":\"mozzarella-legere-rapee-saputo-33156\",\"sn\":\"\",\"idxP\":73},{\"mq\":\"Fritz Kaiser\",\"nm\":\"Raclette affin\u00E9e \u00E0 la bi\u00E8re meule\",\"nme\":\"Beer Ripened Cheese Wheel\",\"attr\":\"\",\"sku\":\"36793\",\"l2\":\"Fromage\",\"sl\":\"raclette-affinee-a-la-biere-meule-fritz-kaiser-36793\",\"sn\":\"\",\"idxP\":24},{\"mq\":\"Saputo\",\"nm\":\"4 fromage rap\u00E9\",\"nme\":\"Shredded 4 Cheese Blend\",\"attr\":\"\",\"sku\":\"35673\",\"l2\":\"Fromage\",\"sl\":\"4-fromage-rape-saputo-35673\",\"sn\":\"fromages\",\"idxP\":57},{\"mq\":\"Alexis de Portneuf\",\"nm\":\"Fromage raclette meule\",\"nme\":\"Raclette Cheese Wheel\",\"attr\":\"Produit local\",\"sku\":\"36098\",\"l2\":\"Fromage\",\"sl\":\"fromage-raclette-meule-alexis-de-portneuf-36098\",\"sn\":\"\",\"idxP\":31},{\"mq\":\"Tre Stelle\",\"nm\":\"Grana padano r\u00E2p\u00E9 frais\",\"nme\":\"Fresh Grated Grana Padano\",\"attr\":\"\",\"sku\":\"37121\",\"l2\":\"Fromage\",\"sl\":\"grana-padano-rape-frais-tre-stelle-37121\",\"sn\":\"\",\"idxP\":68},{\"mq\":\"Philadelphia\",\"nm\":\"Fromage \u00E0 la cr\u00E8me \u00E0 tartiner nature\",\"nme\":\"Original Soft Cream Cheese\",\"attr\":\"\",\"sku\":\"35839\",\"l2\":\"Fromage\",\"sl\":\"fromage-a-la-creme-a-tartiner-nature-philadelphia-35839\",\"sn\":\"fromages\",\"idxP\":100},{\"mq\":\"Riviera\",\"nm\":\"Parmesan r\u00E2p\u00E9 sans lactose\",\"nme\":\"Lactose Free Shredded Parmesan Cheese\",\"attr\":\"Aliment du Qu\u00E9bec, Sans lactose, Produit local\",\"sku\":\"37258\",\"l2\":\"Fromage\",\"sl\":\"parmesan-rape-sans-lactose-riviera-37258\",\"sn\":\"\",\"idxP\":86},{\"mq\":\"Saputo\",\"nm\":\"Mozzarella r\u00E2p\u00E9e 20%\",\"nme\":\"Grated Mozzarella 20%\",\"attr\":\"\",\"sku\":\"35670\",\"l2\":\"Fromage\",\"sl\":\"mozzarella-rapee-20-saputo-35670\",\"sn\":\"\",\"idxP\":78},{\"mq\":\"Philadelphia\",\"nm\":\"Fromage \u00E0 la cr\u00E8me ciboulette fouett\u00E9\",\"nme\":\"Whipped Chives Cream Cheese\",\"attr\":\"\",\"sku\":\"35944\",\"l2\":\"Fromage\",\"sl\":\"fromage-a-la-creme-ciboulette-fouette-philadelphia-35944\",\"sn\":\"fromages\",\"idxP\":66},{\"mq\":\"Tre Stelle\",\"nm\":\"M\u00E9lange de fromage r\u00E2p\u00E9 Pub 30%\",\"nme\":\"Shredded Cheese Mix 30%\",\"attr\":\"\",\"sku\":\"37276\",\"l2\":\"Fromage\",\"sl\":\"melange-de-fromage-rape-pub-30-tre-stelle-37276\",\"sn\":\"fromages\",\"idxP\":39},{\"mq\":\"Mozzabene\",\"nm\":\"Mozzarella r\u00E2p\u00E9e 21%\",\"nme\":\"Grated Mozzarella 21%\",\"attr\":\"\",\"sku\":\"37244\",\"l2\":\"Fromage\",\"sl\":\"mozzarella-rapee-21-mozzabene-37244\",\"sn\":\"\",\"idxP\":57},{\"mq\":\"Fritz Kaiser\",\"nm\":\"Fromage Le Douanier meule\",\"nme\":\"Douanier Cheese Wheel\",\"attr\":\"Aliment du Qu\u00E9bec, Produit local\",\"sku\":\"49968\",\"l2\":\"Fromage\",\"sl\":\"fromage-le-douanier-meule-fritz-kaiser-49968\",\"sn\":\"\",\"idxP\":5},{\"mq\":\"Swiss Knight\",\"nm\":\"Fondue swiss knight\",\"nme\":\"Fondue Cheese\",\"attr\":\"Sans gluten, Sans lactose\",\"sku\":\"35482\",\"l2\":\"Fromage\",\"sl\":\"fondue-swiss-knight-swiss-knight-35482\",\"sn\":\"fromages\",\"idxP\":59},{\"mq\":\"Mozzabene\",\"nm\":\"Mozzarella r\u00E2p\u00E9e 19%\",\"nme\":\"Grated Mozzarella 19%\",\"attr\":\"\",\"sku\":\"37243\",\"l2\":\"Fromage\",\"sl\":\"mozzarella-rapee-19-mozzabene-37243\",\"sn\":\"\",\"idxP\":59},{\"mq\":\"Emmi\",\"nm\":\"Fromage raclette suisse meule\",\"nme\":\"Switzerland Raclette Cheese Wheel\",\"attr\":\"\",\"sku\":\"42934\",\"l2\":\"Fromage\",\"sl\":\"fromage-raclette-suisse-meule-emmi-42934\",\"sn\":\"\",\"idxP\":10},{\"mq\":\"Fromagerie de l'Isle\",\"nm\":\"Fromage Riopelle de l'\u00CEle en meule\",\"nme\":\"Riopelle de l'\u00CEle Cheese Wheel\",\"attr\":\"Aliment du Qu\u00E9bec, Produit local\",\"sku\":\"07781\",\"l2\":\"Fromage\",\"sl\":\"fromage-riopelle-de-lile-en-meule-fromagerie-de-lisle-07781\",\"sn\":\"\",\"idxP\":6},{\"mq\":\"Fondue\",\"nm\":\"Fondue 3 fromages de l'isle\",\"nme\":\"3 Cheeses de l'Isle Fondu\",\"attr\":\"Sans gluten, Produit local\",\"sku\":\"37052\",\"l2\":\"Fromage\",\"sl\":\"fondue-3-fromages-de-lisle-fondue-37052\",\"sn\":\"fromages\",\"idxP\":46},{\"mq\":\"Babybel\",\"nm\":\"Fromage fondu mini portion\",\"nme\":\"Process Cheese Mini Portion\",\"attr\":\"\",\"sku\":\"46420\",\"l2\":\"Fromage\",\"sl\":\"fromage-fondu-mini-portion-babybel-46420\",\"sn\":\"fromages\",\"idxP\":71},{\"mq\":\"Oka\",\"nm\":\"Fromage Oka  meule\",\"nme\":\"Oka Cheese Wheel\",\"attr\":\"Produit local\",\"sku\":\"09041\",\"l2\":\"Fromage\",\"sl\":\"fromage-oka-meule-oka-09041\",\"sn\":\"\",\"idxP\":16},{\"mq\":\"Pied de Vent\",\"nm\":\"Fromage \u00E0 p\u00E2te semi-ferme meule\",\"nme\":\"Mid Firm Ripened Cheese Wheel\",\"attr\":\"Aliment du Qu\u00E9bec, Produit local\",\"sku\":\"09952\",\"l2\":\"Fromage\",\"sl\":\"fromage-a-pate-semi-ferme-meule-pied-de-vent-09952\",\"sn\":\"\",\"idxP\":22},{\"mq\":\"Rang 9\",\"nm\":\"Fromage canadien mamirolle meule\",\"nme\":\"Canadian Mamirolle Cheese Wheel\",\"attr\":\"Sans gluten, Aliment du Qu\u00E9bec, Sans lactose, Produit local\",\"sku\":\"22926\",\"l2\":\"Fromage\",\"sl\":\"fromage-canadien-mamirolle-meule-rang-9-22926\",\"sn\":\"\",\"idxP\":6},{\"mq\":\"Fromagerie de l'Isle\",\"nm\":\"Fromage Canotier de l'\u00CEle meule\",\"nme\":\"Canotier de l'\u00CEle Cheese Wheel\",\"attr\":\"Produit local\",\"sku\":\"30630\",\"l2\":\"Fromage\",\"sl\":\"fromage-canotier-de-lile-meule-fromagerie-de-lisle-30630\",\"sn\":\"\",\"idxP\":9},{\"mq\":\"Bellavitano\",\"nm\":\"Fromage Merlot meule\",\"nme\":\"Merlot Cheese Wheel\",\"attr\":\"\",\"sku\":\"23500\",\"l2\":\"Fromage\",\"sl\":\"fromage-merlot-meule-bellavitano-23500\",\"sn\":\"fromages\",\"idxP\":8},{\"mq\":\"St-Morgon\",\"nm\":\"Fromage\",\"nme\":\"Cheese\",\"attr\":\"\",\"sku\":\"33171\",\"l2\":\"Fromage\",\"sl\":\"fromage-st-morgon-33171\",\"sn\":\"fromages\",\"idxP\":54},{\"mq\":\"Philadelphia\",\"nm\":\"Fromage \u00E0 la cr\u00E8me \u00E0 tartiner l\u00E9ger\",\"nme\":\"Soft Light Cream Cheese\",\"attr\":\"\",\"sku\":\"35832\",\"l2\":\"Fromage\",\"sl\":\"fromage-a-la-creme-a-tartiner-leger-philadelphia-35832\",\"sn\":\"fromages\",\"idxP\":64},{\"mq\":\"Vache qui Rit\",\"nm\":\"Fromage fondu\",\"nme\":\"Process Cheese\",\"attr\":\"Produit local\",\"sku\":\"46717\",\"l2\":\"Fromage\",\"sl\":\"fromage-fondu-vache-qui-rit-46717\",\"sn\":\"fromages\",\"idxP\":79},{\"mq\":\"Marie Kad\u00E9\",\"nm\":\"Fromage akawi halal\",\"nme\":\"Akawi Halal Cheese\",\"attr\":\"Produit local\",\"sku\":\"33184\",\"l2\":\"Fromage\",\"sl\":\"fromage-akawi-halal-marie-kade-33184\",\"sn\":\"fromages\",\"idxP\":11},{\"mq\":\"Fritz Kaiser\",\"nm\":\"Saint Paulin l\u00E9ger meule\",\"nme\":\"Light Saint Paulin Cheese Wheel\",\"attr\":\"Aliment du Qu\u00E9bec, Produit local\",\"sku\":\"20144\",\"l2\":\"Fromage\",\"sl\":\"saint-paulin-leger-meule-fritz-kaiser-20144\",\"sn\":\"\",\"idxP\":9},{\"mq\":\"Bellavitano\",\"nm\":\"Fromage espresso meule\",\"nme\":\"Espresso Cheese Wheel\",\"attr\":\"\",\"sku\":\"17716\",\"l2\":\"Fromage\",\"sl\":\"fromage-espresso-meule-bellavitano-17716\",\"sn\":\"\",\"idxP\":12},{\"mq\":\"Oka\",\"nm\":\"Fromage Oka l\u00E9ger meule\",\"nme\":\"Light Oka Cheese Wheel\",\"attr\":\"Produit local\",\"sku\":\"23144\",\"l2\":\"Fromage\",\"sl\":\"fromage-oka-leger-meule-oka-23144\",\"sn\":\"fromages\",\"idxP\":6},{\"mq\":\"Soeur Ang\u00E8le\",\"nm\":\"Fromage \u00E0 p\u00E2te molle \u00E0 cro\u00FBte fleurie meule\",\"nme\":\"Soft Surface Ripened Cheese Wheel\",\"attr\":\"Aliment du Qu\u00E9bec, Produit local\",\"sku\":\"24412\",\"l2\":\"Fromage\",\"sl\":\"fromage-a-pate-molle-a-croute-fleurie-meule-soeur-angele-24412\",\"sn\":\"fromages\",\"idxP\":3},{\"mq\":\"Alexis de Portneuf\",\"nm\":\"Fromage \u00E0 p\u00E2te molle La Sauvagine\",\"nme\":\"La Sauvagine Soft Paste Cheese\",\"attr\":\"Produit local\",\"sku\":\"15596\",\"l2\":\"Fromage\",\"sl\":\"fromage-a-pate-molle-alexis-de-portneuf-15596\",\"sn\":\"fromages\",\"idxP\":26},{\"mq\":\"Allegro\",\"nm\":\"Cheddar jaune 9%\",\"nme\":\"9% Yellow Cheddar\",\"attr\":\"\",\"sku\":\"23898\",\"l2\":\"Fromage\",\"sl\":\"cheddar-jaune-9-allegro-23898\",\"sn\":\"\",\"idxP\":15},{\"mq\":\"Carignan-Sali\u00E8res\",\"nm\":\"Fromage Carignan meule\",\"nme\":\"Carignan Cheese Wheel\",\"attr\":\"Biologique, Produit local\",\"sku\":\"24676\",\"l2\":\"Fromage\",\"sl\":\"fromage-carignan-meule-carignan-salieres-24676\",\"sn\":\"biologique, bio, organic, organique, fromages\",\"idxP\":0},{\"mq\":\"Fritz Kaiser\",\"nm\":\"Fromage Noyan meule\",\"nme\":\"Noyan Cheese Wheel\",\"attr\":\"Aliment du Qu\u00E9bec, Produit local\",\"sku\":\"29568\",\"l2\":\"Fromage\",\"sl\":\"fromage-noyan-meule-fritz-kaiser-29568\",\"sn\":\"\",\"idxP\":7},{\"mq\":\"Rouy\",\"nm\":\"Fromage fran\u00E7ais \u00E0 p\u00E2te molle\",\"nme\":\"Washed Rind Soft French Cheese\",\"attr\":\"\",\"sku\":\"33165\",\"l2\":\"Fromage\",\"sl\":\"fromage-francais-a-pate-molle-rouy-33165\",\"sn\":\"fromages\",\"idxP\":31},{\"mq\":\"Switzerland\",\"nm\":\"Fromage T\u00EAte de Moine\",\"nme\":\"T\u00EAte de Moine Cheese\",\"attr\":\"\",\"sku\":\"26390\",\"l2\":\"Fromage\",\"sl\":\"fromage-tete-de-moine-switzerland-26390\",\"sn\":\"\",\"idxP\":47},{\"mq\":\"Fritz Kaiser\",\"nm\":\"Saint Paulin meule\",\"nme\":\"St Paulin Cheese Wheel\",\"attr\":\"Aliment du Qu\u00E9bec, Produit local\",\"sku\":\"29706\",\"l2\":\"Fromage\",\"sl\":\"saint-paulin-meule-fritz-kaiser-29706\",\"sn\":\"\",\"idxP\":10},{\"mq\":\"Oka\",\"nm\":\"Fromage classique meule\",\"nme\":\"Classic Oka Cheese Wheel\",\"attr\":\"Produit local\",\"sku\":\"23142\",\"l2\":\"Fromage\",\"sl\":\"fromage-classique-meule-oka-23142\",\"sn\":\"fromages\",\"idxP\":20},{\"mq\":\"Le Pizy\",\"nm\":\"Fromage affin\u00E9 \u00E0 p\u00E2te molle\",\"nme\":\"Soft Ripened Cheese\",\"attr\":\"Produit local\",\"sku\":\"36752\",\"l2\":\"Fromage\",\"sl\":\"fromage-affine-a-pate-molle-le-pizy-36752\",\"sn\":\"fromages\",\"idxP\":56},{\"mq\":\"Saint-Beno\u00EEt-du-Lac\",\"nm\":\"Fromage doux \u00E0 p\u00E2te ferme meule\",\"nme\":\"Mild Firm Cheese Wheel\",\"attr\":\"Sans gluten, Aliment du Qu\u00E9bec, Sans lactose, Produit local\",\"sku\":\"30041\",\"l2\":\"Fromage\",\"sl\":\"fromage-doux-a-pate-ferme-meule-saint-benoit-du-lac-30041\",\"sn\":\"\",\"idxP\":12},{\"mq\":\"Fort des Rousses\",\"nm\":\"Fromage comt\u00E9 Juraflore 6 mois\",\"nme\":\"6-Month Juraflore Comt\u00E9 French Cheese\",\"attr\":\"\",\"sku\":\"12700\",\"l2\":\"Fromage\",\"sl\":\"fromage-comte-juraflore-6-mois-fort-des-rousses-12700\",\"sn\":\"\",\"idxP\":60},{\"mq\":\"1860 DuVillage\",\"nm\":\"Fromage Pleine Lune cr\u00E9meux cendr\u00E9\",\"nme\":\"Pleine Lune Ash Coated Soft Cheese\",\"attr\":\"Produit local\",\"sku\":\"32269\",\"l2\":\"Fromage\",\"sl\":\"fromage-pleine-lune-cremeux-cendre-1860-duvillage-32269\",\"sn\":\"\",\"idxP\":54},{\"mq\":\"Saint Henri\",\"nm\":\"Fromage Monterey Jack\",\"nme\":\"Monterey Jack Cheese\",\"attr\":\"\",\"sku\":\"29930\",\"l2\":\"Fromage\",\"sl\":\"fromage-monterey-jack-saint-henri-29930\",\"sn\":\"fromages\",\"idxP\":20},{\"mq\":\"Dofino\",\"nm\":\"Fromage havarti \u00E0 l'ail r\u00F4ti meule\",\"nme\":\"Roasted Garlic Havarti Cheese Wheel\",\"attr\":\"\",\"sku\":\"35168\",\"l2\":\"Fromage\",\"sl\":\"fromage-havarti-a-lail-roti-meule-dofino-35168\",\"sn\":\"\",\"idxP\":7},{\"mq\":\"Fromagerie de l'Isle\",\"nm\":\"Tomme de Grosse-\u00CEle meule\",\"nme\":\"Grosse \u00CEle Tomme Cheese Wheel\",\"attr\":\"Produit local\",\"sku\":\"35345\",\"l2\":\"Fromage\",\"sl\":\"tomme-de-grosse-ile-meule-fromagerie-de-lisle-35345\",\"sn\":\"\",\"idxP\":5},{\"mq\":\"Allegro\",\"nm\":\"Cheddar blanc 9%\",\"nme\":\"9% White Cheddar\",\"attr\":\"\",\"sku\":\"23895\",\"l2\":\"Fromage\",\"sl\":\"cheddar-blanc-9-allegro-23895\",\"sn\":\"\",\"idxP\":18},{\"mq\":\"La Cigogne\",\"nm\":\"Fromage munster\",\"nme\":\"Munster Cheese\",\"attr\":\"\",\"sku\":\"33230\",\"l2\":\"Fromage\",\"sl\":\"fromage-munster-la-cigogne-33230\",\"sn\":\"\",\"idxP\":59},{\"mq\":\"Marie Kad\u00E9\",\"nm\":\"Fromage nabulsi halal\",\"nme\":\"Nabulsi Halal Cheese\",\"attr\":\"Produit local\",\"sku\":\"33183\",\"l2\":\"Fromage\",\"sl\":\"fromage-nabulsi-halal-marie-kade-33183\",\"sn\":\"fromages\",\"idxP\":7},{\"mq\":\"Dofino\",\"nm\":\"Fromage Havarti Jalapeno meule\",\"nme\":\"Jalapeno Havarti Cheese Wheel\",\"attr\":\"\",\"sku\":\"35278\",\"l2\":\"Fromage\",\"sl\":\"fromage-havarti-jalapeno-meule-dofino-35278\",\"sn\":\"\",\"idxP\":12},{\"mq\":\"1860 DuVillage\",\"nm\":\"Fromage Ma\u00EEtre Jules meule\",\"nme\":\"Ma\u00EEtre Jules Cheese Wheel\",\"attr\":\"Produit local\",\"sku\":\"36770\",\"l2\":\"Fromage\",\"sl\":\"fromage-maitre-jules-meule-1860-duvillage-36770\",\"sn\":\"\",\"idxP\":13},{\"mq\":\"Le Noble\",\"nm\":\"Fromage cr\u00E9meux meule\",\"nme\":\"Soft Cheese Wheel\",\"attr\":\"Produit local\",\"sku\":\"37239\",\"l2\":\"Fromage\",\"sl\":\"fromage-cremeux-meule-le-noble-37239\",\"sn\":\"fromages\",\"idxP\":8},{\"mq\":\"Alexis de Portneuf\",\"nm\":\"Fromage La Sauvagine meule\",\"nme\":\"La Sauvagine Cheese Wheel\",\"attr\":\"Produit local\",\"sku\":\"49883\",\"l2\":\"Fromage\",\"sl\":\"fromage-la-sauvagine-meule-alexis-de-portneuf-49883\",\"sn\":\"\",\"idxP\":9},{\"mq\":\"Alexis de Portneuf\",\"nm\":\"Fromage \u00E0 p\u00E2te molle \u00E0 cro\u00FBte lav\u00E9e Sir Laurier\",\"nme\":\"Sir Laurier Soft cheese with Washed Rind\",\"attr\":\"Produit local\",\"sku\":\"43471\",\"l2\":\"Fromage\",\"sl\":\"fromage-a-pate-molle-a-croute-lavee-sir-laurier-alexis-de-portneuf-43471\",\"sn\":\"\",\"idxP\":17},{\"mq\":\"Switzerland\",\"nm\":\"Gruy\u00E8re suisse meule\",\"nme\":\"Swiss Gruyere Cheese Wheel\",\"attr\":\"\",\"sku\":\"24254\",\"l2\":\"Fromage\",\"sl\":\"gruyere-suisse-meule-switzerland-24254\",\"sn\":\"\",\"idxP\":4},{\"mq\":\"Isigny\",\"nm\":\"Fromage mimolette 18 mois meule\",\"nme\":\"Mimolette Cheese 18 month Wheel\",\"attr\":\"\",\"sku\":\"37077\",\"l2\":\"Fromage\",\"sl\":\"fromage-mimolette-18-mois-meule-isigny-37077\",\"sn\":\"\",\"idxP\":6},{\"mq\":\"Frico\",\"nm\":\"Gouda hollandais fum\u00E9 meule\",\"nme\":\"Smoked Dutch Gouda Wheel\",\"attr\":\"\",\"sku\":\"24784\",\"l2\":\"Fromage\",\"sl\":\"gouda-hollandais-fume-meule-frico-24784\",\"sn\":\"\",\"idxP\":9},{\"mq\":\"Marie Kad\u00E9\",\"nm\":\"Labneh halal\",\"nme\":\"Halal Labneh\",\"attr\":\"Produit local\",\"sku\":\"33181\",\"l2\":\"Cr\u00E8me\",\"sl\":\"labneh-halal-marie-kade-33181\",\"sn\":\"\",\"idxP\":70},{\"mq\":\"Lalibert\u00E9\",\"nm\":\"Fromage triple cr\u00E8me meule\",\"nme\":\"Triple Cream Cheese Wheel\",\"attr\":\"Produit local\",\"sku\":\"37527\",\"l2\":\"Fromage\",\"sl\":\"fromage-triple-creme-meule-laliberte-37527\",\"sn\":\"fromages\",\"idxP\":6},{\"mq\":\"Jarlsberg\",\"nm\":\"Fromage l\u00E9ger Jarlsberg de Norv\u00E8ge meule\",\"nme\":\"Light Jarlsberg Cheese from Norway Wheel\",\"attr\":\"\",\"sku\":\"20895\",\"l2\":\"Fromage\",\"sl\":\"fromage-leger-jarlsberg-de-norvege-meule-jarlsberg-20895\",\"sn\":\"fromages\",\"idxP\":1},{\"mq\":\"L'\u00C9vanjules\",\"nm\":\"Fromage \u00E0 p\u00E2te molle\",\"nme\":\"Soft Ripened Surface Cheese\",\"attr\":\"Produit local\",\"sku\":\"32538\",\"l2\":\"Fromage\",\"sl\":\"fromage-a-pate-molle-levanjules-32538\",\"sn\":\"fromages\",\"idxP\":24},{\"mq\":\"Oka\",\"nm\":\"Fromage L'Artisan fum\u00E9 style suisse meule\",\"nme\":\"L'Artisan Smoked Swiss Style Cheese wheel\",\"attr\":\"Produit local\",\"sku\":\"36569\",\"l2\":\"Fromage\",\"sl\":\"fromage-lartisan-fume-style-suisse-meule-oka-36569\",\"sn\":\"fromages\",\"idxP\":1},{\"mq\":\"Switzerland\",\"nm\":\"Emmental meule\",\"nme\":\"Emmentaler Switzerland Wheel\",\"attr\":\"\",\"sku\":\"24256\",\"l2\":\"Fromage\",\"sl\":\"emmental-meule-switzerland-24256\",\"sn\":\"\",\"idxP\":37},{\"mq\":\"Dofino\",\"nm\":\"Havarti fum\u00E9 meule\",\"nme\":\"Smoked Havarti Cheese Wheel\",\"attr\":\"\",\"sku\":\"35158\",\"l2\":\"Fromage\",\"sl\":\"havarti-fume-meule-dofino-35158\",\"sn\":\"\",\"idxP\":13},{\"mq\":\"Dofino\",\"nm\":\"Fromage havarti aux herbes et \u00E9pices meule\",\"nme\":\"Herbs and Spices Havarti Cheese Wheel\",\"attr\":\"\",\"sku\":\"35272\",\"l2\":\"Fromage\",\"sl\":\"fromage-havarti-aux-herbes-et-epices-meule-dofino-35272\",\"sn\":\"\",\"idxP\":9},{\"mq\":\"Riviera\",\"nm\":\"Fromage emmental meule\",\"nme\":\"Emmentaler Cheese Wheel\",\"attr\":\"Aliment du Qu\u00E9bec, Produit local\",\"sku\":\"34017\",\"l2\":\"Fromage\",\"sl\":\"fromage-emmental-meule-riviera-34017\",\"sn\":\"fromages\",\"idxP\":51},{\"mq\":\"Dofino\",\"nm\":\"Havarti cr\u00E9meux meule\",\"nme\":\"Creamy Havarti Cheese Wheel\",\"attr\":\"\",\"sku\":\"35160\",\"l2\":\"Fromage\",\"sl\":\"havarti-cremeux-meule-dofino-35160\",\"sn\":\"\",\"idxP\":12},{\"mq\":\"Cendrillon\",\"nm\":\"Fromage de ch\u00E8vre cendr\u00E9 Le Cendrillon\",\"nme\":\"Le Cendrillon Ashed Coated Goat Cheese\",\"attr\":\"Produit local\",\"sku\":\"49904\",\"l2\":\"Fromage\",\"sl\":\"fromage-de-chevre-cendre-le-cendrillon-cendrillon-49904\",\"sn\":\"fromages\",\"idxP\":41},{\"mq\":\"Fromagerie Bergeron\",\"nm\":\"Le Six Pourcent\",\"nme\":\"Six Pourcent Cheese\",\"attr\":\"Aliment du Qu\u00E9bec, Sans lactose, Produit local\",\"sku\":\"36751\",\"l2\":\"Fromage\",\"sl\":\"le-six-pourcent-fromagerie-bergeron-36751\",\"sn\":\"fromages\",\"idxP\":30},{\"mq\":\"Fromagerie Bergeron\",\"nm\":\"Gouda Le Louis Cyr meule\",\"nme\":\"Gouda Le Louis Cyr Wheel\",\"attr\":\"Aliment du Qu\u00E9bec, Sans lactose, Produit local\",\"sku\":\"35024\",\"l2\":\"Fromage\",\"sl\":\"gouda-le-louis-cyr-meule-fromagerie-bergeron-35024\",\"sn\":\"\",\"idxP\":19},{\"mq\":\"1608\",\"nm\":\"Fromage le 1608 de Charlevoix\",\"nme\":\"Charlevoix 1608 cheese\",\"attr\":\"Produit local\",\"sku\":\"30250\",\"l2\":\"Fromage\",\"sl\":\"fromage-le-1608-de-charlevoix-1608-30250\",\"sn\":\"\",\"idxP\":20},{\"mq\":\"Marechal\",\"nm\":\"Fromage Mar\u00E9chal en meule\",\"nme\":\"Marechal Cheese Wheel\",\"attr\":\"Sans lactose\",\"sku\":\"49974\",\"l2\":\"Fromage\",\"sl\":\"fromage-marechal-en-meule-marechal-49974\",\"sn\":\"fromages\",\"idxP\":-3},{\"mq\":\"Switzerland\",\"nm\":\"Fromage Appenzeller meule\",\"nme\":\"Appenzeller Cheese Wheel\",\"attr\":\"\",\"sku\":\"26378\",\"l2\":\"Fromage\",\"sl\":\"fromage-appenzeller-meule-switzerland-26378\",\"sn\":\"fromages\",\"idxP\":14},{\"mq\":\"Dofino\",\"nm\":\"Gouda fum\u00E9\",\"nme\":\"Smoked Gouda Cheese\",\"attr\":\"\",\"sku\":\"20305\",\"l2\":\"Fromage\",\"sl\":\"gouda-fume-dofino-20305\",\"sn\":\"\",\"idxP\":27},{\"mq\":\"Cogruet\",\"nm\":\"Fromage Suisse entier\",\"nme\":\"Swiss Cheese Wheel\",\"attr\":\"Sans lactose\",\"sku\":\"24044\",\"l2\":\"Fromage\",\"sl\":\"fromage-suisse-entier-cogruet-24044\",\"sn\":\"fromages\",\"idxP\":26},{\"mq\":\"Saputo\",\"nm\":\"Edam bloc\",\"nme\":\"Edam Cheese Wheel\",\"attr\":\"\",\"sku\":\"47063\",\"l2\":\"Fromage\",\"sl\":\"edam-bloc-saputo-47063\",\"sn\":\"\",\"idxP\":37},{\"mq\":\"La Normandinoise\",\"nm\":\"Fromage Le P\u00E9ribonka\",\"nme\":\"Le P\u00E9ribonka Cheese\",\"attr\":\"Aliment du Qu\u00E9bec, Produit local\",\"sku\":\"26591\",\"l2\":\"Fromage\",\"sl\":\"fromage-le-peribonka-la-normandinoise-26591\",\"sn\":\"\",\"idxP\":5},{\"mq\":\"Albert's Leap\",\"nm\":\"Fromage brie double cr\u00E8me meule\",\"nme\":\"Panini Double Cream Brie Cheese Wheel\",\"attr\":\"Produit local\",\"sku\":\"26600\",\"l2\":\"Fromage\",\"sl\":\"fromage-brie-double-creme-meule-alberts-leap-26600\",\"sn\":\"fromages\",\"idxP\":16},{\"mq\":\"Fromagerie de l'Isle\",\"nm\":\"Houblonneux de l'Isle \u00E0 la bi\u00E8re coup\u00E9\",\"nme\":\"Beer Houblonneux de l'Isle Cut\",\"attr\":\"Produit local\",\"sku\":\"26647\",\"l2\":\"Fromage\",\"sl\":\"houblonneux-de-lisle-a-la-biere-coupe-fromagerie-de-lisle-26647\",\"sn\":\"\",\"idxP\":5},{\"mq\":\"Albert's Leap\",\"nm\":\"Fromage brie double cr\u00E8me coup\u00E9\",\"nme\":\"Double Brie Cheese Cut\",\"attr\":\"\",\"sku\":\"26601\",\"l2\":\"Fromage\",\"sl\":\"fromage-brie-double-creme-coupe-alberts-leap-26601\",\"sn\":\"fromages\",\"idxP\":12},{\"mq\":\"Fromagerie de l'Isle\",\"nm\":\"Houblonneux de l'Isle \u00E0 la bi\u00E8re meule\",\"nme\":\"Houblonneux de l'Isle with Beer Cheese Wheel\",\"attr\":\"Produit local\",\"sku\":\"26646\",\"l2\":\"Fromage\",\"sl\":\"houblonneux-de-lisle-a-la-biere-meule-fromagerie-de-lisle-26646\",\"sn\":\"\",\"idxP\":3},{\"mq\":\"Beatrice\",\"nm\":\"Beurre sal\u00E9\",\"nme\":\"Salted Butter\",\"attr\":\"\",\"sku\":\"06046\",\"l2\":\"Beurre et margarine\",\"sl\":\"beurre-sale-beatrice-06046\",\"sn\":\"\",\"idxP\":100},{\"mq\":\"Becel\",\"nm\":\"Margarine originale\",\"nme\":\"Original Margarine\",\"attr\":\"\",\"sku\":\"06024\",\"l2\":\"Beurre et margarine\",\"sl\":\"margarine-originale-becel-06024\",\"sn\":\"\",\"idxP\":86},{\"mq\":\"Activia\",\"nm\":\"Yogourt sans lactose\",\"nme\":\"Lactose Free Yogurt\",\"attr\":\"Sans lactose\",\"sku\":\"17906\",\"l2\":\"Yogourt\",\"sl\":\"yogourt-sans-lactose-activia-17906\",\"sn\":\"\",\"idxP\":18},{\"mq\":\"Yoplait\",\"nm\":\"Yogourt cr\u00E9meux \u00E0 la fraise\",\"nme\":\"Strawberry Creamy Yogurt\",\"attr\":\"Produit local\",\"sku\":\"14783\",\"l2\":\"Yogourt\",\"sl\":\"yogourt-cremeux-a-la-fraise-yoplait-14783\",\"sn\":\"fraises\",\"idxP\":13},{\"mq\":\"Yoplait\",\"nm\":\"Yogourt cr\u00E9meux duo assorti\",\"nme\":\"Assorted Duo Creamy Yogurt\",\"attr\":\"Produit local\",\"sku\":\"08398\",\"l2\":\"Yogourt\",\"sl\":\"yogourt-cremeux-duo-assorti-yoplait-08398\",\"sn\":\"\",\"idxP\":23},{\"mq\":\"Activia\",\"nm\":\"Yogourt fraise framboise bleuet p\u00EAche\",\"nme\":\"Strawberry Raspberry Blueberry Peach Yogurt\",\"attr\":\"\",\"sku\":\"14923\",\"l2\":\"Yogourt\",\"sl\":\"yogourt-fraise-framboise-bleuet-peche-activia-14923\",\"sn\":\"fraises, framboises\",\"idxP\":20},{\"mq\":\"Yoplait\",\"nm\":\"Yogourt cr\u00E9meux \u00E0 la vanille 1,5%\",\"nme\":\"Vanilla Creamy Yogurt 1.5%\",\"attr\":\"Produit local\",\"sku\":\"14781\",\"l2\":\"Yogourt\",\"sl\":\"yogourt-cremeux-a-la-vanille-15-yoplait-14781\",\"sn\":\"\",\"idxP\":15},{\"mq\":\"I\u00F6go\",\"nm\":\"Yogourt nature 2%\",\"nme\":\"2% Plain Yogurt\",\"attr\":\"Produit local\",\"sku\":\"18038\",\"l2\":\"Yogourt\",\"sl\":\"yogourt-nature-2-iogo-18038\",\"sn\":\"\",\"idxP\":83},{\"mq\":\"Oikos\",\"nm\":\"Yogourt Grec p\u00EAche et mangue 0%\",\"nme\":\"Peach Mango Greek Yogurt 0% x4\",\"attr\":\"\",\"sku\":\"16219\",\"l2\":\"Yogourt\",\"sl\":\"yogourt-grec-peche-et-mangue-0-oikos-16219\",\"sn\":\"mangues\",\"idxP\":22},{\"mq\":\"I\u00F6go\",\"nm\":\"Yogourt vanille 1.5%\",\"nme\":\"1.5% Vanilla Yogurt\",\"attr\":\"Aliment du Qu\u00E9bec, Produit local\",\"sku\":\"18039\",\"l2\":\"Yogourt\",\"sl\":\"yogourt-vanille-1.5-iogo-18039\",\"sn\":\"\",\"idxP\":90},{\"mq\":\"I\u00F6go\",\"nm\":\"Yogourt fraise 1.5%\",\"nme\":\"1.5% Strawberry Yogurt\",\"attr\":\"Produit local\",\"sku\":\"18040\",\"l2\":\"Yogourt\",\"sl\":\"yogourt-fraise-1.5-iogo-18040\",\"sn\":\"fraises\",\"idxP\":75},{\"mq\":\"I\u00F6go\",\"nm\":\"Yogourt fraise framboise bleuet vanille\",\"nme\":\"Strawberry Raspberry Blueberry Vanilla Yogurt\",\"attr\":\"\",\"sku\":\"18067\",\"l2\":\"Yogourt\",\"sl\":\"yogourt-fraise-framboise-bleuet-vanille-iogo-18067\",\"sn\":\"fraises, framboises\",\"idxP\":22},{\"mq\":\"Activia\",\"nm\":\"Yogourt framboise 2.9%\",\"nme\":\"2.9% Raspberry Yogurt\",\"attr\":\"Aliment du Qu\u00E9bec\",\"sku\":\"14935\",\"l2\":\"Yogourt\",\"sl\":\"yogourt-framboise-2.9-activia-14935\",\"sn\":\"framboises\",\"idxP\":28},{\"mq\":\"Libert\u00E9\",\"nm\":\"Yogourt grec vanille\",\"nme\":\"Vanilla Greek Yogurt\",\"attr\":\"\",\"sku\":\"17871\",\"l2\":\"Yogourt\",\"sl\":\"yogourt-grec-vanille-liberte-17871\",\"sn\":\"\",\"idxP\":35},{\"mq\":\"Nouvelle France\",\"nm\":\"Yogourt nature lait de brebis\",\"nme\":\"Sheep Milk Plain Yogurt\",\"attr\":\"Produit local\",\"sku\":\"06575\",\"l2\":\"Yogourt\",\"sl\":\"yogourt-nature-lait-de-brebis-nouvelle-france-06575\",\"sn\":\"\",\"idxP\":60},{\"mq\":\"Activia\",\"nm\":\"Yogourt \u00E0 la vanille 2.9%\",\"nme\":\"Vanilla Yogurt 2.9%\",\"attr\":\"Aliment du Qu\u00E9bec\",\"sku\":\"14939\",\"l2\":\"Yogourt\",\"sl\":\"yogourt-a-la-vanille-2.9-activia-14939\",\"sn\":\"\",\"idxP\":40},{\"mq\":\"Yoplait\",\"nm\":\"Yogourt cr\u00E9meux nature 2,3%\",\"nme\":\"Plain Creamy Yogurt 2.3%\",\"attr\":\"Produit local\",\"sku\":\"14782\",\"l2\":\"Yogourt\",\"sl\":\"yogourt-cremeux-nature-23-yoplait-14782\",\"sn\":\"\",\"idxP\":10},{\"mq\":\"Oikos\",\"nm\":\"Yogourt grec aux fraises 2%\",\"nme\":\"Strawberry Greek Yogurt 2%\",\"attr\":\"\",\"sku\":\"14958\",\"l2\":\"Yogourt\",\"sl\":\"yogourt-grec-aux-fraises-2-oikos-14958\",\"sn\":\"fraises\",\"idxP\":21},{\"mq\":\"Oikos\",\"nm\":\"Yogourt grec cerise 0%\",\"nme\":\"Cherry Greek Yogurt 0% x4\",\"attr\":\"\",\"sku\":\"16218\",\"l2\":\"Yogourt\",\"sl\":\"yogourt-grec-cerise-0-oikos-16218\",\"sn\":\"\",\"idxP\":12},{\"mq\":\"Activia\",\"nm\":\"Yogourt \u00E0 la vanille\",\"nme\":\"Vanilla Yogurt\",\"attr\":\"\",\"sku\":\"14926\",\"l2\":\"Yogourt\",\"sl\":\"yogourt-a-la-vanille-activia-14926\",\"sn\":\"\",\"idxP\":30},{\"mq\":\"Libert\u00E9\",\"nm\":\"Yogourt m\u00E9diterran\u00E9en \u00E0 la fraise\",\"nme\":\"Strawberry Mediterranean Yogurt\",\"attr\":\"\",\"sku\":\"14987\",\"l2\":\"Yogourt\",\"sl\":\"yogourt-mediterraneen-a-la-fraise-liberte-14987\",\"sn\":\"fraises\",\"idxP\":20},{\"mq\":\"Nouvelle France\",\"nm\":\"Yogourt \u00E9rable lait de brebis\",\"nme\":\"Sheep Milk Maple Yogurt\",\"attr\":\"Produit local\",\"sku\":\"23684\",\"l2\":\"Yogourt\",\"sl\":\"yogourt-erable-lait-de-brebis-nouvelle-france-23684\",\"sn\":\"\",\"idxP\":24},{\"mq\":\"Libert\u00E9\",\"nm\":\"Yogourt m\u00E9diterran\u00E9en au m\u00FBre\",\"nme\":\"Blackberry Mediteraneen Yogurt\",\"attr\":\"\",\"sku\":\"14988\",\"l2\":\"Yogourt\",\"sl\":\"yogourt-mediterraneen-au-mure-liberte-14988\",\"sn\":\"\",\"idxP\":12},{\"mq\":\"I\u00F6go\",\"nm\":\"Yogourt \u00E0 boire p\u00EAche\",\"nme\":\"Peach Yogurt Drink\",\"attr\":\"Produit local\",\"sku\":\"22955\",\"l2\":\"Yogourt\",\"sl\":\"yogourt-a-boire-peche-iogo-22955\",\"sn\":\"\",\"idxP\":21},{\"mq\":\"Oikos\",\"nm\":\"Yogourt grec vanille\",\"nme\":\"Vanilla Greek Yogurt\",\"attr\":\"\",\"sku\":\"14957\",\"l2\":\"Yogourt\",\"sl\":\"yogourt-grec-vanille-oikos-14957\",\"sn\":\"\",\"idxP\":26},{\"mq\":\"I\u00F6go\",\"nm\":\"Yogourt \u00E0 boire framboise\",\"nme\":\"Raspberry Yogurt Drink\",\"attr\":\"Produit local\",\"sku\":\"18047\",\"l2\":\"Yogourt\",\"sl\":\"yogourt-a-boire-framboise-iogo-18047\",\"sn\":\"framboises\",\"idxP\":25},{\"mq\":\"Gay Lea\",\"nm\":\"Beurre fouett\u00E9 en portion\",\"nme\":\"Whipped Butter Single Serve\",\"attr\":\"\",\"sku\":\"21827\",\"l2\":\"Beurre et margarine\",\"sl\":\"beurre-fouette-en-portion-gay-lea-21827\",\"sn\":\"\",\"idxP\":38},{\"mq\":\"I\u00F6go\",\"nm\":\"Yogourt \u00E0 boire fraise\",\"nme\":\"Strawberry Yogurt Drink\",\"attr\":\"Produit local\",\"sku\":\"18046\",\"l2\":\"Yogourt\",\"sl\":\"yogourt-a-boire-fraise-iogo-18046\",\"sn\":\"fraises\",\"idxP\":36},{\"mq\":\"Oikos\",\"nm\":\"Yogourt grec noix de coco 0%\",\"nme\":\"Coconut Greek Yogurt 0%\",\"attr\":\"\",\"sku\":\"30056\",\"l2\":\"Yogourt\",\"sl\":\"yogourt-grec-noix-de-coco-0-oikos-30056\",\"sn\":\"\",\"idxP\":13},{\"mq\":\"Marie Kad\u00E9\",\"nm\":\"Yogourt nature 3,5% halal\",\"nme\":\"3.5% Halal Plain Yogurt\",\"attr\":\"Produit local\",\"sku\":\"33175\",\"l2\":\"Yogourt\",\"sl\":\"yogourt-nature-35-halal-marie-kade-33175\",\"sn\":\"\",\"idxP\":77},{\"mq\":\"Activia\",\"nm\":\"Yogourt pomme p\u00EAche abricot mangue\",\"nme\":\"Apple Peach Apricot Mango Yogurt\",\"attr\":\"Aliment du Qu\u00E9bec\",\"sku\":\"30054\",\"l2\":\"Yogourt\",\"sl\":\"yogourt-pomme-peche-abricot-mangue-activia-30054\",\"sn\":\"apples, mangues, pommes\",\"idxP\":25},{\"mq\":\"Activia\",\"nm\":\"Yogourt cerise pomme m\u00FBre fraise\",\"nme\":\"Cherry Apple Blackberry Strawberry Yogurt\",\"attr\":\"Aliment du Qu\u00E9bec\",\"sku\":\"32849\",\"l2\":\"Yogourt\",\"sl\":\"yogourt-cerise-pomme-mure-fraise-activia-32849\",\"sn\":\"apples, fraises, pommes\",\"idxP\":19},{\"mq\":\"Oikos\",\"nm\":\"Yogourt grec banane\",\"nme\":\"Banana Greek Yogurt\",\"attr\":\"\",\"sku\":\"24234\",\"l2\":\"Yogourt\",\"sl\":\"yogourt-grec-banane-oikos-24234\",\"sn\":\"ananas, bananes\",\"idxP\":23},{\"mq\":\"Olympic\",\"nm\":\"Yogourt vanille biologique\",\"nme\":\"Organic Vanilla Yogurt\",\"attr\":\"Biologique, Produit local\",\"sku\":\"24400\",\"l2\":\"Yogourt\",\"sl\":\"yogourt-vanille-biologique-olympic-24400\",\"sn\":\"biologique, bio, organic, organique\",\"idxP\":21},{\"mq\":\"Bufala\",\"nm\":\"Yogourt nature\",\"nme\":\"Plain Yogurt\",\"attr\":\"\",\"sku\":\"25057\",\"l2\":\"Yogourt\",\"sl\":\"yogourt-nature-bufala-25057\",\"sn\":\"\",\"idxP\":12},{\"mq\":\"Libert\u00E9\",\"nm\":\"Yogourt m\u00E9diterran\u00E9en au moka\",\"nme\":\"Moka Mediterranean Yogurt\",\"attr\":\"\",\"sku\":\"20680\",\"l2\":\"Yogourt\",\"sl\":\"yogourt-mediterraneen-au-moka-liberte-20680\",\"sn\":\"\",\"idxP\":12},{\"mq\":\"I\u00F6go\",\"nm\":\"Yogourt \u00E0 boire banane\",\"nme\":\"Banana Yogurt Drink\",\"attr\":\"Aliment du Qu\u00E9bec, Produit local\",\"sku\":\"32516\",\"l2\":\"Yogourt\",\"sl\":\"yogourt-a-boire-banane-iogo-32516\",\"sn\":\"ananas, bananes\",\"idxP\":37},{\"mq\":\"Activia\",\"nm\":\"Yogourt citron\",\"nme\":\"Lemon Yogurt\",\"attr\":\"Aliment du Qu\u00E9bec\",\"sku\":\"32855\",\"l2\":\"Yogourt\",\"sl\":\"yogourt-citron-activia-32855\",\"sn\":\"citrons\",\"idxP\":15},{\"mq\":\"I\u00F6go\",\"nm\":\"Yogourt fraise bleuet p\u00EAche vanille 0%\",\"nme\":\"0% Strawberry Blueberry Peach Vanilla Yogurt\",\"attr\":\"Produit local\",\"sku\":\"18066\",\"l2\":\"Yogourt\",\"sl\":\"yogourt-fraise-bleuet-peche-vanille-0-iogo-18066\",\"sn\":\"fraises\",\"idxP\":18},{\"mq\":\"Olympic\",\"nm\":\"K\u00E9fir nature 1% biologique\",\"nme\":\"Organic 1% Plain Kefir\",\"attr\":\"Biologique, Produit local\",\"sku\":\"24402\",\"l2\":\"Yogourt\",\"sl\":\"kefir-nature-1-biologique-olympic-24402\",\"sn\":\"biologique, bio, organic, organique\",\"idxP\":27},{\"mq\":\"Yoplait\",\"nm\":\"Yogourt \u00E0 boire Yop banane fraise\",\"nme\":\"Banana Strawberry Yop Yogurt Drink\",\"attr\":\"Produit local\",\"sku\":\"32613\",\"l2\":\"Yogourt\",\"sl\":\"yogourt-a-boire-yop-banane-fraise-yoplait-32613\",\"sn\":\"ananas, bananes, fraises\",\"idxP\":7},{\"mq\":\"Olympic\",\"nm\":\"Yogourt nature biologique\",\"nme\":\"Organic Plain Yogourt\",\"attr\":\"Biologique, Produit local\",\"sku\":\"24401\",\"l2\":\"Yogourt\",\"sl\":\"yogourt-nature-biologique-olympic-24401\",\"sn\":\"biologique, bio, organic, organique\",\"idxP\":33},{\"mq\":\"Activia\",\"nm\":\"Yogourt p\u00EAche\",\"nme\":\"Peach Yogurt\",\"attr\":\"Aliment du Qu\u00E9bec\",\"sku\":\"25323\",\"l2\":\"Yogourt\",\"sl\":\"yogourt-peche-activia-25323\",\"sn\":\"\",\"idxP\":24},{\"mq\":\"Oikos\",\"nm\":\"Yogourt grec \u00E0 la lime\",\"nme\":\"Lime Greek Yogurt\",\"attr\":\"\",\"sku\":\"30057\",\"l2\":\"Yogourt\",\"sl\":\"yogourt-grec-a-la-lime-oikos-30057\",\"sn\":\"\",\"idxP\":23},{\"mq\":\"Yoplait\",\"nm\":\"Yogourt cr\u00E8me et fruit\",\"nme\":\"Cream and Fruit Yogurt\",\"attr\":\"Produit local\",\"sku\":\"36771\",\"l2\":\"Yogourt\",\"sl\":\"yogourt-creme-et-fruit-yoplait-36771\",\"sn\":\"\",\"idxP\":14},{\"mq\":\"Yoplait\",\"nm\":\"Yogourt cr\u00E8me cueillette\",\"nme\":\"Fruit Cream Yogurt\",\"attr\":\"Produit local\",\"sku\":\"36772\",\"l2\":\"Yogourt\",\"sl\":\"yogourt-creme-cueillette-yoplait-36772\",\"sn\":\"\",\"idxP\":15},{\"mq\":\"Yoplait\",\"nm\":\"Yogourts \u00E0 boire Yop assortis\",\"nme\":\"Assorted Yop Yogurt Drinks\",\"attr\":\"Produit local\",\"sku\":\"36789\",\"l2\":\"Yogourt\",\"sl\":\"yogourts-a-boire-yop-assortis-yoplait-36789\",\"sn\":\"\",\"idxP\":52},{\"mq\":\"Oikos\",\"nm\":\"Yogourt grec nature 2%\",\"nme\":\"Plain Greek Yogurt 2% 100g\",\"attr\":\"\",\"sku\":\"36267\",\"l2\":\"Yogourt\",\"sl\":\"yogourt-grec-nature-2-oikos-36267\",\"sn\":\"\",\"idxP\":32},{\"mq\":\"Danone\",\"nm\":\"Yogourt fraise vanille p\u00EAche abricot cerise\",\"nme\":\"Strawberry Vanilla Peach Apricot Cherry Yogurt\",\"attr\":\"Produit local\",\"sku\":\"24826\",\"l2\":\"Yogourt\",\"sl\":\"yogourt-fraise-vanille-peche-abricot-cerise-danone-24826\",\"sn\":\"fraises\",\"idxP\":14},{\"mq\":\"Activia\",\"nm\":\"Yogourt cerise fraise framb. vanille sans lactose\",\"nme\":\"Rasb. Strawb. Cherry vanilla Yogurt lactose free\",\"attr\":\"Sans lactose\",\"sku\":\"42849\",\"l2\":\"Yogourt\",\"sl\":\"yogourt-cerise-fraise-framb.-vanille-sans-lactose-activia-42849\",\"sn\":\"fraises, framboises\",\"idxP\":12},{\"mq\":\"I\u00F6go\",\"nm\":\"Yogourt fraise framb bleuet cerise 0%\",\"nme\":\"0% Strawb Rasp Blueberry Cherry Yogurt\",\"attr\":\"Produit local\",\"sku\":\"18068\",\"l2\":\"Yogourt\",\"sl\":\"yogourt-fraise-framb-bleuet-cerise-0-iogo-18068\",\"sn\":\"fraises, framboises\",\"idxP\":12},{\"mq\":\"Danone\",\"nm\":\"Yogourt vanille p\u00EAche bleuet fraise\",\"nme\":\"Vanilla Peach Blueberry Strawberry Yogurt\",\"attr\":\"Produit local\",\"sku\":\"24827\",\"l2\":\"Yogourt\",\"sl\":\"yogourt-vanille-peche-bleuet-fraise-danone-24827\",\"sn\":\"fraises\",\"idxP\":26},{\"mq\":\"Activia\",\"nm\":\"Yogourt fraise bleuet p\u00EAche mangue sans lactose\",\"nme\":\"Lactose Free Strawb. Blueberry Peach Mango Yogurt\",\"attr\":\"Sans lactose\",\"sku\":\"42850\",\"l2\":\"Yogourt\",\"sl\":\"yogourt-fraise-bleuet-peche-mangue-sans-lactose-activia-42850\",\"sn\":\"fraises, mangues\",\"idxP\":19},{\"mq\":\"Natrel\",\"nm\":\"Beurre sal\u00E9 portion\",\"nme\":\"Salted Butter Single Serve\",\"attr\":\"\",\"sku\":\"35947\",\"l2\":\"Beurre et margarine\",\"sl\":\"beurre-sale-portion-natrel-35947\",\"sn\":\"\",\"idxP\":59},{\"mq\":\"I\u00F6go\",\"nm\":\"Yogourt p\u00EAche 1,5%\",\"nme\":\"1.5% Peach Yogurt\",\"attr\":\"Produit local\",\"sku\":\"36738\",\"l2\":\"Yogourt\",\"sl\":\"yogourt-peche-15-iogo-36738\",\"sn\":\"\",\"idxP\":69},{\"mq\":\"Activia\",\"nm\":\"Yogourt fraise sans lactose\",\"nme\":\"Lactose Free Strawberry Yogurt\",\"attr\":\"Aliment du Qu\u00E9bec, Sans lactose\",\"sku\":\"37160\",\"l2\":\"Yogourt\",\"sl\":\"yogourt-fraise-sans-lactose-activia-37160\",\"sn\":\"fraises\",\"idxP\":25},{\"mq\":\"Source\",\"nm\":\"Yogourt bleuet fraise m\u00FBre\",\"nme\":\"Blueberry Strawberry Blackberry Yogurt\",\"attr\":\"\",\"sku\":\"39477\",\"l2\":\"Yogourt\",\"sl\":\"yogourt-bleuet-fraise-mure-source-39477\",\"sn\":\"fraises\",\"idxP\":12},{\"mq\":\"Source\",\"nm\":\"Yogourt p\u00EAche framboise fraise\",\"nme\":\"Peach Raspberry Strawberry Yogurt\",\"attr\":\"\",\"sku\":\"39476\",\"l2\":\"Yogourt\",\"sl\":\"yogourt-peche-framboise-fraise-source-39476\",\"sn\":\"fraises, framboises\",\"idxP\":14},{\"mq\":\"Activia\",\"nm\":\"Yogourt cerise\",\"nme\":\"Cherry Yogurt\",\"attr\":\"Aliment du Qu\u00E9bec\",\"sku\":\"32854\",\"l2\":\"Yogourt\",\"sl\":\"yogourt-cerise-activia-32854\",\"sn\":\"\",\"idxP\":14},{\"mq\":\"I\u00F6go\",\"nm\":\"Yogourt \u00E0 boire vanille 1.5%\",\"nme\":\"1.5% Vanilla Yogurt Drink\",\"attr\":\"Produit local\",\"sku\":\"36730\",\"l2\":\"Yogourt\",\"sl\":\"yogourt-a-boire-vanille-1.5-iogo-36730\",\"sn\":\"\",\"idxP\":38},{\"mq\":\"Cambozola\",\"nm\":\"Fromage bleu allemand coup\u00E9\",\"nme\":\"German Blue Cheese Cut\",\"attr\":\"\",\"sku\":\"13911\",\"l2\":\"Fromage\",\"sl\":\"fromage-bleu-allemand-coupe-cambozola-13911\",\"sn\":\"\",\"idxP\":30},{\"mq\":\"Chef Gaston\",\"nm\":\"Tartinade \u00E0 l'ail\",\"nme\":\"Garlic Spread\",\"attr\":\"\",\"sku\":\"31705\",\"l2\":\"Beurre et margarine\",\"sl\":\"tartinade-a-lail-chef-gaston-31705\",\"sn\":\"\",\"idxP\":8},{\"mq\":\"Chef Gaston\",\"nm\":\"Margarine en portion\",\"nme\":\"Margarine Single Serve\",\"attr\":\"\",\"sku\":\"34921\",\"l2\":\"Beurre et margarine\",\"sl\":\"margarine-en-portion-chef-gaston-34921\",\"sn\":\"\",\"idxP\":9},{\"mq\":\"Bergeron\",\"nm\":\"Margarine soya\",\"nme\":\"Soya Margarine\",\"attr\":\"\",\"sku\":\"00341\",\"l2\":\"Beurre et margarine\",\"sl\":\"margarine-soya-bergeron-00341\",\"sn\":\"\",\"idxP\":49},{\"mq\":\"Rabel\",\"nm\":\"Fromage de ch\u00E8vre au romarin coup\u00E9\",\"nme\":\"Rosemary Goat Cheese Cut\",\"attr\":\"\",\"sku\":\"15177\",\"l2\":\"Fromage\",\"sl\":\"fromage-de-chevre-au-romarin-coupe-rabel-15177\",\"sn\":\"fromages\",\"idxP\":16},{\"mq\":\"Rabel\",\"nm\":\"Fromage de ch\u00E8vre au romarin meule\",\"nme\":\"Rosemary Goat Cheese Wheel\",\"attr\":\"\",\"sku\":\"15176\",\"l2\":\"Fromage\",\"sl\":\"fromage-de-chevre-au-romarin-meule-rabel-15176\",\"sn\":\"fromages\",\"idxP\":11},{\"mq\":\"Alpiland\",\"nm\":\"Fromage emmental autrichien meule\",\"nme\":\"Austrian Emmental Cheese Wheel\",\"attr\":\"\",\"sku\":\"26825\",\"l2\":\"Fromage\",\"sl\":\"fromage-emmental-autrichien-meule-alpiland-26825\",\"sn\":\"fromages\",\"idxP\":53},{\"mq\":\"La Chaudi\u00E8re\",\"nm\":\"Fromage tortillon en boules D\u00E9gu\u00E9dine\",\"nme\":\"D\u00E9gu\u00E9dine Twist Balls Cheese\",\"attr\":\"Aliment du Qu\u00E9bec, Produit local\",\"sku\":\"27214\",\"l2\":\"Fromage\",\"sl\":\"fromage-tortillon-en-boules-deguedine-la-chaudiere-27214\",\"sn\":\"fromages\",\"idxP\":65},{\"mq\":\"Alexis de Portneuf\",\"nm\":\"Fromage de ch\u00E8vre Capriny b\u00FBche\",\"nme\":\"Capriny Goat Cheese Log\",\"attr\":\"Produit local\",\"sku\":\"10204\",\"l2\":\"Fromage\",\"sl\":\"fromage-de-chevre-capriny-buche-alexis-de-portneuf-10204\",\"sn\":\"fromages\",\"idxP\":61},{\"mq\":\"Tre Stelle\",\"nm\":\"Fromage parmesan r\u00E2p\u00E9\",\"nme\":\"Grated Parmesan Cheese\",\"attr\":\"\",\"sku\":\"10202\",\"l2\":\"Fromage\",\"sl\":\"fromage-parmesan-rape-tre-stelle-10202\",\"sn\":\"fromages\",\"idxP\":29},{\"mq\":\"Saint-Beno\u00EEt-du-Lac\",\"nm\":\"Fromage bleu B\u00E9n\u00E9dictin coup\u00E9\",\"nme\":\"B\u00E9n\u00E9dictin Blue Cheese Cut\",\"attr\":\"Sans gluten, Aliment du Qu\u00E9bec, Sans lactose, Produit local\",\"sku\":\"10248\",\"l2\":\"Fromage\",\"sl\":\"fromage-bleu-benedictin-coupe-saint-benoit-du-lac-10248\",\"sn\":\"\",\"idxP\":19},{\"mq\":\"Fritz Kaiser\",\"nm\":\"Fromage L'Empereur coup\u00E9\",\"nme\":\"L'Empereur Cheese Cut\",\"attr\":\"Aliment du Qu\u00E9bec, Produit local\",\"sku\":\"10249\",\"l2\":\"Fromage\",\"sl\":\"fromage-lempereur-coupe-fritz-kaiser-10249\",\"sn\":\"\",\"idxP\":5},{\"mq\":\"Cendre des Pr\u00E9s\",\"nm\":\"Fromage Cendr\u00E9 des Pr\u00E9s coup\u00E9\",\"nme\":\"Cendr\u00E9 des Pr\u00E9s Cheese Cut\",\"attr\":\"Produit local\",\"sku\":\"10261\",\"l2\":\"Fromage\",\"sl\":\"fromage-cendre-des-pres-coupe-cendre-des-pres-10261\",\"sn\":\"fromages\",\"idxP\":23},{\"mq\":\"Cendre des Pr\u00E9s\",\"nm\":\"Fromage Cendr\u00E9 des Pr\u00E9s meule\",\"nme\":\"Cendr\u00E9 des Pr\u00E9s Cheese Wheel\",\"attr\":\"Produit local\",\"sku\":\"10250\",\"l2\":\"Fromage\",\"sl\":\"fromage-cendre-des-pres-meule-cendre-des-pres-10250\",\"sn\":\"fromages\",\"idxP\":6},{\"mq\":\"Saputo\",\"nm\":\"Fromage suisse Canadien Tranch\u00E9\",\"nme\":\"Sliced Canadian Swiss Cheese\",\"attr\":\"\",\"sku\":\"10203\",\"l2\":\"Fromage\",\"sl\":\"fromage-suisse-canadien-tranche-saputo-10203\",\"sn\":\"fromages\",\"idxP\":69},{\"mq\":\"Woolwich\",\"nm\":\"Fromage de ch\u00E8vre canneberge\",\"nme\":\"Cranberry Goat Cheese\",\"attr\":\"Produit local\",\"sku\":\"10246\",\"l2\":\"Fromage\",\"sl\":\"fromage-de-chevre-canneberge-woolwich-10246\",\"sn\":\"fromages\",\"idxP\":35},{\"mq\":\"St-Albert\",\"nm\":\"Cheddar blanc fort bloc\",\"nme\":\"Old White Cheddar Wheel\",\"attr\":\"\",\"sku\":\"27291\",\"l2\":\"Fromage\",\"sl\":\"cheddar-blanc-fort-bloc-st-albert-27291\",\"sn\":\"\",\"idxP\":88},{\"mq\":\"Tradition\",\"nm\":\"Nectar de pruneaux Vision Sant\u00E9\",\"nme\":\"Heath Vision Prune Nectar\",\"attr\":\"Aliment du Qu\u00E9bec, Produit local\",\"sku\":\"27484\",\"l2\":\"Jus frais\",\"sl\":\"nectar-de-pruneaux-vision-sante-tradition-27484\",\"sn\":\"\",\"idxP\":22},{\"mq\":\"Tradition\",\"nm\":\"Jus de canneberge Vision Sant\u00E9\",\"nme\":\"Health Vision Cranberry Juice\",\"attr\":\"Aliment du Qu\u00E9bec, Produit local\",\"sku\":\"27480\",\"l2\":\"Jus frais\",\"sl\":\"jus-de-canneberge-vision-sante-tradition-27480\",\"sn\":\"\",\"idxP\":28},{\"mq\":\"Tradition\",\"nm\":\"Jus de grenade Vision Sant\u00E9\",\"nme\":\"Health Vision Pomegranate Juice\",\"attr\":\"Aliment du Qu\u00E9bec, Produit local\",\"sku\":\"27482\",\"l2\":\"Jus frais\",\"sl\":\"jus-de-grenade-vision-sante-tradition-27482\",\"sn\":\"\",\"idxP\":20},{\"mq\":\"Tradition\",\"nm\":\"Jus de poire p\u00E9tillant\",\"nme\":\"Sparkling Pear Juice\",\"attr\":\"Produit local\",\"sku\":\"27488\",\"l2\":\"Jus frais\",\"sl\":\"jus-de-poire-petillant-tradition-27488\",\"sn\":\"gaz\u00E9ifi\u00E9, poires\",\"idxP\":12},{\"mq\":\"Tradition\",\"nm\":\"Jus de raisin Vision Sant\u00E9\",\"nme\":\"Health Vision Grape Juice\",\"attr\":\"Aliment du Qu\u00E9bec, Produit local\",\"sku\":\"27485\",\"l2\":\"Jus frais\",\"sl\":\"jus-de-raisin-vision-sante-tradition-27485\",\"sn\":\"raisins\",\"idxP\":20},{\"mq\":\"Tradition\",\"nm\":\"Limonade \u00E0 la framboise p\u00E9tillante\",\"nme\":\"Sparkling Raspberry Lemonade\",\"attr\":\"Produit local\",\"sku\":\"27489\",\"l2\":\"Jus frais\",\"sl\":\"limonade-a-la-framboise-petillante-tradition-27489\",\"sn\":\"framboises, gaz\u00E9ifi\u00E9\",\"idxP\":20},{\"mq\":\"Tradition\",\"nm\":\"Jus de pomme p\u00E9tillant\",\"nme\":\"Sparkling Apple Juice\",\"attr\":\"Aliment du Qu\u00E9bec\",\"sku\":\"27487\",\"l2\":\"Jus frais\",\"sl\":\"jus-de-pomme-petillant-tradition-27487\",\"sn\":\"apples, gaz\u00E9ifi\u00E9, pommes\",\"idxP\":20},{\"mq\":\"Beatrice\",\"nm\":\"Beurre non sal\u00E9\",\"nme\":\"Unsalted Butter\",\"attr\":\"\",\"sku\":\"27577\",\"l2\":\"Beurre et margarine\",\"sl\":\"beurre-non-sale-beatrice-27577\",\"sn\":\"\",\"idxP\":100},{\"mq\":\"Rang 9\",\"nm\":\"Fromage canadien mamirolle coup\u00E9\",\"nme\":\"Canadian Mamirolle Cheese Cut\",\"attr\":\"Sans gluten, Aliment du Qu\u00E9bec, Sans lactose, Produit local\",\"sku\":\"22927\",\"l2\":\"Fromage\",\"sl\":\"fromage-canadien-mamirolle-coupe-rang-9-22927\",\"sn\":\"\",\"idxP\":11},{\"mq\":\"Tradition\",\"nm\":\"Jus de pomme frais\",\"nme\":\"Fresh Apple Juice\",\"attr\":\"Aliment du Qu\u00E9bec, Produit local\",\"sku\":\"22514\",\"l2\":\"Jus frais\",\"sl\":\"jus-de-pomme-frais-tradition-22514\",\"sn\":\"apples, pommes\",\"idxP\":87},{\"mq\":\"Boursin\",\"nm\":\"Fromage frais pomme \u00E9rable\",\"nme\":\"Apple and Maple Fresh Cheese\",\"attr\":\"\",\"sku\":\"26723\",\"l2\":\"Fromage\",\"sl\":\"fromage-frais-pomme-erable-boursin-26723\",\"sn\":\"apples, fromages, pommes\",\"idxP\":26},{\"mq\":\"St-Albert\",\"nm\":\"Fromage en grain\",\"nme\":\"Cheddar Cheese Curds\",\"attr\":\"\",\"sku\":\"27648\",\"l2\":\"Fromage\",\"sl\":\"fromage-en-grain-st-albert-27648\",\"sn\":\"fromages\",\"idxP\":100},{\"mq\":\"Pr\u00E9sident\",\"nm\":\"Fromage brie fran\u00E7ais meule\",\"nme\":\"French Brie Cheese Wheel\",\"attr\":\"\",\"sku\":\"27996\",\"l2\":\"Fromage\",\"sl\":\"fromage-brie-francais-meule-president-27996\",\"sn\":\"fromages\",\"idxP\":20},{\"mq\":\"Pr\u00E9sident\",\"nm\":\"Brie fran\u00E7ais coup\u00E9\",\"nme\":\"French Brie Cheese Cut\",\"attr\":\"\",\"sku\":\"27998\",\"l2\":\"Fromage\",\"sl\":\"brie-francais-coupe-president-27998\",\"sn\":\"\",\"idxP\":47},{\"mq\":\"Auricchio\",\"nm\":\"Provolone italien stravecchio extra \u00E2g\u00E9\",\"nme\":\"Extra Old Stravecchio Italian Provolone\",\"attr\":\"\",\"sku\":\"25332\",\"l2\":\"Fromage\",\"sl\":\"provolone-italien-stravecchio-extra-age-auricchio-25332\",\"sn\":\"\",\"idxP\":0},{\"mq\":\"Cur\u00E9 Hebert\",\"nm\":\"Fromage Cur\u00E9 H\u00E9bert coup\u00E9\",\"nme\":\"Mid-Firm Sliced Cheese with Ripened Surface Cut\",\"attr\":\"Aliment du Qu\u00E9bec, Produit local\",\"sku\":\"24312\",\"l2\":\"Fromage\",\"sl\":\"fromage-cure-hebert-coupe-cure-hebert-24312\",\"sn\":\"fromages\",\"idxP\":12},{\"mq\":\"Bellavitano\",\"nm\":\"Fromage balsamique coup\u00E9\",\"nme\":\"Balsamic Cheese Cut\",\"attr\":\"\",\"sku\":\"23499\",\"l2\":\"Fromage\",\"sl\":\"fromage-balsamique-coupe-bellavitano-23499\",\"sn\":\"fromages\",\"idxP\":17},{\"mq\":\"Fort des Rousses\",\"nm\":\"Fromage comt\u00E9 Juraflore coup\u00E9\",\"nme\":\"Juraflore Comt\u00E9 Cheese Cut\",\"attr\":\"\",\"sku\":\"17135\",\"l2\":\"Fromage\",\"sl\":\"fromage-comte-juraflore-coupe-fort-des-rousses-17135\",\"sn\":\"\",\"idxP\":33},{\"mq\":\"Batisseur\",\"nm\":\"Fromage \u00E0 p\u00E2te ferme affin\u00E9 en surface coup\u00E9\",\"nme\":\"Firm Surface Ripened Cheese Cut\",\"attr\":\"\",\"sku\":\"23100\",\"l2\":\"Fromage\",\"sl\":\"fromage-a-pate-ferme-affine-en-surface-coupe-batisseur-23100\",\"sn\":\"fromages\",\"idxP\":11},{\"mq\":\"La Mancha\",\"nm\":\"Fromage brie de ch\u00E8vre coup\u00E9\",\"nme\":\"Goat's Milk Brie Cut\",\"attr\":\"\",\"sku\":\"24419\",\"l2\":\"Fromage\",\"sl\":\"fromage-brie-de-chevre-coupe-la-mancha-24419\",\"sn\":\"fromages\",\"idxP\":10},{\"mq\":\"Fromagerie de l'Isle\",\"nm\":\"La B\u00EAte-\u00E0-Seguin coup\u00E9\",\"nme\":\"La B\u00EAte \u00E0 Seguin Cheese Cut\",\"attr\":\"Produit local\",\"sku\":\"25140\",\"l2\":\"Fromage\",\"sl\":\"la-bete-a-seguin-coupe-fromagerie-de-lisle-25140\",\"sn\":\"\",\"idxP\":23},{\"mq\":\"Soeur Ang\u00E8le\",\"nm\":\"Fromage cr\u00E9meux coup\u00E9\",\"nme\":\"Creamy Cheese Cut\",\"attr\":\"\",\"sku\":\"24450\",\"l2\":\"Fromage\",\"sl\":\"fromage-cremeux-coupe-soeur-angele-24450\",\"sn\":\"fromages\",\"idxP\":14},{\"mq\":\"1860 DuVillage\",\"nm\":\"Fromage Ma\u00EEtre Jules coup\u00E9\",\"nme\":\"Ma\u00EEtre Jules Cheese Cut\",\"attr\":\"Produit local\",\"sku\":\"36773\",\"l2\":\"Fromage\",\"sl\":\"fromage-maitre-jules-coupe-1860-duvillage-36773\",\"sn\":\"\",\"idxP\":31},{\"mq\":\"Fromagerie de l'Isle\",\"nm\":\"Fromage Canotier de l'Isle coup\u00E9\",\"nme\":\"Canotier de l'Isle Cheese Cut\",\"attr\":\"Produit local\",\"sku\":\"30631\",\"l2\":\"Fromage\",\"sl\":\"fromage-canotier-de-lisle-coupe-fromagerie-de-lisle-30631\",\"sn\":\"\",\"idxP\":16},{\"mq\":\"Fromagerie du Presbyt\u00E8re\",\"nm\":\"Fromage Bleu d'Elizabeth coup\u00E9\",\"nme\":\"Bleu d'Elizabeth Blue Cheese Cut\",\"attr\":\"Produit local\",\"sku\":\"36779\",\"l2\":\"Fromage\",\"sl\":\"fromage-bleu-delizabeth-coupe-fromagerie-du-presbytere-36779\",\"sn\":\"\",\"idxP\":31},{\"mq\":\"Alexis de Portneuf\",\"nm\":\"Fromage brie double cr\u00E8me coup\u00E9\",\"nme\":\"Double Cream Brie Cheese Cut\",\"attr\":\"Produit local\",\"sku\":\"37032\",\"l2\":\"Fromage\",\"sl\":\"fromage-brie-double-creme-coupe-alexis-de-portneuf-37032\",\"sn\":\"\",\"idxP\":45},{\"mq\":\"Ile de France\",\"nm\":\"Fromage brie double cr\u00E8me coup\u00E9\",\"nme\":\"Double Cream Brie Cheese Cut\",\"attr\":\"\",\"sku\":\"24889\",\"l2\":\"Fromage\",\"sl\":\"fromage-brie-double-creme-coupe-ile-de-france-24889\",\"sn\":\"fromages\",\"idxP\":48},{\"mq\":\"Tre Stelle\",\"nm\":\"Romano Lupa coup\u00E9\",\"nme\":\"Romano Lupa Cheese Cut\",\"attr\":\"\",\"sku\":\"13093\",\"l2\":\"Fromage\",\"sl\":\"romano-lupa-coupe-tre-stelle-13093\",\"sn\":\"fromages\",\"idxP\":71},{\"mq\":\"Lalibert\u00E9\",\"nm\":\"Fromage triple cr\u00E8me coup\u00E9\",\"nme\":\"Triple Cream Cheese Cut\",\"attr\":\"Produit local\",\"sku\":\"37528\",\"l2\":\"Fromage\",\"sl\":\"fromage-triple-creme-coupe-laliberte-37528\",\"sn\":\"fromages\",\"idxP\":6},{\"mq\":\"Bergeron\",\"nm\":\"Margarine soya non hydrog\u00E9n\u00E9e\",\"nme\":\"Non Hydrogenated Soya Margarine\",\"attr\":\"\",\"sku\":\"10488\",\"l2\":\"Beurre et margarine\",\"sl\":\"margarine-soya-non-hydrogenee-bergeron-10488\",\"sn\":\"\",\"idxP\":87},{\"mq\":\"Libert\u00E9\",\"nm\":\"Yogourt nature 0%\",\"nme\":\"Plain 0% Yogurt\",\"attr\":\"\",\"sku\":\"28183\",\"l2\":\"Yogourt\",\"sl\":\"yogourt-nature-0-liberte-28183\",\"sn\":\"\",\"idxP\":26},{\"mq\":\"Libert\u00E9\",\"nm\":\"Yogourt nature 2%\",\"nme\":\"2% Plain Yogurt\",\"attr\":\"\",\"sku\":\"28184\",\"l2\":\"Yogourt\",\"sl\":\"yogourt-nature-2-liberte-28184\",\"sn\":\"\",\"idxP\":32},{\"mq\":\"Libert\u00E9\",\"nm\":\"Yogourt vanille 2,9%\",\"nme\":\"Vanilla 2.9% Yogurt\",\"attr\":\"\",\"sku\":\"28186\",\"l2\":\"Yogourt\",\"sl\":\"yogourt-vanille-29-liberte-28186\",\"sn\":\"\",\"idxP\":46},{\"mq\":\"Galbani\",\"nm\":\"Fromage Asiago parmesan romano\",\"nme\":\"Asiago Parmesan Romano Cheese\",\"attr\":\"\",\"sku\":\"16781\",\"l2\":\"Fromage\",\"sl\":\"fromage-asiago-parmesan-romano-galbani-16781\",\"sn\":\"fromages\",\"idxP\":15},{\"mq\":\"Saputo\",\"nm\":\"Ricotta fiorella\",\"nme\":\"Ricotta fiorella\",\"attr\":\"Aliment du Qu\u00E9bec\",\"sku\":\"32831\",\"l2\":\"Fromage\",\"sl\":\"ricotta-fiorella-saputo-32831\",\"sn\":\"\",\"idxP\":45},{\"mq\":\"Jarlsberg\",\"nm\":\"Jarlsberg d'Autriche coup\u00E9\",\"nme\":\"Jarlsberg from Austria Cut\",\"attr\":\"\",\"sku\":\"13116\",\"l2\":\"Fromage\",\"sl\":\"jarlsberg-dautriche-coupe-jarlsberg-13116\",\"sn\":\"fromages\",\"idxP\":48},{\"mq\":\"Oka\",\"nm\":\"Fromage raclette coup\u00E9\",\"nme\":\"Raclette Cheese Cut\",\"attr\":\"Sans lactose, Produit local\",\"sku\":\"17867\",\"l2\":\"Fromage\",\"sl\":\"fromage-raclette-coupe-oka-17867\",\"sn\":\"fromages\",\"idxP\":22},{\"mq\":\"Oka\",\"nm\":\"Fromage L'Artisan fum\u00E9 style suisse coup\u00E9\",\"nme\":\"L'Artisan Smoked Swiss Style Cheese Cut\",\"attr\":\"Produit local\",\"sku\":\"36571\",\"l2\":\"Fromage\",\"sl\":\"fromage-lartisan-fume-style-suisse-coupe-oka-36571\",\"sn\":\"fromages\",\"idxP\":30},{\"mq\":\"Oka\",\"nm\":\"Fromage Oka classique coup\u00E9\",\"nme\":\"Classic Oka Cheese Cut\",\"attr\":\"Produit local\",\"sku\":\"23143\",\"l2\":\"Fromage\",\"sl\":\"fromage-oka-classique-coupe-oka-23143\",\"sn\":\"fromages\",\"idxP\":24},{\"mq\":\"Oka\",\"nm\":\"Fromage canadien oka l\u00E9ger coup\u00E9\",\"nme\":\"Light Oka Canadian Cheese Cut\",\"attr\":\"Produit local\",\"sku\":\"62419\",\"l2\":\"Fromage\",\"sl\":\"fromage-canadien-oka-leger-coupe-oka-62419\",\"sn\":\"fromages\",\"idxP\":6},{\"mq\":\"Rabel\",\"nm\":\"Fromage de ch\u00E8vre au vin rouge meule\",\"nme\":\"Goat Cheese Wheel with Red Wine Wheel\",\"attr\":\"\",\"sku\":\"45432\",\"l2\":\"Fromage\",\"sl\":\"fromage-de-chevre-au-vin-rouge-meule-rabel-45432\",\"sn\":\"fromages\",\"idxP\":6},{\"mq\":\"Pecorino\",\"nm\":\"Romano italien coup\u00E9\",\"nme\":\"Italian Romano Cut\",\"attr\":\"\",\"sku\":\"17977\",\"l2\":\"Fromage\",\"sl\":\"romano-italien-coupe-pecorino-17977\",\"sn\":\"\",\"idxP\":49},{\"mq\":\"Rabel\",\"nm\":\"Fromage de ch\u00E8vre au vin rouge coup\u00E9\",\"nme\":\"Goat Cheese with Red Wine Cut\",\"attr\":\"\",\"sku\":\"45434\",\"l2\":\"Fromage\",\"sl\":\"fromage-de-chevre-au-vin-rouge-coupe-rabel-45434\",\"sn\":\"fromages\",\"idxP\":16},{\"mq\":\"Pr\u00E9sident\",\"nm\":\"Bleu d'Auvergne coup\u00E9\",\"nme\":\"Blue Cheese from Auvergne Cut\",\"attr\":\"\",\"sku\":\"07122\",\"l2\":\"Fromage\",\"sl\":\"bleu-dauvergne-coupe-president-07122\",\"sn\":\"\",\"idxP\":13},{\"mq\":\"Ile de France\",\"nm\":\"Fromage bleu roquefort coup\u00E9\",\"nme\":\"Roquefort Blue Cheese Cut\",\"attr\":\"\",\"sku\":\"24968\",\"l2\":\"Fromage\",\"sl\":\"fromage-bleu-roquefort-coupe-ile-de-france-24968\",\"sn\":\"fromages\",\"idxP\":21},{\"mq\":\"Riviera\",\"nm\":\"Parmesan coup\u00E9\",\"nme\":\"Parmesan Cheese Cut\",\"attr\":\"Sans lactose, Produit local\",\"sku\":\"35654\",\"l2\":\"Fromage\",\"sl\":\"parmesan-coupe-riviera-35654\",\"sn\":\"\",\"idxP\":47},{\"mq\":\"Riviera\",\"nm\":\"Parmesan r\u00E2p\u00E9\",\"nme\":\"Grated Parmesan Cheese\",\"attr\":\"Sans lactose, Produit local\",\"sku\":\"12224\",\"l2\":\"Fromage\",\"sl\":\"parmesan-rape-riviera-12224\",\"sn\":\"\",\"idxP\":58},{\"mq\":\"Fromagerie de l'Isle\",\"nm\":\"Tomme de Grosse-\u00CEle coup\u00E9\",\"nme\":\"Grosse-\u00CEle Tomme Cheese Cut\",\"attr\":\"Produit local\",\"sku\":\"35348\",\"l2\":\"Fromage\",\"sl\":\"tomme-de-grosse-ile-coupe-fromagerie-de-lisle-35348\",\"sn\":\"\",\"idxP\":15},{\"mq\":\"Petit Prince\",\"nm\":\"Fromage de ch\u00E8vre aux herbes de Provence\",\"nme\":\"Herbs from Provence Goat Cheese\",\"attr\":\"Aliment du Qu\u00E9bec, Produit local\",\"sku\":\"28338\",\"l2\":\"Fromage\",\"sl\":\"fromage-de-chevre-aux-herbes-de-provence-petit-prince-28338\",\"sn\":\"fromages\",\"idxP\":27},{\"mq\":\"Petit Prince\",\"nm\":\"Fromage de ch\u00E8vre nature\",\"nme\":\"Plain Goat Cheese\",\"attr\":\"Aliment du Qu\u00E9bec, Produit local\",\"sku\":\"28337\",\"l2\":\"Fromage\",\"sl\":\"fromage-de-chevre-nature-petit-prince-28337\",\"sn\":\"fromages\",\"idxP\":34},{\"mq\":\"Petit Prince\",\"nm\":\"Fromage de ch\u00E8vre \u00E0 la ciboulette\",\"nme\":\"Goat Cheese with Chives\",\"attr\":\"Aliment du Qu\u00E9bec, Produit local\",\"sku\":\"28339\",\"l2\":\"Fromage\",\"sl\":\"fromage-de-chevre-a-la-ciboulette-petit-prince-28339\",\"sn\":\"fromages\",\"idxP\":26},{\"mq\":\"Fromagerie du vieux St-Fran\u00E7ois\",\"nm\":\"Cheddar ch\u00E8vre au poivre rose\",\"nme\":\"Pink Pepper Goat Cheddar Cheese\",\"attr\":\"Aliment du Qu\u00E9bec, Produit local\",\"sku\":\"28361\",\"l2\":\"Fromage\",\"sl\":\"cheddar-chevre-au-poivre-rose-fromagerie-du-vieux-st-francois-28361\",\"sn\":\"\",\"idxP\":26},{\"mq\":\"Carignan-Sali\u00E8res\",\"nm\":\"Fromage Carignan coup\u00E9\",\"nme\":\"Carignan Cheese Cut\",\"attr\":\"Biologique\",\"sku\":\"24677\",\"l2\":\"Fromage\",\"sl\":\"fromage-carignan-coupe-carignan-salieres-24677\",\"sn\":\"biologique, bio, organic, organique, fromages\",\"idxP\":16},{\"mq\":\"Fromagerie du vieux St-Fran\u00E7ois\",\"nm\":\"Cheddar ch\u00E8vre nature\",\"nme\":\"Goat Cheddar Cheese\",\"attr\":\"Aliment du Qu\u00E9bec, Produit local\",\"sku\":\"28360\",\"l2\":\"Fromage\",\"sl\":\"cheddar-chevre-nature-fromagerie-du-vieux-st-francois-28360\",\"sn\":\"\",\"idxP\":40},{\"mq\":\"Fritz Kaiser\",\"nm\":\"Saint-Paulin coup\u00E9\",\"nme\":\"St Paulin Cheese Cut\",\"attr\":\"Aliment du Qu\u00E9bec, Produit local\",\"sku\":\"29707\",\"l2\":\"Fromage\",\"sl\":\"saint-paulin-coupe-fritz-kaiser-29707\",\"sn\":\"\",\"idxP\":19},{\"mq\":\"Pied de Vent\",\"nm\":\"Fromage \u00E0 p\u00E2te semi-ferme coup\u00E9\",\"nme\":\"Mid Firm Ripened Cheese Cut\",\"attr\":\"Aliment du Qu\u00E9bec, Produit local\",\"sku\":\"09953\",\"l2\":\"Fromage\",\"sl\":\"fromage-a-pate-semi-ferme-coupe-pied-de-vent-09953\",\"sn\":\"\",\"idxP\":34},{\"mq\":\"Grey Owl\",\"nm\":\"Fromage de ch\u00E8vre cendr\u00E9 coup\u00E9\",\"nme\":\"Ash-Coated Goat Cheese Cut\",\"attr\":\"Aliment du Qu\u00E9bec, Produit local\",\"sku\":\"36828\",\"l2\":\"Fromage\",\"sl\":\"fromage-de-chevre-cendre-coupe-grey-owl-36828\",\"sn\":\"fromages\",\"idxP\":24},{\"mq\":\"Alexis de Portneuf\",\"nm\":\"Fromage vacherin coup\u00E9\",\"nme\":\"Vacherin Cheese Cut\",\"attr\":\"Produit local\",\"sku\":\"07819\",\"l2\":\"Fromage\",\"sl\":\"fromage-vacherin-coupe-alexis-de-portneuf-07819\",\"sn\":\"\",\"idxP\":10},{\"mq\":\"Fritz Kaiser\",\"nm\":\"Raclette affin\u00E9e \u00E0 la bi\u00E8re coup\u00E9\",\"nme\":\"Beer Ripened Cheese Cut\",\"attr\":\"Aliment du Qu\u00E9bec, Produit local\",\"sku\":\"36794\",\"l2\":\"Fromage\",\"sl\":\"raclette-affinee-a-la-biere-coupe-fritz-kaiser-36794\",\"sn\":\"\",\"idxP\":24},{\"mq\":\"Pr\u00E9sident\",\"nm\":\"Emmental fran\u00E7ais tranch\u00E9\",\"nme\":\"Sliced French Emmental\",\"attr\":\"\",\"sku\":\"28037\",\"l2\":\"Fromage\",\"sl\":\"emmental-francais-tranche-president-28037\",\"sn\":\"\",\"idxP\":40},{\"mq\":\"Sifor\",\"nm\":\"Crotonese piment rouge coup\u00E9\",\"nme\":\"Red Pepper Crotonese Cheese Cut\",\"attr\":\"\",\"sku\":\"07811\",\"l2\":\"Fromage\",\"sl\":\"crotonese-piment-rouge-coupe-sifor-07811\",\"sn\":\"piments\",\"idxP\":8},{\"mq\":\"Emmi\",\"nm\":\"Raclette suisse au poivre tranch\u00E9e\",\"nme\":\"Sliced Swiss Pepper Raclette\",\"attr\":\"\",\"sku\":\"20186\",\"l2\":\"Fromage\",\"sl\":\"raclette-suisse-au-poivre-tranchee-emmi-20186\",\"sn\":\"\",\"idxP\":11},{\"mq\":\"Old Amsterdam\",\"nm\":\"Fromage Old Amsterdam coup\u00E9\",\"nme\":\"Old Amsterdam Cheese Cut\",\"attr\":\"Aliment du Qu\u00E9bec, Produit local\",\"sku\":\"35045\",\"l2\":\"Fromage\",\"sl\":\"fromage-old-amsterdam-coupe-old-amsterdam-35045\",\"sn\":\"fromages\",\"idxP\":27},{\"mq\":\"Fleuron\",\"nm\":\"Fromage bleu coup\u00E9\",\"nme\":\"Blue Cheese Cut\",\"attr\":\"Biologique, Produit local\",\"sku\":\"20006\",\"l2\":\"Fromage\",\"sl\":\"fromage-bleu-coupe-fleuron-20006\",\"sn\":\"biologique, bio, organic, organique\",\"idxP\":13},{\"mq\":\"St-Fid\u00E8le\",\"nm\":\"Fromage suisse canadien coup\u00E9\",\"nme\":\"Canadian Swiss Cheese Cut\",\"attr\":\"\",\"sku\":\"22849\",\"l2\":\"Fromage\",\"sl\":\"fromage-suisse-canadien-coupe-st-fidele-22849\",\"sn\":\"fromages\",\"idxP\":9},{\"mq\":\"Pr\u00E9sident\",\"nm\":\"Fromage bleu Fourme d'Ambert coup\u00E9\",\"nme\":\"Fourme d'Ambert Blue Cheese Cut\",\"attr\":\"\",\"sku\":\"25149\",\"l2\":\"Fromage\",\"sl\":\"fromage-bleu-fourme-dambert-coupe-president-25149\",\"sn\":\"\",\"idxP\":34},{\"mq\":\"Fromagerie du Presbyt\u00E8re\",\"nm\":\"Fromage Louis d'Or coup\u00E9\",\"nme\":\"Louis d'Or Cheese Cut\",\"attr\":\"Produit local\",\"sku\":\"14594\",\"l2\":\"Fromage\",\"sl\":\"fromage-louis-dor-coupe-fromagerie-du-presbytere-14594\",\"sn\":\"fromages\",\"idxP\":43},{\"mq\":\"Castello\",\"nm\":\"Fromage bleu danois extra cr\u00E9meux coup\u00E9\",\"nme\":\"Extra Creamy Danish Blue Cheese Cut\",\"attr\":\"\",\"sku\":\"36383\",\"l2\":\"Fromage\",\"sl\":\"fromage-bleu-danois-extra-cremeux-coupe-castello-36383\",\"sn\":\"fromages\",\"idxP\":19},{\"mq\":\"Saint-Beno\u00EEt-du-Lac\",\"nm\":\"Fromage bleu Ermite coup\u00E9\",\"nme\":\"Ermite blue cheese Cut\",\"attr\":\"Sans gluten, Aliment du Qu\u00E9bec, Sans lactose, Produit local\",\"sku\":\"22280\",\"l2\":\"Fromage\",\"sl\":\"fromage-bleu-ermite-coupe-saint-benoit-du-lac-22280\",\"sn\":\"\",\"idxP\":18},{\"mq\":\"Castello\",\"nm\":\"Fromage bleu danois coup\u00E9\",\"nme\":\"Danish Blue Cheese Cut\",\"attr\":\"\",\"sku\":\"37437\",\"l2\":\"Fromage\",\"sl\":\"fromage-bleu-danois-coupe-castello-37437\",\"sn\":\"fromages\",\"idxP\":77},{\"mq\":\"Alexis de Portneuf\",\"nm\":\"Vacherin Alexis de Portneuf tranch\u00E9\",\"nme\":\"Sliced Vacherin Cheese\",\"attr\":\"Produit local\",\"sku\":\"07820\",\"l2\":\"Fromage\",\"sl\":\"vacherin-alexis-de-portneuf-tranche-alexis-de-portneuf-07820\",\"sn\":\"\",\"idxP\":11},{\"mq\":\"Fritz Kaiser\",\"nm\":\"Fromage raclette canadienne tranch\u00E9e\",\"nme\":\"Sliced Canadian Raclette Cheese\",\"attr\":\"Aliment du Qu\u00E9bec, Produit local\",\"sku\":\"72078\",\"l2\":\"Fromage\",\"sl\":\"fromage-raclette-canadienne-tranchee-fritz-kaiser-72078\",\"sn\":\"\",\"idxP\":19},{\"mq\":\"Arla\",\"nm\":\"Piave Vecchio coup\u00E9\",\"nme\":\"Piave Vecchio Cheese Cut\",\"attr\":\"\",\"sku\":\"06955\",\"l2\":\"Fromage\",\"sl\":\"piave-vecchio-coupe-arla-06955\",\"sn\":\"\",\"idxP\":6},{\"mq\":\"Auricchio\",\"nm\":\"Provolone italien stravecchio extra \u00E2g\u00E9 coup\u00E9\",\"nme\":\"Cut Extra Old Stravecchio Italian Provolone\",\"attr\":\"\",\"sku\":\"25333\",\"l2\":\"Fromage\",\"sl\":\"provolone-italien-stravecchio-extra-age-coupe-auricchio-25333\",\"sn\":\"\",\"idxP\":22},{\"mq\":\"Alpiland\",\"nm\":\"Fromage emmental autrichien coup\u00E9\",\"nme\":\"Austrian Emmental Cheese Cut\",\"attr\":\"\",\"sku\":\"26836\",\"l2\":\"Fromage\",\"sl\":\"fromage-emmental-autrichien-coupe-alpiland-26836\",\"sn\":\"fromages\",\"idxP\":43},{\"mq\":\"Auricchio\",\"nm\":\"Provolone italien doux coup\u00E9\",\"nme\":\"Cut Mild Italian Provolone\",\"attr\":\"\",\"sku\":\"17929\",\"l2\":\"Fromage\",\"sl\":\"provolone-italien-doux-coupe-auricchio-17929\",\"sn\":\"\",\"idxP\":24},{\"mq\":\"Dofino\",\"nm\":\"Havarti herbes et \u00E9pices coup\u00E9\",\"nme\":\"Herbs and Spices Havarti Cheese Cut\",\"attr\":\"\",\"sku\":\"35273\",\"l2\":\"Fromage\",\"sl\":\"havarti-herbes-et-epices-coupe-dofino-35273\",\"sn\":\"\",\"idxP\":22},{\"mq\":\"Rang 9\",\"nm\":\"Fromage Mamirolle canadien tranch\u00E9\",\"nme\":\"Sliced Canadian Mamirolle Cheese\",\"attr\":\"Sans gluten, Aliment du Qu\u00E9bec, Sans lactose, Produit local\",\"sku\":\"72133\",\"l2\":\"Fromage\",\"sl\":\"fromage-mamirolle-canadien-tranche-rang-9-72133\",\"sn\":\"\",\"idxP\":7},{\"mq\":\"Alexis de Portneuf\",\"nm\":\"Fromage raclette tranch\u00E9\",\"nme\":\"Sliced Raclette Cheese\",\"attr\":\"Produit local\",\"sku\":\"75267\",\"l2\":\"Fromage\",\"sl\":\"fromage-raclette-tranche-alexis-de-portneuf-75267\",\"sn\":\"\",\"idxP\":18},{\"mq\":\"Stella\",\"nm\":\"Fromage Asiago coup\u00E9\",\"nme\":\"Asiago Cheese from United States Cut\",\"attr\":\"\",\"sku\":\"13062\",\"l2\":\"Fromage\",\"sl\":\"fromage-asiago-coupe-stella-13062\",\"sn\":\"fromages\",\"idxP\":19},{\"mq\":\"D'affinois\",\"nm\":\"Fromage de brebis fran\u00E7ais d'Affinois meule\",\"nme\":\"D'Affinois French Sheep Cheese Wheel\",\"attr\":\"\",\"sku\":\"35088\",\"l2\":\"Fromage\",\"sl\":\"fromage-de-brebis-francais-daffinois-meule-daffinois-35088\",\"sn\":\"fromages\",\"idxP\":9},{\"mq\":\"Swiss Knight\",\"nm\":\"Fromage fondu suisse\",\"nme\":\"Swiss Gruyere Cheese\",\"attr\":\"\",\"sku\":\"24546\",\"l2\":\"Fromage\",\"sl\":\"fromage-fondu-suisse-swiss-knight-24546\",\"sn\":\"fromages\",\"idxP\":19},{\"mq\":\"Fromagerie Bergeron\",\"nm\":\"Gouda Le classique fum\u00E9 coup\u00E9\",\"nme\":\"Gouda The classic smoked cut\",\"attr\":\"Aliment du Qu\u00E9bec, Sans lactose, Produit local\",\"sku\":\"07740\",\"l2\":\"Fromage\",\"sl\":\"gouda-le-classique-fume-coupe-fromagerie-bergeron-07740\",\"sn\":\"\",\"idxP\":19}], [{\"mq\":\"L'Anc\u00EAtre\",\"nm\":\"Le Baluchon au lait biologique meule\",\"nme\":\"Organic Milk Le Baluchon Wheel\",\"attr\":\"Sans gluten, Biologique, Sans lactose, Produit local\",\"sku\":\"07771\",\"l2\":\"Fromage\",\"sl\":\"le-baluchon-au-lait-biologique-meule-lancetre-07771\",\"sn\":\"biologique, bio, organic, organique\",\"idxP\":3},{\"mq\":\"Bellavitano\",\"nm\":\"Fromage Merlot coup\u00E9\",\"nme\":\"Merlot Cheese Cut\",\"attr\":\"\",\"sku\":\"23501\",\"l2\":\"Fromage\",\"sl\":\"fromage-merlot-coupe-bellavitano-23501\",\"sn\":\"fromages\",\"idxP\":30},{\"mq\":\"Fromagerie de l'Isle\",\"nm\":\"Fromage Riopelle de l'\u00CEle coup\u00E9\",\"nme\":\"Riopelle de l'\u00CEle Cheese Cut\",\"attr\":\"Aliment du Qu\u00E9bec, Produit local\",\"sku\":\"07782\",\"l2\":\"Fromage\",\"sl\":\"fromage-riopelle-de-lile-coupe-fromagerie-de-lisle-07782\",\"sn\":\"\",\"idxP\":23},{\"mq\":\"D'affinois\",\"nm\":\"Fromage de brebis fran\u00E7ais d'Affinois coup\u00E9\",\"nme\":\"D'Affinois French Sheep Cheese Cut\",\"attr\":\"\",\"sku\":\"35089\",\"l2\":\"Fromage\",\"sl\":\"fromage-de-brebis-francais-daffinois-coupe-daffinois-35089\",\"sn\":\"fromages\",\"idxP\":17},{\"mq\":\"L'Extra\",\"nm\":\"Camembert Canadien coup\u00E9\",\"nme\":\"Canadian Camembert Cheese Cut\",\"attr\":\"\",\"sku\":\"13025\",\"l2\":\"Fromage\",\"sl\":\"camembert-canadien-coupe-lextra-13025\",\"sn\":\"\",\"idxP\":9},{\"mq\":\"Frico\",\"nm\":\"Fromage edam doux boule coup\u00E9\",\"nme\":\"Mild Edam Cheese Cut\",\"attr\":\"\",\"sku\":\"15689\",\"l2\":\"Fromage\",\"sl\":\"fromage-edam-doux-boule-coupe-frico-15689\",\"sn\":\"\",\"idxP\":15},{\"mq\":\"L'Anc\u00EAtre\",\"nm\":\"Le Baluchon au lait coup\u00E9\",\"nme\":\"Le Baluchon Cut\",\"attr\":\"Sans gluten, Biologique, Sans lactose, Produit local\",\"sku\":\"07772\",\"l2\":\"Fromage\",\"sl\":\"le-baluchon-au-lait-coupe-lancetre-07772\",\"sn\":\"biologique, bio, organic, organique\",\"idxP\":8},{\"mq\":\"Switzerland\",\"nm\":\"Gruy\u00E8re coup\u00E9\",\"nme\":\"Gruyere Switzerland Cheese Cut\",\"attr\":\"\",\"sku\":\"13158\",\"l2\":\"Fromage\",\"sl\":\"gruyere-coupe-switzerland-13158\",\"sn\":\"\",\"idxP\":37},{\"mq\":\"Becel\",\"nm\":\"Margarine originale\",\"nme\":\"Original Margarine\",\"attr\":\"\",\"sku\":\"21266\",\"l2\":\"Beurre et margarine\",\"sl\":\"margarine-originale-becel-21266\",\"sn\":\"\",\"idxP\":39},{\"mq\":\"Nuvel\",\"nm\":\"Margarine non hydrog\u00E9n\u00E9e sans gras trans\",\"nme\":\"Trans Fat Free Non Hydro Margarine\",\"attr\":\"\",\"sku\":\"08410\",\"l2\":\"Beurre et margarine\",\"sl\":\"margarine-non-hydrogenee-sans-gras-trans-nuvel-08410\",\"sn\":\"v\u00E9g\u00E9talien\",\"idxP\":29},{\"mq\":\"Salerno\",\"nm\":\"Friulano canadien coup\u00E9\",\"nme\":\"Canadian Friulano Cheese Cut\",\"attr\":\"\",\"sku\":\"13059\",\"l2\":\"Fromage\",\"sl\":\"friulano-canadien-coupe-salerno-13059\",\"sn\":\"\",\"idxP\":11},{\"mq\":\"P'tit Basque\",\"nm\":\"Petit basque brebis coup\u00E9\",\"nme\":\"Small Basque Sheep Cut\",\"attr\":\"\",\"sku\":\"07767\",\"l2\":\"Fromage\",\"sl\":\"petit-basque-brebis-coupe-petit-basque-07767\",\"sn\":\"fromages\",\"idxP\":4},{\"mq\":\"Fritz Kaiser\",\"nm\":\"Fromage Noyan coup\u00E9\",\"nme\":\"Noyan Cheese Cut\",\"attr\":\"Aliment du Qu\u00E9bec, Produit local\",\"sku\":\"29569\",\"l2\":\"Fromage\",\"sl\":\"fromage-noyan-coupe-fritz-kaiser-29569\",\"sn\":\"\",\"idxP\":20},{\"mq\":\"Saint-Beno\u00EEt-du-Lac\",\"nm\":\"Fromage doux \u00E0 p\u00E2te ferme coup\u00E9\",\"nme\":\"Mild Firm Cheese Cut\",\"attr\":\"Sans gluten, Aliment du Qu\u00E9bec, Sans lactose, Produit local\",\"sku\":\"30042\",\"l2\":\"Fromage\",\"sl\":\"fromage-doux-a-pate-ferme-coupe-saint-benoit-du-lac-30042\",\"sn\":\"\",\"idxP\":17},{\"mq\":\"La Station\",\"nm\":\"Fromage au lait cru Alfred Le Fermier coup\u00E9\",\"nme\":\"Raw Milk Alfred Le Fermier Cheese Cut\",\"attr\":\"Biologique, Produit local\",\"sku\":\"07789\",\"l2\":\"Fromage\",\"sl\":\"fromage-au-lait-cru-alfred-le-fermier-coupe-la-station-07789\",\"sn\":\"biologique, bio, organic, organique\",\"idxP\":19},{\"mq\":\"Saint-Beno\u00EEt-du-Lac\",\"nm\":\"Fromage bleu fum\u00E9 coup\u00E9\",\"nme\":\"Smoked Blue Cheese Cut\",\"attr\":\"Sans gluten, Aliment du Qu\u00E9bec, Sans lactose, Produit local\",\"sku\":\"34657\",\"l2\":\"Fromage\",\"sl\":\"fromage-bleu-fume-coupe-saint-benoit-du-lac-34657\",\"sn\":\"\",\"idxP\":14},{\"mq\":\"Bellavitano\",\"nm\":\"Fromage espresso coup\u00E9\",\"nme\":\"Espresso Cheese Cut\",\"attr\":\"\",\"sku\":\"17717\",\"l2\":\"Fromage\",\"sl\":\"fromage-espresso-coupe-bellavitano-17717\",\"sn\":\"\",\"idxP\":40},{\"mq\":\"Riviera\",\"nm\":\"Fromage cheddar marbr\u00E9 bloc coup\u00E9\",\"nme\":\"Mild Marbled Cheddar Block Cut\",\"attr\":\"Sans lactose, Produit local\",\"sku\":\"34352\",\"l2\":\"Fromage\",\"sl\":\"fromage-cheddar-marbre-bloc-coupe-riviera-34352\",\"sn\":\"\",\"idxP\":7},{\"mq\":\"Dofino\",\"nm\":\"Fromage havarti \u00E0 l'ail r\u00F4ti coup\u00E9\",\"nme\":\"Roasted Garlic Havarti Cheese Cut\",\"attr\":\"\",\"sku\":\"35169\",\"l2\":\"Fromage\",\"sl\":\"fromage-havarti-a-lail-roti-coupe-dofino-35169\",\"sn\":\"\",\"idxP\":7},{\"mq\":\"Kenogami\",\"nm\":\"Fromage Kenogami meule\",\"nme\":\"Kenogami Cheese Wheel\",\"attr\":\"Produit local\",\"sku\":\"36807\",\"l2\":\"Fromage\",\"sl\":\"fromage-kenogami-meule-kenogami-36807\",\"sn\":\"fromages\",\"idxP\":2},{\"mq\":\"Dofino\",\"nm\":\"Fromage Havarti Jalapeno coup\u00E9\",\"nme\":\"Jalapeno Havarti Cheese Cut\",\"attr\":\"\",\"sku\":\"35279\",\"l2\":\"Fromage\",\"sl\":\"fromage-havarti-jalapeno-coupe-dofino-35279\",\"sn\":\"\",\"idxP\":19},{\"mq\":\"Kenogami\",\"nm\":\"Fromage Kenogami coup\u00E9\",\"nme\":\"Kenogami Cheese Cut\",\"attr\":\"Produit local\",\"sku\":\"36808\",\"l2\":\"Fromage\",\"sl\":\"fromage-kenogami-coupe-kenogami-36808\",\"sn\":\"fromages\",\"idxP\":6},{\"mq\":\"Switzerland\",\"nm\":\"T\u00EAte de moine coup\u00E9\",\"nme\":\"T\u00EAte de Moine Cut\",\"attr\":\"\",\"sku\":\"34355\",\"l2\":\"Fromage\",\"sl\":\"tete-de-moine-coupe-switzerland-34355\",\"sn\":\"\",\"idxP\":20},{\"mq\":\"Alexis de Portneuf\",\"nm\":\"Fromage La Sauvagine Coup\u00E9\",\"nme\":\"SoftLa Sauvagine Cheese Cut\",\"attr\":\"Produit local\",\"sku\":\"49882\",\"l2\":\"Fromage\",\"sl\":\"fromage-la-sauvagine-coupe-alexis-de-portneuf-49882\",\"sn\":\"\",\"idxP\":11},{\"mq\":\"Auricchio\",\"nm\":\"Provolone italien piccante tranci\",\"nme\":\"Piccante Tranci Italian Provlone\",\"attr\":\"\",\"sku\":\"36497\",\"l2\":\"Fromage\",\"sl\":\"provolone-italien-piccante-tranci-auricchio-36497\",\"sn\":\"fromages\",\"idxP\":1},{\"mq\":\"Fritz Kaiser\",\"nm\":\"Fromage Le douanier coup\u00E9\",\"nme\":\"Douanier Cheese Cut\",\"attr\":\"Aliment du Qu\u00E9bec, Produit local\",\"sku\":\"49967\",\"l2\":\"Fromage\",\"sl\":\"fromage-le-douanier-coupe-fritz-kaiser-49967\",\"sn\":\"\",\"idxP\":22},{\"mq\":\"Saputo\",\"nm\":\"Petit tuma canadien\",\"nme\":\"Small Canadian Tuma\",\"attr\":\"Aliment du Qu\u00E9bec\",\"sku\":\"25914\",\"l2\":\"Fromage\",\"sl\":\"petit-tuma-canadien-saputo-25914\",\"sn\":\"\",\"idxP\":30},{\"mq\":\"Fritz Kaiser\",\"nm\":\"Saint Paulin l\u00E9ger coup\u00E9\",\"nme\":\"Light Saint Paulin Cheese Cut\",\"attr\":\"Aliment du Qu\u00E9bec, Produit local\",\"sku\":\"20145\",\"l2\":\"Fromage\",\"sl\":\"saint-paulin-leger-coupe-fritz-kaiser-20145\",\"sn\":\"\",\"idxP\":13},{\"mq\":\"Saint Henri\",\"nm\":\"Fromage suisse r\u00E2p\u00E9\",\"nme\":\"Shredded Swiss Cheese\",\"attr\":\"\",\"sku\":\"29947\",\"l2\":\"Fromage\",\"sl\":\"fromage-suisse-rape-saint-henri-29947\",\"sn\":\"\",\"idxP\":44},{\"mq\":\"Chevalier\",\"nm\":\"Fromage brie triple cr\u00E8me coup\u00E9\",\"nme\":\"Triple Cream Canadian Brie Cheese Cut\",\"attr\":\"Aliment du Qu\u00E9bec\",\"sku\":\"46464\",\"l2\":\"Fromage\",\"sl\":\"fromage-brie-triple-creme-coupe-chevalier-46464\",\"sn\":\"\",\"idxP\":14},{\"mq\":\"Nouvelle France\",\"nm\":\"Fromage de brebis La Madelaine coup\u00E9\",\"nme\":\"La Madelaine Sheep Milk Soft Cheese Cut\",\"attr\":\"\",\"sku\":\"07716\",\"l2\":\"Fromage\",\"sl\":\"fromage-de-brebis-la-madelaine-coupe-nouvelle-france-07716\",\"sn\":\"fromages\",\"idxP\":7},{\"mq\":\"Bingo\",\"nm\":\"Fromage cheddar extra fort biologique\",\"nme\":\"Organic Extra Old Cheddar Cheese\",\"attr\":\"Biologique, Sans lactose, Produit local\",\"sku\":\"21899\",\"l2\":\"Fromage\",\"sl\":\"fromage-cheddar-extra-fort-biologique-bingo-21899\",\"sn\":\"biologique, bio, organic, organique\",\"idxP\":10},{\"mq\":\"Nouvelle France\",\"nm\":\"Zacharie cloutier lait cru coup\u00E9\",\"nme\":\"Raw Milk Cloutier Zacharie Cut\",\"attr\":\"Produit local\",\"sku\":\"22233\",\"l2\":\"Fromage\",\"sl\":\"zacharie-cloutier-lait-cru-coupe-nouvelle-france-22233\",\"sn\":\"\",\"idxP\":35},{\"mq\":\"Fromagerie de l'Isle\",\"nm\":\"Fromage Cheval noir de l'Isle coup\u00E9\",\"nme\":\"Cheval Noir de l'Isle Cheese Cut\",\"attr\":\"Produit local\",\"sku\":\"25093\",\"l2\":\"Fromage\",\"sl\":\"fromage-cheval-noir-de-lisle-coupe-fromagerie-de-lisle-25093\",\"sn\":\"\",\"idxP\":15},{\"mq\":\"Gr\u00E9 des Champs\",\"nm\":\"Gr\u00E9 des champs lait cru coup\u00E9\",\"nme\":\"Gre des Champs Cut\",\"attr\":\"Aliment du Qu\u00E9bec, Produit local\",\"sku\":\"20001\",\"l2\":\"Fromage\",\"sl\":\"gre-des-champs-lait-cru-coupe-gre-des-champs-20001\",\"sn\":\"fromages\",\"idxP\":22},{\"mq\":\"Fromagerie de l'Isle\",\"nm\":\"Fromage Cur\u00E9 Quertier de l'Isle Coup\u00E9\",\"nme\":\"Cur\u00E9 Quertier de l'Isle Cheese Wheel Cut\",\"attr\":\"Produit local\",\"sku\":\"25095\",\"l2\":\"Fromage\",\"sl\":\"fromage-cure-quertier-de-lisle-coupe-fromagerie-de-lisle-25095\",\"sn\":\"\",\"idxP\":10},{\"mq\":\"Thibault\",\"nm\":\"Margarine sans sel Arc en Ciel\",\"nme\":\"Unsalted Arc en Ciel Margarine\",\"attr\":\"\",\"sku\":\"49482\",\"l2\":\"Beurre et margarine\",\"sl\":\"margarine-sans-sel-arc-en-ciel-thibault-49482\",\"sn\":\"\",\"idxP\":23},{\"mq\":\"Magie de madawa\",\"nm\":\"Fromage \u00E0 p\u00E2te molle coup\u00E9\",\"nme\":\"Soft Paste Cheese Cut\",\"attr\":\"\",\"sku\":\"24310\",\"l2\":\"Fromage\",\"sl\":\"fromage-a-pate-molle-coupe-magie-de-madawa-24310\",\"sn\":\"fromages\",\"idxP\":16},{\"mq\":\"Le Pont Tournant\",\"nm\":\"Fromage \u00E0 p\u00E2te molle et \u00E0 cro\u00FBte fleurie coup\u00E9\",\"nme\":\"Soft Cheese with White Soft Rind Cut\",\"attr\":\"Produit local\",\"sku\":\"24418\",\"l2\":\"Fromage\",\"sl\":\"fromage-a-pate-molle-et-a-croute-fleurie-coupe-le-pont-tournant-24418\",\"sn\":\"\",\"idxP\":17},{\"mq\":\"Dofino\",\"nm\":\"Havarti cr\u00E9meux coup\u00E9\",\"nme\":\"Creamy Havarti Cheese Cut\",\"attr\":\"\",\"sku\":\"35161\",\"l2\":\"Fromage\",\"sl\":\"havarti-cremeux-coupe-dofino-35161\",\"sn\":\"\",\"idxP\":13},{\"mq\":\"Tre Stelle\",\"nm\":\"Ricotta l\u00E9ger\",\"nme\":\"Light Ricotta\",\"attr\":\"\",\"sku\":\"09220\",\"l2\":\"Fromage\",\"sl\":\"ricotta-leger-tre-stelle-09220\",\"sn\":\"\",\"idxP\":30},{\"mq\":\"Fritz Kaiser\",\"nm\":\"Fromage la mascotte coup\u00E9\",\"nme\":\"La Mascotte Cheese Cut\",\"attr\":\"Aliment du Qu\u00E9bec, Produit local\",\"sku\":\"37238\",\"l2\":\"Fromage\",\"sl\":\"fromage-la-mascotte-coupe-fritz-kaiser-37238\",\"sn\":\"\",\"idxP\":15},{\"mq\":\"Grand cheddar\",\"nm\":\"Cheddar 5 ans d'\u00E2ge\",\"nme\":\"5-Year Aged Cheddar\",\"attr\":\"\",\"sku\":\"28884\",\"l2\":\"Fromage\",\"sl\":\"cheddar-5-ans-dage-grand-cheddar-28884\",\"sn\":\"\",\"idxP\":30},{\"mq\":\"Tre Stelle\",\"nm\":\"Cheddar fum\u00E9 coup\u00E9\",\"nme\":\"Smoked Cheddar Cheese Cut\",\"attr\":\"\",\"sku\":\"37272\",\"l2\":\"Fromage\",\"sl\":\"cheddar-fume-coupe-tre-stelle-37272\",\"sn\":\"\",\"idxP\":19},{\"mq\":\"Laiterie Charlevoix\",\"nm\":\"L'Origine de Charlevoix meule\",\"nme\":\"L'Origine de Charlevoix Wheel\",\"attr\":\"Produit local\",\"sku\":\"37488\",\"l2\":\"Fromage\",\"sl\":\"lorigine-de-charlevoix-meule-laiterie-charlevoix-37488\",\"sn\":\"\",\"idxP\":24},{\"mq\":\"Le Noble\",\"nm\":\"Fromage cr\u00E9meux coup\u00E9\",\"nme\":\"Soft Cheese Cut\",\"attr\":\"Aliment du Qu\u00E9bec, Produit local\",\"sku\":\"37240\",\"l2\":\"Fromage\",\"sl\":\"fromage-cremeux-coupe-le-noble-37240\",\"sn\":\"fromages\",\"idxP\":24},{\"mq\":\"Promar\",\"nm\":\"Margarine croissant non hydrog\u00E9n\u00E9\",\"nme\":\"Non Hygrogen Croissant Margarine\",\"attr\":\"\",\"sku\":\"41793\",\"l2\":\"Beurre et margarine\",\"sl\":\"margarine-croissant-non-hydrogene-promar-41793\",\"sn\":\"\",\"idxP\":21},{\"mq\":\"Bon Alpi\",\"nm\":\"Edam autrichien coup\u00E9\",\"nme\":\"Austrian Edam Cheese Cut\",\"attr\":\"\",\"sku\":\"26360\",\"l2\":\"Fromage\",\"sl\":\"edam-autrichien-coupe-bon-alpi-26360\",\"sn\":\"\",\"idxP\":13},{\"mq\":\"Tre Stelle\",\"nm\":\"Haloomi\",\"nme\":\"Haloomi\",\"attr\":\"\",\"sku\":\"28885\",\"l2\":\"Fromage\",\"sl\":\"haloomi-tre-stelle-28885\",\"sn\":\"\",\"idxP\":18},{\"mq\":\"14 Arpents\",\"nm\":\"Fromage fermier 14 Arpents coup\u00E9\",\"nme\":\"14 Arpents Farm Cheese Cut\",\"attr\":\"\",\"sku\":\"36777\",\"l2\":\"Fromage\",\"sl\":\"fromage-fermier-14-arpents-coupe-14-arpents-36777\",\"sn\":\"fromages\",\"idxP\":19},{\"mq\":\"Galbani\",\"nm\":\"Parmesan r\u00E2p\u00E9 100% 250g\",\"nme\":\"Grated Cheese 100%\",\"attr\":\"\",\"sku\":\"28988\",\"l2\":\"Fromage\",\"sl\":\"parmesan-rape-100-250g-galbani-28988\",\"sn\":\"\",\"idxP\":47},{\"mq\":\"Golosini\",\"nm\":\"Fromage romano r\u00E2p\u00E9 60%\",\"nme\":\"Shredded 60% Romano Cheese\",\"attr\":\"\",\"sku\":\"29463\",\"l2\":\"Fromage\",\"sl\":\"fromage-romano-rape-60-golosini-29463\",\"sn\":\"\",\"idxP\":43},{\"mq\":\"Tre Stelle\",\"nm\":\"Parmesan r\u00E2p\u00E9\",\"nme\":\"Shredded Parmesan\",\"attr\":\"\",\"sku\":\"29824\",\"l2\":\"Fromage\",\"sl\":\"parmesan-rape-tre-stelle-29824\",\"sn\":\"\",\"idxP\":27},{\"mq\":\"Auricchio\",\"nm\":\"Provolone italien piccante tranci coup\u00E9\",\"nme\":\"Cut Piccante Tranci Italian Provolone\",\"attr\":\"\",\"sku\":\"36498\",\"l2\":\"Fromage\",\"sl\":\"provolone-italien-piccante-tranci-coupe-auricchio-36498\",\"sn\":\"fromages\",\"idxP\":14},{\"mq\":\"Tre Stelle\",\"nm\":\"Parmesan p\u00E9tales\",\"nme\":\"Parmesan petals\",\"attr\":\"\",\"sku\":\"29825\",\"l2\":\"Fromage\",\"sl\":\"parmesan-petales-tre-stelle-29825\",\"sn\":\"croustille\",\"idxP\":47},{\"mq\":\"Missiska\",\"nm\":\"Fromage \u00E0 p\u00E2te molle Jersey Royal\",\"nme\":\"Soft cheese Jersey Royal\",\"attr\":\"Produit local\",\"sku\":\"29388\",\"l2\":\"Fromage\",\"sl\":\"fromage-a-pate-molle-jersey-royal-missiska-29388\",\"sn\":\"fromages\",\"idxP\":4},{\"mq\":\"Tre Stelle\",\"nm\":\"Mozzarella 25% en boule\",\"nme\":\"25% Mozzarella Ball\",\"attr\":\"\",\"sku\":\"29829\",\"l2\":\"Fromage\",\"sl\":\"mozzarella-25-en-boule-tre-stelle-29829\",\"sn\":\"\",\"idxP\":51},{\"mq\":\"Le B\u00E9douin\",\"nm\":\"Fromage haloumi\",\"nme\":\"Haloumi Cheese\",\"attr\":\"Produit local\",\"sku\":\"11014\",\"l2\":\"Fromage\",\"sl\":\"fromage-haloumi-le-bedouin-11014\",\"sn\":\"fromages\",\"idxP\":45},{\"mq\":\"Galbani\",\"nm\":\"Fromage provolone\",\"nme\":\"Provolone Cheese\",\"attr\":\"\",\"sku\":\"31082\",\"l2\":\"Fromage\",\"sl\":\"fromage-provolone-galbani-31082\",\"sn\":\"\",\"idxP\":22},{\"mq\":\"L'INSPIR\u00C9\",\"nm\":\"Fromage L'Inspir\u00E9\",\"nme\":\"L'Inspir\u00E9 Cheese\",\"attr\":\"Produit local\",\"sku\":\"31086\",\"l2\":\"Fromage\",\"sl\":\"fromage-linspire-linspire-31086\",\"sn\":\"\",\"idxP\":14},{\"mq\":\"Riviera\",\"nm\":\"D\u00E9lice v\u00E9g\u00E9tal lait coco mangue et fruit passion\",\"nme\":\"Coconut Milk Vegan Delight Mango Passion Fruit\",\"attr\":\"\",\"sku\":\"31182\",\"l2\":\"Yogourt\",\"sl\":\"delice-vegetal-lait-coco-mangue-et-fruit-passion-riviera-31182\",\"sn\":\"v\u00E9g\u00E9talien, mangues\",\"idxP\":5},{\"mq\":\"Paysan Breton\",\"nm\":\"Fromage fouett\u00E9 frais nature Mme Loik\",\"nme\":\"Fresh natural whipped cheese Mme Loik\",\"attr\":\"\",\"sku\":\"31385\",\"l2\":\"Fromage\",\"sl\":\"fromage-fouette-frais-nature-mme-loik-paysan-breton-31385\",\"sn\":\"fromages\",\"idxP\":17},{\"mq\":\"Paysan Breton\",\"nm\":\"Fromage fouett\u00E9 ail et fines herbes Mme Loik\",\"nme\":\"Garlic & herbs whipped cheese Mme Loik\",\"attr\":\"\",\"sku\":\"31383\",\"l2\":\"Fromage\",\"sl\":\"fromage-fouette-ail-et-fines-herbes-mme-loik-paysan-breton-31383\",\"sn\":\"fromages\",\"idxP\":8},{\"mq\":\"Pr\u00E9sident\",\"nm\":\"Fromage \u00E0 tartiner Rondel\u00E9 noix de dordogne\",\"nme\":\"Rondel\u00E9 Nuts Spread Cheese\",\"attr\":\"\",\"sku\":\"31386\",\"l2\":\"Fromage\",\"sl\":\"fromage-a-tartiner-rondele-noix-de-dordogne-president-31386\",\"sn\":\"fromages\",\"idxP\":78},{\"mq\":\"Riviera\",\"nm\":\"D\u00E9lice v\u00E9g\u00E9tal au lait de coco nature\",\"nme\":\"Coconut Milk Vegan Delight Plain\",\"attr\":\"\",\"sku\":\"31116\",\"l2\":\"Yogourt\",\"sl\":\"delice-vegetal-au-lait-de-coco-nature-riviera-31116\",\"sn\":\"v\u00E9g\u00E9talien\",\"idxP\":20},{\"mq\":\"Riviera\",\"nm\":\"D\u00E9lice v\u00E9g\u00E9tal au lait de coco vanille\",\"nme\":\"Coconut Milk Vegan Delight Vanilla\",\"attr\":\"\",\"sku\":\"31117\",\"l2\":\"Yogourt\",\"sl\":\"delice-vegetal-au-lait-de-coco-vanille-riviera-31117\",\"sn\":\"v\u00E9g\u00E9talien\",\"idxP\":19},{\"mq\":\"Riviera\",\"nm\":\"K\u00E9fir v\u00E9g\u00E9talien nature\",\"nme\":\"Vegan Plain Kefir\",\"attr\":\"\",\"sku\":\"31113\",\"l2\":\"Yogourt\",\"sl\":\"kefir-vegetalien-nature-riviera-31113\",\"sn\":\"v\u00E9g\u00E9talien\",\"idxP\":17},{\"mq\":\"Riviera\",\"nm\":\"D\u00E9lice v\u00E9g\u00E9tal au lait de coco framboise et cassis\",\"nme\":\"Coconut Milk Vegan Delight Rasp. & Blackcurrant\",\"attr\":\"\",\"sku\":\"31127\",\"l2\":\"Yogourt\",\"sl\":\"delice-vegetal-au-lait-de-coco-framboise-et-cassis-riviera-31127\",\"sn\":\"v\u00E9g\u00E9talien, framboises\",\"idxP\":4},{\"mq\":\"Riviera\",\"nm\":\"D\u00E9lice v\u00E9g\u00E9tal au lait de coco ananas et coco\",\"nme\":\"Coconut Milk Vegan Delight Pineapple & Coconut\",\"attr\":\"\",\"sku\":\"31119\",\"l2\":\"Yogourt\",\"sl\":\"delice-vegetal-au-lait-de-coco-ananas-et-coco-riviera-31119\",\"sn\":\"apples, v\u00E9g\u00E9talien, ananas\",\"idxP\":4},{\"mq\":\"Riviera\",\"nm\":\"D\u00E9lice v\u00E9g\u00E9tal au lait de coco citron\",\"nme\":\"Coconut Milk Vegan Delight Lemon\",\"attr\":\"\",\"sku\":\"31128\",\"l2\":\"Yogourt\",\"sl\":\"delice-vegetal-au-lait-de-coco-citron-riviera-31128\",\"sn\":\"v\u00E9g\u00E9talien, citrons\",\"idxP\":4},{\"mq\":\"Pr\u00E9sident\",\"nm\":\"Fromage \u00E0 tartiner Rondel\u00E9 ail & fines herbes\",\"nme\":\"Rondel\u00E9 Herb sand Garlic Cheese Spread\",\"attr\":\"\",\"sku\":\"31387\",\"l2\":\"Fromage\",\"sl\":\"fromage-a-tartiner-rondele-ail-fines-herbes-president-31387\",\"sn\":\"fromages\",\"idxP\":77},{\"mq\":\"Riviera\",\"nm\":\"K\u00E9fir v\u00E9g\u00E9talien \u00E0 la vanille\",\"nme\":\"Vanilla vegan kefir\",\"attr\":\"\",\"sku\":\"31114\",\"l2\":\"Yogourt\",\"sl\":\"kefir-vegetalien-a-la-vanille-riviera-31114\",\"sn\":\"v\u00E9g\u00E9talien\",\"idxP\":15},{\"mq\":\"Riviera\",\"nm\":\"K\u00E9fir v\u00E9g\u00E9talien \u00E0 la framboise\",\"nme\":\"Raspberry vegan kefir\",\"attr\":\"\",\"sku\":\"31115\",\"l2\":\"Yogourt\",\"sl\":\"kefir-vegetalien-a-la-framboise-riviera-31115\",\"sn\":\"v\u00E9g\u00E9talien, framboises\",\"idxP\":16},{\"mq\":\"Riviera\",\"nm\":\"D\u00E9lice v\u00E9g\u00E9tal au lait de coco cerise\",\"nme\":\"Coconut Milk Vegan Delight Cherry\",\"attr\":\"\",\"sku\":\"31118\",\"l2\":\"Yogourt\",\"sl\":\"delice-vegetal-au-lait-de-coco-cerise-riviera-31118\",\"sn\":\"v\u00E9g\u00E9talien\",\"idxP\":4},{\"mq\":\"Natrel\",\"nm\":\"Lait 2% biologique\",\"nme\":\"2% Organic Milk\",\"attr\":\"\",\"sku\":\"31521\",\"l2\":\"Lait\",\"sl\":\"lait-2-biologique-natrel-31521\",\"sn\":\"biologique, bio, organic, organique\",\"idxP\":70},{\"mq\":\"Natrel\",\"nm\":\"Lait biologique 3,8%\",\"nme\":\"3.8% Organic Milk\",\"attr\":\"Biologique\",\"sku\":\"31520\",\"l2\":\"Lait\",\"sl\":\"lait-biologique-38-natrel-31520\",\"sn\":\"biologique, bio, organic, organique\",\"idxP\":69},{\"mq\":\"Le B\u00E9douin\",\"nm\":\"Fromage haloumi coup\u00E9\",\"nme\":\"Cut Haloumi Cheese\",\"attr\":\"\",\"sku\":\"11016\",\"l2\":\"Fromage\",\"sl\":\"fromage-haloumi-coupe-le-bedouin-11016\",\"sn\":\"fromages\",\"idxP\":7},{\"mq\":\"Qu\u00E9bon\",\"nm\":\"Cr\u00E8me champ\u00EAtre 15%\",\"nme\":\"15% Country Style Cream\",\"attr\":\"\",\"sku\":\"31482\",\"l2\":\"Cr\u00E8me\",\"sl\":\"creme-champetre-15-quebon-31482\",\"sn\":\"\",\"idxP\":100},{\"mq\":\"Natrel\",\"nm\":\"Cr\u00E9mette 10%\",\"nme\":\"10% Creamer\",\"attr\":\"\",\"sku\":\"31480\",\"l2\":\"Cr\u00E8me\",\"sl\":\"cremette-10-natrel-31480\",\"sn\":\"\",\"idxP\":100},{\"mq\":\"Qu\u00E9bon\",\"nm\":\"Cr\u00E8me de table 15% 473 ml\",\"nme\":\"15% Table Cream 473 ml\",\"attr\":\"\",\"sku\":\"31483\",\"l2\":\"Cr\u00E8me\",\"sl\":\"creme-de-table-15-473-ml-quebon-31483\",\"sn\":\"\",\"idxP\":45},{\"mq\":\"Natrel\",\"nm\":\"Lait 1% finement filtr\u00E9\",\"nme\":\"1% fine filtered milk\",\"attr\":\"\",\"sku\":\"31491\",\"l2\":\"Lait\",\"sl\":\"lait-1-finement-filtre-natrel-31491\",\"sn\":\"\",\"idxP\":89},{\"mq\":\"Qu\u00E9bon\",\"nm\":\"Lait \u00E9cr\u00E9m\u00E9 0%\",\"nme\":\"0% Skim Milk\",\"attr\":\"Produit local\",\"sku\":\"31516\",\"l2\":\"Lait\",\"sl\":\"lait-ecreme-0-quebon-31516\",\"sn\":\"\",\"idxP\":44},{\"mq\":\"Natrel\",\"nm\":\"Lait 1% biologique PurFiltre\",\"nme\":\"1% Organic Milk PurFiltre\",\"attr\":\"Biologique, Produit local\",\"sku\":\"31522\",\"l2\":\"Lait\",\"sl\":\"lait-1-biologique-purfiltre-natrel-31522\",\"sn\":\"biologique, bio, organic, organique\",\"idxP\":19},{\"mq\":\"Natrel\",\"nm\":\"Cr\u00E8me 10% sans lactose\",\"nme\":\"Lactose Free 10% Cream\",\"attr\":\"Sans lactose\",\"sku\":\"31485\",\"l2\":\"Cr\u00E8me\",\"sl\":\"creme-10-sans-lactose-natrel-31485\",\"sn\":\"\",\"idxP\":56},{\"mq\":\"Natrel\",\"nm\":\"Lait 2% finement filtr\u00E9\",\"nme\":\"Fine filtered milk 2%\",\"attr\":\"\",\"sku\":\"31489\",\"l2\":\"Lait\",\"sl\":\"lait-2-finement-filtre-natrel-31489\",\"sn\":\"\",\"idxP\":81},{\"mq\":\"Natrel\",\"nm\":\"M\u00E9lange \u00E0 cr\u00E8me glac\u00E9e au chocolat\",\"nme\":\"Chocolate Ice Cream Mix\",\"attr\":\"\",\"sku\":\"31548\",\"l2\":\"Cr\u00E8me\",\"sl\":\"melange-a-creme-glacee-au-chocolat-natrel-31548\",\"sn\":\"\",\"idxP\":46},{\"mq\":\"Qu\u00E9bon\",\"nm\":\"Cr\u00E8me \u00E0 fouetter 35%\",\"nme\":\"35% Whipping Cream\",\"attr\":\"\",\"sku\":\"31484\",\"l2\":\"Cr\u00E8me\",\"sl\":\"creme-a-fouetter-35-quebon-31484\",\"sn\":\"\",\"idxP\":82},{\"mq\":\"Qu\u00E9bon\",\"nm\":\"Lait \u00E9cr\u00E9m\u00E9 0%\",\"nme\":\"0% Skim Milk\",\"attr\":\"\",\"sku\":\"31515\",\"l2\":\"Lait\",\"sl\":\"lait-ecreme-0-quebon-31515\",\"sn\":\"\",\"idxP\":14},{\"mq\":\"Qu\u00E9bon\",\"nm\":\"Lait 1%\",\"nme\":\"1% Milk\",\"attr\":\"Produit local\",\"sku\":\"31523\",\"l2\":\"Lait\",\"sl\":\"lait-1-quebon-31523\",\"sn\":\"\",\"idxP\":70},{\"mq\":\"Sealtest\",\"nm\":\"Fromage cottage 1%\",\"nme\":\"Cottage Cheese 1%\",\"attr\":\"\",\"sku\":\"31527\",\"l2\":\"Fromage\",\"sl\":\"fromage-cottage-1-sealtest-31527\",\"sn\":\"fromages\",\"idxP\":65},{\"mq\":\"Oikos\",\"nm\":\"Yogourt grec fraise-framboise 0%\",\"nme\":\"Strawberry-raspberry greek yogurt 0%\",\"attr\":\"\",\"sku\":\"31576\",\"l2\":\"Yogourt\",\"sl\":\"yogourt-grec-fraise-framboise-0-oikos-31576\",\"sn\":\"fraises, framboises\",\"idxP\":31},{\"mq\":\"Natrel\",\"nm\":\"Lait \u00E9cr\u00E9m\u00E9 0% finement filtr\u00E9\",\"nme\":\"0% fine filtered skim milk\",\"attr\":\"\",\"sku\":\"31493\",\"l2\":\"Lait\",\"sl\":\"lait-ecreme-0-finement-filtre-natrel-31493\",\"sn\":\"\",\"idxP\":29},{\"mq\":\"Natrel\",\"nm\":\"Cr\u00E9mette 2%\",\"nme\":\"2% Creamer\",\"attr\":\"\",\"sku\":\"31524\",\"l2\":\"Cr\u00E8me\",\"sl\":\"cremette-2-natrel-31524\",\"sn\":\"\",\"idxP\":100},{\"mq\":\"Qu\u00E9bon\",\"nm\":\"Lait 3.25%\",\"nme\":\"3.25% Milk\",\"attr\":\"Produit local\",\"sku\":\"31525\",\"l2\":\"Lait\",\"sl\":\"lait-3.25-quebon-31525\",\"sn\":\"\",\"idxP\":100},{\"mq\":\"Qu\u00E9bon\",\"nm\":\"Lait au chocolat\",\"nme\":\"Chocolate milk\",\"attr\":\"\",\"sku\":\"31517\",\"l2\":\"Lait\",\"sl\":\"lait-au-chocolat-quebon-31517\",\"sn\":\"\",\"idxP\":55},{\"mq\":\"Natrel\",\"nm\":\"Cr\u00E8me 35% sans lactose\",\"nme\":\"Lactose Free 35% Cream\",\"attr\":\"Sans lactose\",\"sku\":\"31488\",\"l2\":\"Cr\u00E8me\",\"sl\":\"creme-35-sans-lactose-natrel-31488\",\"sn\":\"\",\"idxP\":67},{\"mq\":\"Natrel\",\"nm\":\"Lait 1% finement filtr\u00E9\",\"nme\":\"1% fine filtered milk\",\"attr\":\"\",\"sku\":\"31490\",\"l2\":\"Lait\",\"sl\":\"lait-1-finement-filtre-natrel-31490\",\"sn\":\"\",\"idxP\":31},{\"mq\":\"Natrel\",\"nm\":\"Lait 2% sans lactose\",\"nme\":\"Lactose Free 2% Milk\",\"attr\":\"Sans lactose, Produit local\",\"sku\":\"31519\",\"l2\":\"Lait\",\"sl\":\"lait-2-sans-lactose-natrel-31519\",\"sn\":\"\",\"idxP\":53},{\"mq\":\"Natrel\",\"nm\":\"Lait \u00E9cr\u00E9m\u00E9 0% finement filtr\u00E9\",\"nme\":\"0% fine filtered skim milk\",\"attr\":\"\",\"sku\":\"31492\",\"l2\":\"Lait\",\"sl\":\"lait-ecreme-0-finement-filtre-natrel-31492\",\"sn\":\"\",\"idxP\":9},{\"mq\":\"Cracker Barrel\",\"nm\":\"Fromage parmesan r\u00E2p\u00E9\",\"nme\":\"Shredded Parmesan Cheese\",\"attr\":\"\",\"sku\":\"31550\",\"l2\":\"Fromage\",\"sl\":\"fromage-parmesan-rape-cracker-barrel-31550\",\"sn\":\"fromages\",\"idxP\":47},{\"mq\":\"Natrel\",\"nm\":\"M\u00E9lange \u00E0 cr\u00E8me glac\u00E9e vanille\",\"nme\":\"Vanilla Ice Cream Mix\",\"attr\":\"\",\"sku\":\"31528\",\"l2\":\"Cr\u00E8me\",\"sl\":\"melange-a-creme-glacee-vanille-natrel-31528\",\"sn\":\"\",\"idxP\":89},{\"mq\":\"Qu\u00E9bon\",\"nm\":\"Cr\u00E8me \u00E0 caf\u00E9 10%\",\"nme\":\"10% Coffee Cream\",\"attr\":\"\",\"sku\":\"31153\",\"l2\":\"Cr\u00E8me\",\"sl\":\"creme-a-cafe-10-quebon-31153\",\"sn\":\"\",\"idxP\":100},{\"mq\":\"Qu\u00E9bon\",\"nm\":\"Lait au chocolat 1%\",\"nme\":\"1% chocolate milk\",\"attr\":\"\",\"sku\":\"31264\",\"l2\":\"Lait\",\"sl\":\"lait-au-chocolat-1-quebon-31264\",\"sn\":\"\",\"idxP\":85},{\"mq\":\"Qu\u00E9bon\",\"nm\":\"Lait 2%\",\"nme\":\"2% Milk\",\"attr\":\"Produit local\",\"sku\":\"31502\",\"l2\":\"Lait\",\"sl\":\"lait-2-quebon-31502\",\"sn\":\"\",\"idxP\":100},{\"mq\":\"Qu\u00E9bon\",\"nm\":\"Lait 1%\",\"nme\":\"1% Milk\",\"attr\":\"Produit local\",\"sku\":\"31504\",\"l2\":\"Lait\",\"sl\":\"lait-1-quebon-31504\",\"sn\":\"\",\"idxP\":82},{\"mq\":\"Oikos\",\"nm\":\"Yogourt grec lime-citron 0%\",\"nme\":\"Zesty lemon-lime greek yogurt 0%\",\"attr\":\"\",\"sku\":\"31575\",\"l2\":\"Yogourt\",\"sl\":\"yogourt-grec-lime-citron-0-oikos-31575\",\"sn\":\"citrons\",\"idxP\":26},{\"mq\":\"Qu\u00E9bon\",\"nm\":\"Lait 3,25%\",\"nme\":\"3.25% Milk\",\"attr\":\"Produit local\",\"sku\":\"31501\",\"l2\":\"Lait\",\"sl\":\"lait-325-quebon-31501\",\"sn\":\"\",\"idxP\":100},{\"mq\":\"Cracker Barrel\",\"nm\":\"Cheddar doux&Monterey Jack r\u00E2p\u00E9\",\"nme\":\"Shredded mild cheddar&Monterey Jack\",\"attr\":\"\",\"sku\":\"31553\",\"l2\":\"Fromage\",\"sl\":\"cheddar-douxmonterey-jack-rape-cracker-barrel-31553\",\"sn\":\"\",\"idxP\":28},{\"mq\":\"Black Diamond\",\"nm\":\"Cheddar jaune moulu\",\"nme\":\"Ground Yellow Cheddar\",\"attr\":\"\",\"sku\":\"31551\",\"l2\":\"Fromage\",\"sl\":\"cheddar-jaune-moulu-black-diamond-31551\",\"sn\":\"\",\"idxP\":6},{\"mq\":\"Qu\u00E9bon\",\"nm\":\"Lait 2%\",\"nme\":\"2% Milk\",\"attr\":\"Produit local\",\"sku\":\"31503\",\"l2\":\"Lait\",\"sl\":\"lait-2-quebon-31503\",\"sn\":\"\",\"idxP\":100},{\"mq\":\"Qu\u00E9bon\",\"nm\":\"Cr\u00E8me \u00E0 cuisson 35%\",\"nme\":\"35% Cooking Cream\",\"attr\":\"Produit local\",\"sku\":\"31263\",\"l2\":\"Cr\u00E8me\",\"sl\":\"creme-a-cuisson-35-quebon-31263\",\"sn\":\"\",\"idxP\":100},{\"mq\":\"Qu\u00E9bon\",\"nm\":\"Lait babeurre\",\"nme\":\"Buttermilk\",\"attr\":\"\",\"sku\":\"31495\",\"l2\":\"Lait\",\"sl\":\"lait-babeurre-quebon-31495\",\"sn\":\"\",\"idxP\":78},{\"mq\":\"Oikos\",\"nm\":\"Yogourt grec nature 0%\",\"nme\":\"Plain greek yogurt\",\"attr\":\"\",\"sku\":\"17872\",\"l2\":\"Yogourt\",\"sl\":\"yogourt-grec-nature-0-oikos-17872\",\"sn\":\"\",\"idxP\":83},{\"mq\":\"Sealtest\",\"nm\":\"Fromage cottage 2%\",\"nme\":\"Cottage Cheese 2%\",\"attr\":\"\",\"sku\":\"31075\",\"l2\":\"Fromage\",\"sl\":\"fromage-cottage-2-sealtest-31075\",\"sn\":\"fromages\",\"idxP\":67},{\"mq\":\"Sealtest\",\"nm\":\"Cr\u00E8me sure 14%\",\"nme\":\"14% Sour Cream\",\"attr\":\"Aliment du Qu\u00E9bec, Produit local\",\"sku\":\"30993\",\"l2\":\"Cr\u00E8me\",\"sl\":\"creme-sure-14-sealtest-30993\",\"sn\":\"\",\"idxP\":100},{\"mq\":\"Cypress Grove\",\"nm\":\"Fromage de brebis Lamb Chopper meule\",\"nme\":\"Lamb Chopper Sheep Milk Cheese Wheel\",\"attr\":\"\",\"sku\":\"31714\",\"l2\":\"Fromage\",\"sl\":\"fromage-de-brebis-lamb-chopper-meule-cypress-grove-31714\",\"sn\":\"fromages\",\"idxP\":5},{\"mq\":\"Cypress Grove\",\"nm\":\"Fromage de brebis Lamb Chopper coup\u00E9\",\"nme\":\"Lamb Chopper Cut Sheep Milk Cheese\",\"attr\":\"\",\"sku\":\"31715\",\"l2\":\"Fromage\",\"sl\":\"fromage-de-brebis-lamb-chopper-coupe-cypress-grove-31715\",\"sn\":\"fromages\",\"idxP\":13},{\"mq\":\"Le Cousin\",\"nm\":\"Fromage Fermier Le Cousin\",\"nme\":\"Le Cousin Farmstead Cheese\",\"attr\":\"Produit local\",\"sku\":\"31704\",\"l2\":\"Fromage\",\"sl\":\"fromage-fermier-le-cousin-le-cousin-31704\",\"sn\":\"fromages\",\"idxP\":14},{\"mq\":\"Natrel\",\"nm\":\"Beurre sal\u00E9 sans lactose\",\"nme\":\"Lactose Free Salted Butter\",\"attr\":\"Sans lactose\",\"sku\":\"31796\",\"l2\":\"Beurre et margarine\",\"sl\":\"beurre-sale-sans-lactose-natrel-31796\",\"sn\":\"\",\"idxP\":44},{\"mq\":\"Gay Lea\",\"nm\":\"Cr\u00E8me s\u00FBre 14% sans lactose\",\"nme\":\"Lactose free 14% sour cream\",\"attr\":\"Sans lactose\",\"sku\":\"31987\",\"l2\":\"Cr\u00E8me\",\"sl\":\"creme-sure-14-sans-lactose-gay-lea-31987\",\"sn\":\"\",\"idxP\":76},{\"mq\":\"Gay Lea\",\"nm\":\"Fromage cottage 2% sans lactose\",\"nme\":\"Lactose free 2% cottage cheese\",\"attr\":\"Sans lactose\",\"sku\":\"31988\",\"l2\":\"Fromage\",\"sl\":\"fromage-cottage-2-sans-lactose-gay-lea-31988\",\"sn\":\"fromages\",\"idxP\":36},{\"mq\":\"Boursin\",\"nm\":\"Fromage frais figue & balsamique\",\"nme\":\"Fig & Balsamic Fresh Cheese\",\"attr\":\"Aliment du Qu\u00E9bec\",\"sku\":\"32034\",\"l2\":\"Fromage\",\"sl\":\"fromage-frais-figue-balsamique-boursin-32034\",\"sn\":\"fromages\",\"idxP\":15},{\"mq\":\"Qu\u00E9bon\",\"nm\":\"Lait 1%\",\"nme\":\"1% Milk\",\"attr\":\"\",\"sku\":\"32350\",\"l2\":\"Lait\",\"sl\":\"lait-1-quebon-32350\",\"sn\":\"\",\"idxP\":23},{\"mq\":\"Qu\u00E9bon\",\"nm\":\"Lait 2%\",\"nme\":\"2% milk\",\"attr\":\"\",\"sku\":\"32273\",\"l2\":\"Lait\",\"sl\":\"lait-2-quebon-32273\",\"sn\":\"\",\"idxP\":43},{\"mq\":\"Qu\u00E9bon\",\"nm\":\"Lait 3.25%\",\"nme\":\"3.25% Milk\",\"attr\":\"\",\"sku\":\"32352\",\"l2\":\"Lait\",\"sl\":\"lait-3.25-quebon-32352\",\"sn\":\"\",\"idxP\":53},{\"mq\":\"Natrel\",\"nm\":\"Cr\u00E8me s\u00FBre 14%\",\"nme\":\"14% Sour Cream\",\"attr\":\"Aliment du Qu\u00E9bec, Produit local\",\"sku\":\"30779\",\"l2\":\"Cr\u00E8me\",\"sl\":\"creme-sure-14-natrel-30779\",\"sn\":\"\",\"idxP\":92},{\"mq\":\"Natrel\",\"nm\":\"Lait 2% finement filtr\u00E9\",\"nme\":\"Fine filtered 2% milk\",\"attr\":\"\",\"sku\":\"31003\",\"l2\":\"Lait\",\"sl\":\"lait-2-finement-filtre-natrel-31003\",\"sn\":\"\",\"idxP\":66},{\"mq\":\"Grillou\",\"nm\":\"Fromage de ch\u00E8vre et brebis \u00E0 griller\",\"nme\":\"Goat and Sheep Cheese for grilling\",\"attr\":\"\",\"sku\":\"33091\",\"l2\":\"Fromage\",\"sl\":\"fromage-de-chevre-et-brebis-a-griller-grillou-33091\",\"sn\":\"fromages\",\"idxP\":7},{\"mq\":\"Natrel\",\"nm\":\"Lait sans lactose 2%\",\"nme\":\"2% lactose free milk\",\"attr\":\"Sans lactose, Produit local\",\"sku\":\"00203\",\"l2\":\"Lait\",\"sl\":\"lait-sans-lactose-2-natrel-00203\",\"sn\":\"\",\"idxP\":100},{\"mq\":\"Fritz Kaiser\",\"nm\":\"Fromage Le Clos St Ambroise coup\u00E9\",\"nme\":\"Cut Le Clos St Ambroise Cheese\",\"attr\":\"Aliment du Qu\u00E9bec, Produit local\",\"sku\":\"33715\",\"l2\":\"Fromage\",\"sl\":\"fromage-le-clos-st-ambroise-coupe-fritz-kaiser-33715\",\"sn\":\"\",\"idxP\":14},{\"mq\":\"Fromagerie de l'Isle\",\"nm\":\"L'Angelique a Marc meule\",\"nme\":\"L'Angelique a Marc Wheel\",\"attr\":\"Produit local\",\"sku\":\"33687\",\"l2\":\"Fromage\",\"sl\":\"langelique-a-marc-meule-fromagerie-de-lisle-33687\",\"sn\":\"\",\"idxP\":6},{\"mq\":\"Fou du roy\",\"nm\":\"Fromage Fou Du Roy meule\",\"nme\":\"Cheese Fou Du Roy Wheel\",\"attr\":\"Biologique, Produit local\",\"sku\":\"33693\",\"l2\":\"Fromage\",\"sl\":\"fromage-fou-du-roy-meule-fou-du-roy-33693\",\"sn\":\"biologique, bio, organic, organique, fromages\",\"idxP\":9},{\"mq\":\"Roucoulons\",\"nm\":\"Fromage Roucoulons\",\"nme\":\"Roucoulons cheese\",\"attr\":\"\",\"sku\":\"33739\",\"l2\":\"Fromage\",\"sl\":\"fromage-roucoulons-roucoulons-33739\",\"sn\":\"\",\"idxP\":5},{\"mq\":\"Alexis de Portneuf\",\"nm\":\"Fromage petit ruby\",\"nme\":\"Petit ruby cheese\",\"attr\":\"Produit local\",\"sku\":\"33720\",\"l2\":\"Fromage\",\"sl\":\"fromage-petit-ruby-alexis-de-portneuf-33720\",\"sn\":\"fromages\",\"idxP\":16},{\"mq\":\"P'tit grey\",\"nm\":\"Fromage P'tit grey\",\"nme\":\"P'tit grey cheese\",\"attr\":\"\",\"sku\":\"33740\",\"l2\":\"Fromage\",\"sl\":\"fromage-ptit-grey-ptit-grey-33740\",\"sn\":\"fromages\",\"idxP\":7},{\"mq\":\"Tre Stelle\",\"nm\":\"Romano Lupa r\u00E2p\u00E9 en pot\",\"nme\":\"Jar Shredded Whole Lupa Romano\",\"attr\":\"\",\"sku\":\"12222\",\"l2\":\"Fromage\",\"sl\":\"romano-lupa-rape-en-pot-tre-stelle-12222\",\"sn\":\"\",\"idxP\":47},{\"mq\":\"Riviera\",\"nm\":\"Fromage cheddar jaune bloc coup\u00E9\",\"nme\":\"Yellow Cheddar Cheese Cut\",\"attr\":\"\",\"sku\":\"34351\",\"l2\":\"Fromage\",\"sl\":\"fromage-cheddar-jaune-bloc-coupe-riviera-34351\",\"sn\":\"\",\"idxP\":6},{\"mq\":\"Armstrong\",\"nm\":\"Pizza mozzarella\",\"nme\":\"Pizza Mozzarella\",\"attr\":\"\",\"sku\":\"34574\",\"l2\":\"Fromage\",\"sl\":\"pizza-mozzarella-armstrong-34574\",\"sn\":\"\",\"idxP\":77},{\"mq\":\"Oikos\",\"nm\":\"Yogourt cappuccino extra-cr\u00E9meux 9%\",\"nme\":\"Cappuccino extra-creamy yogurt 9%\",\"attr\":\"\",\"sku\":\"34944\",\"l2\":\"Yogourt\",\"sl\":\"yogourt-cappuccino-extra-cremeux-9-oikos-34944\",\"sn\":\"\",\"idxP\":28},{\"mq\":\"Oikos\",\"nm\":\"Yogourt cerises noires extra-cr\u00E9meux 9%\",\"nme\":\"Black cherry extra-creamy yogurt 9%\",\"attr\":\"\",\"sku\":\"34940\",\"l2\":\"Yogourt\",\"sl\":\"yogourt-cerises-noires-extra-cremeux-9-oikos-34940\",\"sn\":\"\",\"idxP\":16},{\"mq\":\"Natrel\",\"nm\":\"Lait 3.25% finement filtr\u00E9\",\"nme\":\"Fine filtered 3.25% milk\",\"attr\":\"Produit local\",\"sku\":\"31024\",\"l2\":\"Lait\",\"sl\":\"lait-3.25-finement-filtre-natrel-31024\",\"sn\":\"\",\"idxP\":44},{\"mq\":\"Natrel\",\"nm\":\"Lait 3.25% finement filtr\u00E9\",\"nme\":\"Fine filtered 3.25% milk\",\"attr\":\"Produit local\",\"sku\":\"31073\",\"l2\":\"Lait\",\"sl\":\"lait-3.25-finement-filtre-natrel-31073\",\"sn\":\"\",\"idxP\":100},{\"mq\":\"Fleischmann\",\"nm\":\"Levure fra\u00EEche\",\"nme\":\"Fresh Yeast\",\"attr\":\"\",\"sku\":\"33584\",\"l2\":\"Autre\",\"sl\":\"levure-fraiche-fleischmann-33584\",\"sn\":\"\",\"idxP\":100},{\"mq\":\"Natrel\",\"nm\":\"Lait chocolat 1%\",\"nme\":\"Chocolate milk 1%\",\"attr\":\"\",\"sku\":\"35285\",\"l2\":\"Lait\",\"sl\":\"lait-chocolat-1-natrel-35285\",\"sn\":\"\",\"idxP\":24},{\"mq\":\"Armstrong\",\"nm\":\"Cheddar jaune fort\",\"nme\":\"Old Yellow Cheddar\",\"attr\":\"\",\"sku\":\"35449\",\"l2\":\"Fromage\",\"sl\":\"cheddar-jaune-fort-armstrong-35449\",\"sn\":\"\",\"idxP\":59},{\"mq\":\"Oikos\",\"nm\":\"Yogourt \u00E9dition limit\u00E9e\",\"nme\":\"Limited edition yogurt\",\"attr\":\"\",\"sku\":\"35033\",\"l2\":\"Yogourt\",\"sl\":\"yogourt-edition-limitee-oikos-35033\",\"sn\":\"\",\"idxP\":24},{\"mq\":\"Oasis\",\"nm\":\"Jus orange avec pulpe frais\",\"nme\":\"Fresh orange juice with pulp\",\"attr\":\"\",\"sku\":\"36101\",\"l2\":\"Jus frais\",\"sl\":\"jus-orange-avec-pulpe-frais-oasis-36101\",\"sn\":\"\",\"idxP\":65},{\"mq\":\"Oasis\",\"nm\":\"Jus orange sans pulpe frais\",\"nme\":\"Fresh No Pulp Orange Juice\",\"attr\":\"\",\"sku\":\"36100\",\"l2\":\"Jus frais\",\"sl\":\"jus-orange-sans-pulpe-frais-oasis-36100\",\"sn\":\"\",\"idxP\":85},{\"mq\":\"Armstrong\",\"nm\":\"Cheddar jaune mi-fort\",\"nme\":\"Medium Yellow Cheddar\",\"attr\":\"\",\"sku\":\"36873\",\"l2\":\"Fromage\",\"sl\":\"cheddar-jaune-mi-fort-armstrong-36873\",\"sn\":\"\",\"idxP\":53},{\"mq\":\"Natrel\",\"nm\":\"Lait sans lactose 3.25%\",\"nme\":\"Lactose free milk 3.25%\",\"attr\":\"Sans lactose, Produit local\",\"sku\":\"37979\",\"l2\":\"Lait\",\"sl\":\"lait-sans-lactose-3.25-natrel-37979\",\"sn\":\"\",\"idxP\":77},{\"mq\":\"Natrel\",\"nm\":\"Lait sans lactose 1%\",\"nme\":\"Lactose free milk 1%\",\"attr\":\"Sans lactose, Produit local\",\"sku\":\"38015\",\"l2\":\"Lait\",\"sl\":\"lait-sans-lactose-1-natrel-38015\",\"sn\":\"\",\"idxP\":81},{\"mq\":\"Natrel\",\"nm\":\"Lait sans lactose 0%\",\"nme\":\"Lactose free milk 0%\",\"attr\":\"Sans lactose, Produit local\",\"sku\":\"37997\",\"l2\":\"Lait\",\"sl\":\"lait-sans-lactose-0-natrel-37997\",\"sn\":\"\",\"idxP\":52},{\"mq\":\"Gustav\",\"nm\":\"Gouda Fume Sans Lactose Meule 4.5 kg\",\"nme\":\"Smoked Gouda Lactose Free Wheel 4.5 kg\",\"attr\":\"Sans lactose\",\"sku\":\"40956\",\"l2\":\"Fromage\",\"sl\":\"gouda-fume-sans-lactose-meule-4.5-kg-gustav-40956\",\"sn\":\"\",\"idxP\":10},{\"mq\":\"Gustav\",\"nm\":\"St Paulin Meule 2.8 kg\",\"nme\":\"St Paulin Wheel 2.8 kg\",\"attr\":\"\",\"sku\":\"40962\",\"l2\":\"Fromage\",\"sl\":\"st-paulin-meule-2.8-kg-gustav-40962\",\"sn\":\"\",\"idxP\":5},{\"mq\":\"Gustav\",\"nm\":\"Gouda doux sans lactose coup\u00E9\",\"nme\":\"Mild Gouda Lactose Free Cut\",\"attr\":\"Sans lactose\",\"sku\":\"40953\",\"l2\":\"Fromage\",\"sl\":\"gouda-doux-sans-lactose-coupe-gustav-40953\",\"sn\":\"\",\"idxP\":21},{\"mq\":\"Gustav\",\"nm\":\"Gouda mi-fort coup\u00E9\",\"nme\":\"Medium Gouda  Cut\",\"attr\":\"Sans lactose\",\"sku\":\"40961\",\"l2\":\"Fromage\",\"sl\":\"gouda-mi-fort-coupe-gustav-40961\",\"sn\":\"\",\"idxP\":17},{\"mq\":\"Gustav\",\"nm\":\"Gouda Doux Sans Lactose Meule 4.5 kg\",\"nme\":\"Mild Gouda Lactose Free Wheel 4.5 kg\",\"attr\":\"Sans lactose\",\"sku\":\"40952\",\"l2\":\"Fromage\",\"sl\":\"gouda-doux-sans-lactose-meule-4.5-kg-gustav-40952\",\"sn\":\"\",\"idxP\":4},{\"mq\":\"Gustav\",\"nm\":\"Gouda carvi coup\u00E9\",\"nme\":\"Mild Gouda Cheese Cut\",\"attr\":\"Sans lactose\",\"sku\":\"40955\",\"l2\":\"Fromage\",\"sl\":\"gouda-carvi-coupe-gustav-40955\",\"sn\":\"\",\"idxP\":13},{\"mq\":\"Gustav\",\"nm\":\"Gouda Jalepeno Meule 4.5 kg\",\"nme\":\"Jalepeno Gouda  Wheel 4.5 kg\",\"attr\":\"Sans lactose\",\"sku\":\"40958\",\"l2\":\"Fromage\",\"sl\":\"gouda-jalepeno-meule-4.5-kg-gustav-40958\",\"sn\":\"\",\"idxP\":2},{\"mq\":\"Gustav\",\"nm\":\"Gouda jalepeno coup\u00E9\",\"nme\":\"Jalepeno Gouda  Cut\",\"attr\":\"Sans lactose\",\"sku\":\"40959\",\"l2\":\"Fromage\",\"sl\":\"gouda-jalepeno-coupe-gustav-40959\",\"sn\":\"\",\"idxP\":13},{\"mq\":\"Gustav\",\"nm\":\"Gouda Mi-Fort Meule 4.5 kg\",\"nme\":\"Medium Gouda  Wheel 4.5 kg\",\"attr\":\"Sans lactose\",\"sku\":\"40960\",\"l2\":\"Fromage\",\"sl\":\"gouda-mi-fort-meule-4.5-kg-gustav-40960\",\"sn\":\"\",\"idxP\":3},{\"mq\":\"Gustav\",\"nm\":\"Raclette plateau 3 saveurs\",\"nme\":\"3 flavors raclette platter\",\"attr\":\"Sans lactose\",\"sku\":\"40967\",\"l2\":\"Fromage\",\"sl\":\"raclette-plateau-3-saveurs-gustav-40967\",\"sn\":\"\",\"idxP\":96},{\"mq\":\"Gustav\",\"nm\":\"St Paulin Coup\u00E9\",\"nme\":\"St Paulin Cut\",\"attr\":\"\",\"sku\":\"40964\",\"l2\":\"Fromage\",\"sl\":\"st-paulin-coupe-gustav-40964\",\"sn\":\"\",\"idxP\":20},{\"mq\":\"Oka\",\"nm\":\"Fromage Oka l\u00E9ger\",\"nme\":\"Oka Light Cheese\",\"attr\":\"\",\"sku\":\"41013\",\"l2\":\"Fromage\",\"sl\":\"fromage-oka-leger-oka-41013\",\"sn\":\"fromages\",\"idxP\":6},{\"mq\":\"Oka\",\"nm\":\"Fromage Oka classique\",\"nme\":\"Oka Classic Cheese\",\"attr\":\"\",\"sku\":\"41014\",\"l2\":\"Fromage\",\"sl\":\"fromage-oka-classique-oka-41014\",\"sn\":\"fromages\",\"idxP\":26},{\"mq\":\"Oka\",\"nm\":\"Fromage Oka original\",\"nme\":\"Oka Original Cheese\",\"attr\":\"\",\"sku\":\"41012\",\"l2\":\"Fromage\",\"sl\":\"fromage-oka-original-oka-41012\",\"sn\":\"fromages\",\"idxP\":28},{\"mq\":\"Bellavitano\",\"nm\":\"Fromage chardonnay\",\"nme\":\"Chardonnay cheese\",\"attr\":\"\",\"sku\":\"41094\",\"l2\":\"Fromage\",\"sl\":\"fromage-chardonnay-bellavitano-41094\",\"sn\":\"fromages\",\"idxP\":15},{\"mq\":\"Gustav\",\"nm\":\"Gouda Carvi Meule 4.5 kg\",\"nme\":\"Mild Gouda Cheese Wheel 4.5 kg\",\"attr\":\"Sans lactose\",\"sku\":\"40954\",\"l2\":\"Fromage\",\"sl\":\"gouda-carvi-meule-4.5-kg-gustav-40954\",\"sn\":\"\",\"idxP\":3},{\"mq\":\"Pur Kombucha\",\"nm\":\"Kombucha aux fruits bor\u00E9als\",\"nme\":\"Boreal fruits kombucha\",\"attr\":\"Biologique\",\"sku\":\"41112\",\"l2\":\"Jus frais\",\"sl\":\"kombucha-aux-fruits-boreals-pur-kombucha-41112\",\"sn\":\"biologique, bio, organic, organique\",\"idxP\":26},{\"mq\":\"Pur Kombucha\",\"nm\":\"Kombucha aux canneberges\",\"nme\":\"Cranberry kombucha\",\"attr\":\"Biologique\",\"sku\":\"41097\",\"l2\":\"Jus frais\",\"sl\":\"kombucha-aux-canneberges-pur-kombucha-41097\",\"sn\":\"biologique, bio, organic, organique\",\"idxP\":36},{\"mq\":\"Pur Kombucha\",\"nm\":\"Kombucha aux ananas et basilic\",\"nme\":\"Pineapple and basil kombucha\",\"attr\":\"Biologique\",\"sku\":\"41113\",\"l2\":\"Jus frais\",\"sl\":\"kombucha-aux-ananas-et-basilic-pur-kombucha-41113\",\"sn\":\"apples, biologique, ananas, bio, organic, organique\",\"idxP\":29},{\"mq\":\"Auricchio\",\"nm\":\"Provolone piccante classico coup\u00E9\",\"nme\":\"Cut Piccante Classico Provolone\",\"attr\":\"\",\"sku\":\"42093\",\"l2\":\"Fromage\",\"sl\":\"provolone-piccante-classico-coupe-auricchio-42093\",\"sn\":\"\",\"idxP\":10},{\"mq\":\"Agropur\",\"nm\":\"Fromage pizza mozzarella\",\"nme\":\"Pizza Mozzarella Cheese\",\"attr\":\"\",\"sku\":\"25590\",\"l2\":\"Fromage\",\"sl\":\"fromage-pizza-mozzarella-agropur-25590\",\"sn\":\"fromages\",\"idxP\":100},{\"mq\":\"Pur Kombucha\",\"nm\":\"Kombucha au gingembre et curcuma\",\"nme\":\"Ginger and turmeric kombucha\",\"attr\":\"Biologique\",\"sku\":\"41096\",\"l2\":\"Jus frais\",\"sl\":\"kombucha-au-gingembre-et-curcuma-pur-kombucha-41096\",\"sn\":\"biologique, bio, organic, organique, turmeric, safran des indes\",\"idxP\":34},{\"mq\":\"Agropur\",\"nm\":\"Yogourt vanille 2.5%\",\"nme\":\"Vanilla Yogurt 2.5%\",\"attr\":\"\",\"sku\":\"46326\",\"l2\":\"Yogourt\",\"sl\":\"yogourt-vanille-2.5-agropur-46326\",\"sn\":\"\",\"idxP\":15},{\"mq\":\"Cathedral City\",\"nm\":\"Cheddar affin\u00E9 anglais\",\"nme\":\"English mature cheddar\",\"attr\":\"\",\"sku\":\"41184\",\"l2\":\"Fromage\",\"sl\":\"cheddar-affine-anglais-cathedral-city-41184\",\"sn\":\"\",\"idxP\":19},{\"mq\":\"Pur Kombucha\",\"nm\":\"Kombucha au gingembre\",\"nme\":\"Ginger kombucha\",\"attr\":\"Biologique\",\"sku\":\"41090\",\"l2\":\"Jus frais\",\"sl\":\"kombucha-au-gingembre-pur-kombucha-41090\",\"sn\":\"biologique, bio, organic, organique\",\"idxP\":35},{\"mq\":\"Cathedral City\",\"nm\":\"Cheddar extra affin\u00E9 anglais\",\"nme\":\"English extra mature cheddar\",\"attr\":\"\",\"sku\":\"41183\",\"l2\":\"Fromage\",\"sl\":\"cheddar-extra-affine-anglais-cathedral-city-41183\",\"sn\":\"\",\"idxP\":21},{\"mq\":\"Auricchio\",\"nm\":\"Provolone piccante classico\",\"nme\":\"Classico Piccante Provolone\",\"attr\":\"\",\"sku\":\"42092\",\"l2\":\"Fromage\",\"sl\":\"provolone-piccante-classico-auricchio-42092\",\"sn\":\"\",\"idxP\":-1},{\"mq\":\"Agropur\",\"nm\":\"Yogourt nature 2.5%\",\"nme\":\"Plain Yogurt 2.5%\",\"attr\":\"\",\"sku\":\"33084\",\"l2\":\"Yogourt\",\"sl\":\"yogourt-nature-2.5-agropur-33084\",\"sn\":\"\",\"idxP\":40},{\"mq\":\"Activia\",\"nm\":\"Yogourt 0% vanille, framboise et p\u00EAche\",\"nme\":\"0% vanilla, raspberry and peach yogurt\",\"attr\":\"\",\"sku\":\"10430\",\"l2\":\"Yogourt\",\"sl\":\"yogourt-0-vanille-framboise-et-peche-activia-10430\",\"sn\":\"framboises\",\"idxP\":11},{\"mq\":\"Activia\",\"nm\":\"Smoothie probiotique baies\",\"nme\":\"Berry probiotic smoothie\",\"attr\":\"\",\"sku\":\"10429\",\"l2\":\"Yogourt\",\"sl\":\"smoothie-probiotique-baies-activia-10429\",\"sn\":\"biologique\",\"idxP\":18},{\"mq\":\"Activia\",\"nm\":\"Smoothie probiotique p\u00EAche et mangue\",\"nme\":\"Peach and mango probiotic smoothie\",\"attr\":\"\",\"sku\":\"10422\",\"l2\":\"Yogourt\",\"sl\":\"smoothie-probiotique-peche-et-mangue-activia-10422\",\"sn\":\"biologique, mangues\",\"idxP\":17},{\"mq\":\"Chic Fondue\",\"nm\":\"Fondue aux fromages au gin et violette\",\"nme\":\"Violet & Gin Cheese Fondue\",\"attr\":\"Sans gluten, Sans lactose, Produit local\",\"sku\":\"10539\",\"l2\":\"Fromage\",\"sl\":\"fondue-aux-fromages-au-gin-et-violette-chic-fondue-10539\",\"sn\":\"fromages\",\"idxP\":9},{\"mq\":\"Activia\",\"nm\":\"Yogourt pure nature\",\"nme\":\"Pure plain yogurt\",\"attr\":\"\",\"sku\":\"10436\",\"l2\":\"Yogourt\",\"sl\":\"yogourt-pure-nature-activia-10436\",\"sn\":\"\",\"idxP\":35},{\"mq\":\"Lactantia\",\"nm\":\"Beurre non sal\u00E9 de campagne baratt\u00E9\",\"nme\":\"Unsalted Country Churned Butter\",\"attr\":\"\",\"sku\":\"48749\",\"l2\":\"Beurre et margarine\",\"sl\":\"beurre-non-sale-de-campagne-baratte-lactantia-48749\",\"sn\":\"\",\"idxP\":100},{\"mq\":\"I\u00F6go\",\"nm\":\"Yogourt en tube fraise\\\/banane et vanille\",\"nme\":\"Yogurt in strawberry\\\/banana and vanilla  tube\",\"attr\":\"\",\"sku\":\"01758\",\"l2\":\"Yogourt\",\"sl\":\"yogourt-en-tube-fraisebanane-et-vanille-iogo-01758\",\"sn\":\"ananas, bananes, fraises, framboises\",\"idxP\":96},{\"mq\":\"Table de Claire Th\u00E9r\u00E8se\",\"nm\":\"Fromage Emmental Coup\u00E9\",\"nme\":\"Emmentalcheese cut\",\"attr\":\"\",\"sku\":\"34575\",\"l2\":\"Fromage\",\"sl\":\"fromage-emmental-coupe-table-de-claire-therese-34575\",\"sn\":\"\",\"idxP\":31},{\"mq\":\"Switzerland\",\"nm\":\"Emmental Switzerland coup\u00E9\",\"nme\":\"Switzerland Emmentaler Cut\",\"attr\":\"\",\"sku\":\"13157\",\"l2\":\"Fromage\",\"sl\":\"emmental-switzerland-coupe-switzerland-13157\",\"sn\":\"\",\"idxP\":26},{\"mq\":\"Table de Claire Th\u00E9r\u00E8se\",\"nm\":\"Fromage brie meule\",\"nme\":\"Brie Cheese Wheel\",\"attr\":\"\",\"sku\":\"34571\",\"l2\":\"Fromage\",\"sl\":\"fromage-brie-meule-table-de-claire-therese-34571\",\"sn\":\"\",\"idxP\":0},{\"mq\":\"Tre Stelle\",\"nm\":\"Romano Lupa entier\",\"nme\":\"Whole Romano Lupa\",\"attr\":\"\",\"sku\":\"06579\",\"l2\":\"Fromage\",\"sl\":\"romano-lupa-entier-tre-stelle-06579\",\"sn\":\"\",\"idxP\":20},{\"mq\":\"Table de Claire Th\u00E9r\u00E8se\",\"nm\":\"Fromage brie coup\u00E9\",\"nme\":\"Brie Cheese cut\",\"attr\":\"\",\"sku\":\"34577\",\"l2\":\"Fromage\",\"sl\":\"fromage-brie-coupe-table-de-claire-therese-34577\",\"sn\":\"\",\"idxP\":0},{\"mq\":\"Reggiano\",\"nm\":\"Fromage parmesan reggiano r\u00E2p\u00E9 16 mois\",\"nme\":\"Shredded Parmesan Reggiano Cheese 16 Months\",\"attr\":\"\",\"sku\":\"47706\",\"l2\":\"Fromage\",\"sl\":\"fromage-parmesan-reggiano-rape-16-mois-reggiano-47706\",\"sn\":\"\",\"idxP\":41},{\"mq\":\"Table de Claire Th\u00E9r\u00E8se\",\"nm\":\"Fromage Emmental Meule\",\"nme\":\"Emmentalcheese wheel\",\"attr\":\"\",\"sku\":\"34566\",\"l2\":\"Fromage\",\"sl\":\"fromage-emmental-meule-table-de-claire-therese-34566\",\"sn\":\"\",\"idxP\":19},{\"mq\":\"Tre Stelle\",\"nm\":\"Fromage Romano Lupa r\u00E2p\u00E9\",\"nme\":\"Shredded Whole Romano Lupa Cheese\",\"attr\":\"\",\"sku\":\"47710\",\"l2\":\"Fromage\",\"sl\":\"fromage-romano-lupa-rape-tre-stelle-47710\",\"sn\":\"\",\"idxP\":10},{\"mq\":\"I\u00F6go\",\"nm\":\"Yogourt cr\u00E9meux aux fraises sans lactose\",\"nme\":\"Lactose Free Creamy Strawberry Yogurt\",\"attr\":\"Sans lactose\",\"sku\":\"01276\",\"l2\":\"Yogourt\",\"sl\":\"yogourt-cremeux-aux-fraises-sans-lactose-iogo-01276\",\"sn\":\"fraises\",\"idxP\":35},{\"mq\":\"Plant Ahead\",\"nm\":\"Fromage \u00E0 base de plante style mozzarella\",\"nme\":\"Mozzarella Style Plant-Based Cheese\",\"attr\":\"Sans gluten, Sans lactose\",\"sku\":\"01321\",\"l2\":\"Fromage\",\"sl\":\"fromage-a-base-de-plante-style-mozzarella-plant-ahead-01321\",\"sn\":\"\",\"idxP\":54},{\"mq\":\"I\u00F6go\",\"nm\":\"Yogourt cr\u00E9meux \u00E0 la vanille sans lactose\",\"nme\":\"Lactose Free Creamy Vanilla Yogurt\",\"attr\":\"\",\"sku\":\"01277\",\"l2\":\"Yogourt\",\"sl\":\"yogourt-cremeux-a-la-vanille-sans-lactose-iogo-01277\",\"sn\":\"\",\"idxP\":20},{\"mq\":\"Plant Ahead\",\"nm\":\"Fromage \u00E0 base de plante m\u00E9lange analogue tex mex\",\"nme\":\"Tex Mex Analog Plant-Based Cheese Mix\",\"attr\":\"Sans gluten, Sans lactose\",\"sku\":\"01320\",\"l2\":\"Fromage\",\"sl\":\"fromage-a-base-de-plante-melange-analogue-tex-mex-plant-ahead-01320\",\"sn\":\"\",\"idxP\":32},{\"mq\":\"I\u00F6go\",\"nm\":\"Yogourt cr\u00E9meux desserts\",\"nme\":\"Dessert creamy yogurt\",\"attr\":\"\",\"sku\":\"01279\",\"l2\":\"Yogourt\",\"sl\":\"yogourt-cremeux-desserts-iogo-01279\",\"sn\":\"\",\"idxP\":18},{\"mq\":\"Fritz Kaiser\",\"nm\":\"Fromage Miranda meule\",\"nme\":\"Miranda cheese wheel\",\"attr\":\"Aliment du Qu\u00E9bec, Produit local\",\"sku\":\"01382\",\"l2\":\"Fromage\",\"sl\":\"fromage-miranda-meule-fritz-kaiser-01382\",\"sn\":\"\",\"idxP\":2},{\"mq\":\"Fritz Kaiser\",\"nm\":\"Fromage Tomme du haut richelieu meule\",\"nme\":\"CheeseTomme du haut richelieu wheel\",\"attr\":\"Aliment du Qu\u00E9bec, Produit local\",\"sku\":\"01384\",\"l2\":\"Fromage\",\"sl\":\"fromage-tomme-du-haut-richelieu-meule-fritz-kaiser-01384\",\"sn\":\"\",\"idxP\":5},{\"mq\":\"Fritz Kaiser\",\"nm\":\"Fromage vacherin fri-charco meule\",\"nme\":\"Vacherin fri-charco cheese wheel\",\"attr\":\"Aliment du Qu\u00E9bec, Produit local\",\"sku\":\"01385\",\"l2\":\"Fromage\",\"sl\":\"fromage-vacherin-fri-charco-meule-fritz-kaiser-01385\",\"sn\":\"\",\"idxP\":8},{\"mq\":\"Rang 9\",\"nm\":\"Fromage la meule des champs\",\"nme\":\"Wheel la meule des champs cheese\",\"attr\":\"Aliment du Qu\u00E9bec, Sans lactose, Produit local\",\"sku\":\"01381\",\"l2\":\"Fromage\",\"sl\":\"fromage-la-meule-des-champs-rang-9-01381\",\"sn\":\"\",\"idxP\":2},{\"mq\":\"Riviera\",\"nm\":\"M\u00E9lange fromage gratin r\u00E2p\u00E9 sans lactose\",\"nme\":\"Lactose free Grated gratin cheese mix\",\"attr\":\"Sans lactose, Produit local\",\"sku\":\"01600\",\"l2\":\"Fromage\",\"sl\":\"melange-fromage-gratin-rape-sans-lactose-riviera-01600\",\"sn\":\"\",\"idxP\":11},{\"mq\":\"Le B\u00E9douin\",\"nm\":\"Fromage haloumi ail et fines herbes\",\"nme\":\"Garlic and Herb Halloumi Cheese\",\"attr\":\"\",\"sku\":\"01652\",\"l2\":\"Fromage\",\"sl\":\"fromage-haloumi-ail-et-fines-herbes-le-bedouin-01652\",\"sn\":\"fromages\",\"idxP\":19},{\"mq\":\"Le B\u00E9douin\",\"nm\":\"Fromage haloumi\",\"nme\":\"Haloumi Cheese\",\"attr\":\"Produit local\",\"sku\":\"01651\",\"l2\":\"Fromage\",\"sl\":\"fromage-haloumi-le-bedouin-01651\",\"sn\":\"fromages\",\"idxP\":26},{\"mq\":\"Le B\u00E9douin\",\"nm\":\"Fromage nabulsi\",\"nme\":\"Nabulsi cheese\",\"attr\":\"Produit local\",\"sku\":\"01655\",\"l2\":\"Fromage\",\"sl\":\"fromage-nabulsi-le-bedouin-01655\",\"sn\":\"fromages\",\"idxP\":8},{\"mq\":\"Agropur\",\"nm\":\"Grand cheddar 5 ans entier\",\"nme\":\"Large whole 5-year-old cheddar\",\"attr\":\"\",\"sku\":\"01669\",\"l2\":\"Fromage\",\"sl\":\"grand-cheddar-5-ans-entier-agropur-01669\",\"sn\":\"\",\"idxP\":11},{\"mq\":\"Agropur\",\"nm\":\"Grand cheddar 3 ans entier\",\"nme\":\"Large whole 3-year-old cheddar\",\"attr\":\"\",\"sku\":\"01670\",\"l2\":\"Fromage\",\"sl\":\"grand-cheddar-3-ans-entier-agropur-01670\",\"sn\":\"\",\"idxP\":13},{\"mq\":\"Fleur St-Michel\",\"nm\":\"Fromage \u00E0 griller \u00E0 la fleur d'ail\",\"nme\":\"Grilling cheese with garlic flower\",\"attr\":\"Aliment du Qu\u00E9bec, Produit local\",\"sku\":\"01784\",\"l2\":\"Fromage\",\"sl\":\"fromage-a-griller-a-la-fleur-dail-fleur-st-michel-01784\",\"sn\":\"fromages\",\"idxP\":1},{\"mq\":\"Le St-Vallier\",\"nm\":\"Fromage type haloumi \u00E0 griller\",\"nme\":\"Grilling haloumi type cheese\",\"attr\":\"Aliment du Qu\u00E9bec, Produit local\",\"sku\":\"01785\",\"l2\":\"Fromage\",\"sl\":\"fromage-type-haloumi-a-griller-le-st-vallier-01785\",\"sn\":\"fromages\",\"idxP\":3},{\"mq\":\"Agropur\",\"nm\":\"Grand cheddar 1 an entier\",\"nme\":\"Large whole 1-year-old cheddar\",\"attr\":\"\",\"sku\":\"01671\",\"l2\":\"Fromage\",\"sl\":\"grand-cheddar-1-an-entier-agropur-01671\",\"sn\":\"\",\"idxP\":14},{\"mq\":\"Saint-Beno\u00EEt-du-Lac\",\"nm\":\"Fromage Fontina meule\",\"nme\":\"Fontina cheese wheel\",\"attr\":\"Sans gluten, Aliment du Qu\u00E9bec, Sans lactose, Produit local\",\"sku\":\"01386\",\"l2\":\"Fromage\",\"sl\":\"fromage-fontina-meule-saint-benoit-du-lac-01386\",\"sn\":\"\",\"idxP\":6},{\"mq\":\"International Delight\",\"nm\":\"Colorant \u00E0 caf\u00E9 beurre de pacane\",\"nme\":\"Butter pecan coffee whitener\",\"attr\":\"Sans lactose\",\"sku\":\"01904\",\"l2\":\"Cr\u00E8me\",\"sl\":\"colorant-a-cafe-beurre-de-pacane-international-delight-01904\",\"sn\":\"\",\"idxP\":17},{\"mq\":\"Tre Stelle\",\"nm\":\"Grana Padano 20 mois coup\u00E9\",\"nme\":\"Grana Padano 20 months cut\",\"attr\":\"\",\"sku\":\"30324\",\"l2\":\"Fromage\",\"sl\":\"grana-padano-20-mois-coupe-tre-stelle-30324\",\"sn\":\"\",\"idxP\":66},{\"mq\":\"Lactantia\",\"nm\":\"Beurre sal\u00E9\",\"nme\":\"Salted Butter\",\"attr\":\"\",\"sku\":\"15325\",\"l2\":\"Beurre et margarine\",\"sl\":\"beurre-sale-lactantia-15325\",\"sn\":\"\",\"idxP\":80},{\"mq\":\"Lactantia\",\"nm\":\"Beurre \u00E0 l'ail\",\"nme\":\"Garlic Butter\",\"attr\":\"\",\"sku\":\"01960\",\"l2\":\"Beurre et margarine\",\"sl\":\"beurre-a-lail-lactantia-01960\",\"sn\":\"\",\"idxP\":100},{\"mq\":\"Lactantia\",\"nm\":\"Beurre sal\u00E9\",\"nme\":\"Salted Country Churned Butter\",\"attr\":\"\",\"sku\":\"09221\",\"l2\":\"Beurre et margarine\",\"sl\":\"beurre-sale-lactantia-09221\",\"sn\":\"\",\"idxP\":26},{\"mq\":\"Lactantia\",\"nm\":\"Beurre en portion\",\"nme\":\"Butter Portion\",\"attr\":\"\",\"sku\":\"34889\",\"l2\":\"Beurre et margarine\",\"sl\":\"beurre-en-portion-lactantia-34889\",\"sn\":\"\",\"idxP\":90},{\"mq\":\"Lactantia\",\"nm\":\"Margarine \u00E0 l'ail\",\"nme\":\"Garlic Margarine\",\"attr\":\"\",\"sku\":\"01971\",\"l2\":\"Beurre et margarine\",\"sl\":\"margarine-a-lail-lactantia-01971\",\"sn\":\"\",\"idxP\":24},{\"mq\":\"Lactantia\",\"nm\":\"Beurre fouett\u00E9 portion\",\"nme\":\"Whipped Butter Single Serve\",\"attr\":\"\",\"sku\":\"46330\",\"l2\":\"Beurre et margarine\",\"sl\":\"beurre-fouette-portion-lactantia-46330\",\"sn\":\"\",\"idxP\":14},{\"mq\":\"Kaamps\",\"nm\":\"Fromage kaamps whisky d'\u00E9rable meule\",\"nme\":\"Maple whisky kaamps cheese wheel\",\"attr\":\"\",\"sku\":\"02011\",\"l2\":\"Fromage\",\"sl\":\"fromage-kaamps-whisky-derable-meule-kaamps-02011\",\"sn\":\"fromages\",\"idxP\":3},{\"mq\":\"Kaamps\",\"nm\":\"Fromage kaamps saveurs d'automne\",\"nme\":\"Autumn Flavors Kaamps Cheese\",\"attr\":\"\",\"sku\":\"02010\",\"l2\":\"Fromage\",\"sl\":\"fromage-kaamps-saveurs-dautomne-kaamps-02010\",\"sn\":\"fromages\",\"idxP\":0},{\"mq\":\"Joseph Paccard\",\"nm\":\"Fromage reblochon aop fermier\",\"nme\":\"Reblochon aop fermier cheese\",\"attr\":\"\",\"sku\":\"02013\",\"l2\":\"Fromage\",\"sl\":\"fromage-reblochon-aop-fermier-joseph-paccard-02013\",\"sn\":\"\",\"idxP\":16},{\"mq\":\"Tomme\",\"nm\":\"Fromage tomme au cidre de pomme meule\",\"nme\":\"Apple cider tomme cheese wheel\",\"attr\":\"Produit local\",\"sku\":\"02015\",\"l2\":\"Fromage\",\"sl\":\"fromage-tomme-au-cidre-de-pomme-meule-tomme-02015\",\"sn\":\"apples, pommes\",\"idxP\":5},{\"mq\":\"Ch\u00E2teau de Bourgogne\",\"nm\":\"Fromage cr\u00E9meux aux truffes\",\"nme\":\"Truffle creamy cheese\",\"attr\":\"\",\"sku\":\"02022\",\"l2\":\"Fromage\",\"sl\":\"fromage-cremeux-aux-truffes-chateau-de-bourgogne-02022\",\"sn\":\"\",\"idxP\":18},{\"mq\":\"Brebirousse\",\"nm\":\"Fromage brebirousse meule\",\"nme\":\"Brebirousse cheese\",\"attr\":\"\",\"sku\":\"02019\",\"l2\":\"Fromage\",\"sl\":\"fromage-brebirousse-meule-brebirousse-02019\",\"sn\":\"\",\"idxP\":5},{\"mq\":\"Berthaut\",\"nm\":\"Fromage \u00E9poisses aop\",\"nme\":\"\u00C9poisse aop cheese\",\"attr\":\"\",\"sku\":\"02023\",\"l2\":\"Fromage\",\"sl\":\"fromage-epoisses-aop-berthaut-02023\",\"sn\":\"\",\"idxP\":27},{\"mq\":\"Haute Montagne\",\"nm\":\"Fromage reblochon savoie aop meule\",\"nme\":\"Savoie raop reblochon cheese wheel\",\"attr\":\"\",\"sku\":\"02014\",\"l2\":\"Fromage\",\"sl\":\"fromage-reblochon-savoie-aop-meule-haute-montagne-02014\",\"sn\":\"\",\"idxP\":14},{\"mq\":\"Godminster\",\"nm\":\"Fromage cheddar bio\",\"nme\":\"Organic cheedar cheese\",\"attr\":\"Biologique\",\"sku\":\"02027\",\"l2\":\"Fromage\",\"sl\":\"fromage-cheddar-bio-godminster-02027\",\"sn\":\"biologique, bio, organic, organique\",\"idxP\":13},{\"mq\":\"Utrecht\",\"nm\":\"Fromage Gouda rose-tomate meule\",\"nme\":\"Tomato-Rose gouda Wheel\",\"attr\":\"\",\"sku\":\"02028\",\"l2\":\"Fromage\",\"sl\":\"fromage-gouda-rose-tomate-meule-utrecht-02028\",\"sn\":\"tomates\",\"idxP\":1},{\"mq\":\"Ch\u00E2teau de Bourgogne\",\"nm\":\"Fromage cr\u00E9meux bleu\",\"nme\":\"Blue creamy cheese\",\"attr\":\"\",\"sku\":\"02021\",\"l2\":\"Fromage\",\"sl\":\"fromage-cremeux-bleu-chateau-de-bourgogne-02021\",\"sn\":\"\",\"idxP\":16},{\"mq\":\"Gigha\",\"nm\":\"Fromage en forme de pomme Whiskey\",\"nme\":\"Whiskey apple cheese\",\"attr\":\"\",\"sku\":\"02026\",\"l2\":\"Fromage\",\"sl\":\"fromage-en-forme-de-pomme-whiskey-gigha-02026\",\"sn\":\"\",\"idxP\":10},{\"mq\":\"Oveja Trufa La Quesera\",\"nm\":\"Fromage aux truffes meule\",\"nme\":\"Truffle cheese wheel\",\"attr\":\"\",\"sku\":\"02012\",\"l2\":\"Fromage\",\"sl\":\"fromage-aux-truffes-meule-oveja-trufa-la-quesera-02012\",\"sn\":\"fromages\",\"idxP\":4},{\"mq\":\"Utrecht\",\"nm\":\"Fromage Gouda vert-olive meule\",\"nme\":\"Olive green gouda wheel\",\"attr\":\"\",\"sku\":\"02029\",\"l2\":\"Fromage\",\"sl\":\"fromage-gouda-vert-olive-meule-utrecht-02029\",\"sn\":\"\",\"idxP\":1},{\"mq\":\"Gigha\",\"nm\":\"Fromage en forme d'orange Grand Marnier\",\"nme\":\"Grand Marnier orange  cheese\",\"attr\":\"\",\"sku\":\"02024\",\"l2\":\"Fromage\",\"sl\":\"fromage-en-forme-dorange-grand-marnier-gigha-02024\",\"sn\":\"\",\"idxP\":9},{\"mq\":\"Gigha\",\"nm\":\"Fromage en forme de poire liqueur Schnapps\",\"nme\":\"Schnapps pear cheese\",\"attr\":\"\",\"sku\":\"02025\",\"l2\":\"Fromage\",\"sl\":\"fromage-en-forme-de-poire-liqueur-schnapps-gigha-02025\",\"sn\":\"poires\",\"idxP\":14},{\"mq\":\"Riviera\",\"nm\":\"Cr\u00E8me fra\u00EEche 35%\",\"nme\":\"Fresh cream 35%\",\"attr\":\"\",\"sku\":\"02127\",\"l2\":\"Cr\u00E8me\",\"sl\":\"creme-fraiche-35-riviera-02127\",\"sn\":\"\",\"idxP\":47},{\"mq\":\"La Station\",\"nm\":\"Raclette Compton poivre en meule\",\"nme\":\"Pepper raclette Compton Cheese Wheel\",\"attr\":\"Biologique, Produit local\",\"sku\":\"33995\",\"l2\":\"Fromage\",\"sl\":\"raclette-compton-poivre-en-meule-la-station-33995\",\"sn\":\"\",\"idxP\":12},{\"mq\":\"La Station\",\"nm\":\"Raclette Compton nature en meule\",\"nme\":\"Plain raclette Compton Cheese Wheel\",\"attr\":\"Biologique, Produit local\",\"sku\":\"33998\",\"l2\":\"Fromage\",\"sl\":\"raclette-compton-nature-en-meule-la-station-33998\",\"sn\":\"\",\"idxP\":15},{\"mq\":\"La Station\",\"nm\":\"Raclette Compton poivre coup\u00E9\",\"nme\":\"Pepper raclette Compton cut\",\"attr\":\"Biologique, Produit local\",\"sku\":\"33996\",\"l2\":\"Fromage\",\"sl\":\"raclette-compton-poivre-coupe-la-station-33996\",\"sn\":\"\",\"idxP\":14},{\"mq\":\"La Station\",\"nm\":\"Raclette Compton nature coup\u00E9\",\"nme\":\"Plain raclette Compton cut\",\"attr\":\"Biologique, Produit local\",\"sku\":\"33999\",\"l2\":\"Fromage\",\"sl\":\"raclette-compton-nature-coupe-la-station-33999\",\"sn\":\"\",\"idxP\":15},{\"mq\":\"Switzerland\",\"nm\":\"Fromage cr\u00E9meux grotte kalbatch meule\",\"nme\":\"Swiss cave-aged creamy wheel\",\"attr\":\"\",\"sku\":\"02266\",\"l2\":\"Fromage\",\"sl\":\"fromage-cremeux-grotte-kalbatch-meule-switzerland-02266\",\"sn\":\"fromages\",\"idxP\":9},{\"mq\":\"Saint-Beno\u00EEt-du-Lac\",\"nm\":\"Fromage Fontina coup\u00E9\",\"nme\":\"Fontina cheese sliced\",\"attr\":\"Sans gluten, Aliment du Qu\u00E9bec, Sans lactose, Produit local\",\"sku\":\"72086\",\"l2\":\"Fromage\",\"sl\":\"fromage-fontina-coupe-saint-benoit-du-lac-72086\",\"sn\":\"\",\"idxP\":20},{\"mq\":\"Fritz Kaiser\",\"nm\":\"Fromage Le Clos St Ambroise meule\",\"nme\":\"Le Clos St Ambroise Cheese Wheel\",\"attr\":\"\",\"sku\":\"33710\",\"l2\":\"Fromage\",\"sl\":\"fromage-le-clos-st-ambroise-meule-fritz-kaiser-33710\",\"sn\":\"\",\"idxP\":7},{\"mq\":\"Virgilio\",\"nm\":\"Parmigiano Reggiano 24 mois pointe\",\"nme\":\"Parmigiano Reggiano 24 months\",\"attr\":\"\",\"sku\":\"66184\",\"l2\":\"Fromage\",\"sl\":\"parmigiano-reggiano-24-mois-pointe-virgilio-66184\",\"sn\":\"\",\"idxP\":67},{\"mq\":\"Virgilio\",\"nm\":\"Parmesan Reggiano 24 mois 1\\\/8 r\u00E2p\u00E9\",\"nme\":\"Parmigiano Reggiano 1\\\/8 grated 24 months\",\"attr\":\"\",\"sku\":\"66194\",\"l2\":\"Fromage\",\"sl\":\"parmesan-reggiano-24-mois-18-rape-virgilio-66194\",\"sn\":\"\",\"idxP\":1},{\"mq\":\"Virgilio\",\"nm\":\"Parmesan Reggiano 24 mois 1\\\/8 coup\u00E9\",\"nme\":\"Parmigiano Reggiano 1\\\/8 cut 24 months\",\"attr\":\"\",\"sku\":\"66193\",\"l2\":\"Fromage\",\"sl\":\"parmesan-reggiano-24-mois-18-coupe-virgilio-66193\",\"sn\":\"\",\"idxP\":0},{\"mq\":\"Virgilio\",\"nm\":\"Grana Padano 16 mois 1\\\/8 meule\",\"nme\":\"Grana Padano 1\\\/8 wheel 16 months\",\"attr\":\"\",\"sku\":\"66186\",\"l2\":\"Fromage\",\"sl\":\"grana-padano-16-mois-18-meule-virgilio-66186\",\"sn\":\"\",\"idxP\":17},{\"mq\":\"Virgilio\",\"nm\":\"Parmesan Reggiano 24mois 1\\\/8 meule\",\"nme\":\"24 months Parmegiano Reggiano 1\\\/8  wheel\",\"attr\":\"\",\"sku\":\"66183\",\"l2\":\"Fromage\",\"sl\":\"parmesan-reggiano-24mois-18-meule-virgilio-66183\",\"sn\":\"\",\"idxP\":26},{\"mq\":\"Virgilio\",\"nm\":\"Grana Padano 16 mois pointe\",\"nme\":\"Grana Padano 16 Months\",\"attr\":\"\",\"sku\":\"66181\",\"l2\":\"Fromage\",\"sl\":\"grana-padano-16-mois-pointe-virgilio-66181\",\"sn\":\"\",\"idxP\":67},{\"mq\":\"La Station\",\"nm\":\"Raclette Compton poivre tranch\u00E9\",\"nme\":\"Pepper raclette Compton sliced\",\"attr\":\"\",\"sku\":\"75043\",\"l2\":\"Fromage\",\"sl\":\"raclette-compton-poivre-tranche-la-station-75043\",\"sn\":\"fromages\",\"idxP\":6},{\"mq\":\"Emborg\",\"nm\":\"Emmental Allemand coup\u00E9\",\"nme\":\"German Emmental Cheese Cut\",\"attr\":\"\",\"sku\":\"02580\",\"l2\":\"Fromage\",\"sl\":\"emmental-allemand-coupe-emborg-02580\",\"sn\":\"\",\"idxP\":20},{\"mq\":\"Emborg\",\"nm\":\"Emmental Allemand meule\",\"nme\":\"German Emmental Cheese Wheel\",\"attr\":\"\",\"sku\":\"02579\",\"l2\":\"Fromage\",\"sl\":\"emmental-allemand-meule-emborg-02579\",\"sn\":\"\",\"idxP\":35},{\"mq\":\"Tre Stelle\",\"nm\":\"Mozzarella boule sans lactose\",\"nme\":\"Lactose free mozzarella ball\",\"attr\":\"Sans lactose\",\"sku\":\"02640\",\"l2\":\"Fromage\",\"sl\":\"mozzarella-boule-sans-lactose-tre-stelle-02640\",\"sn\":\"\",\"idxP\":42},{\"mq\":\"Saputo\",\"nm\":\"Provolone canadien coup\u00E9\",\"nme\":\"Cut Canadian provolone cheese\",\"attr\":\"\",\"sku\":\"10681\",\"l2\":\"Fromage\",\"sl\":\"provolone-canadien-coupe-saputo-10681\",\"sn\":\"\",\"idxP\":12},{\"mq\":\"Tre Stelle\",\"nm\":\"Fromage feta sans lactose\",\"nme\":\"Lactose free feta cheese\",\"attr\":\"\",\"sku\":\"02641\",\"l2\":\"Fromage\",\"sl\":\"fromage-feta-sans-lactose-tre-stelle-02641\",\"sn\":\"\",\"idxP\":33},{\"mq\":\"Dal molise\",\"nm\":\"Mozzarella buffalo italienne\",\"nme\":\"Italian Buffala Mozzarella\",\"attr\":\"\",\"sku\":\"02632\",\"l2\":\"Fromage\",\"sl\":\"mozzarella-buffalo-italienne-dal-molise-02632\",\"sn\":\"\",\"idxP\":24},{\"mq\":\"Tre Stelle\",\"nm\":\"Grana Padano 20 mois\",\"nme\":\"Grana Padano 20 months\",\"attr\":\"\",\"sku\":\"30323\",\"l2\":\"Fromage\",\"sl\":\"grana-padano-20-mois-tre-stelle-30323\",\"sn\":\"\",\"idxP\":21},{\"mq\":\"Tre Stelle\",\"nm\":\"Fromage feta sans lactose\",\"nme\":\"Lactose free feta cheese\",\"attr\":\"Sans lactose\",\"sku\":\"02639\",\"l2\":\"Fromage\",\"sl\":\"fromage-feta-sans-lactose-tre-stelle-02639\",\"sn\":\"\",\"idxP\":49},{\"mq\":\"Saputo\",\"nm\":\"Provolone canadien entier\",\"nme\":\"Canadian whole provolone cheese\",\"attr\":\"\",\"sku\":\"02610\",\"l2\":\"Fromage\",\"sl\":\"provolone-canadien-entier-saputo-02610\",\"sn\":\"\",\"idxP\":59},{\"mq\":\"Dofino\",\"nm\":\"Fromage havarti \u00E0 l'aneth meule\",\"nme\":\"Havarti Cheese with Dill Wheel\",\"attr\":\"\",\"sku\":\"35162\",\"l2\":\"Fromage\",\"sl\":\"fromage-havarti-a-laneth-meule-dofino-35162\",\"sn\":\"\",\"idxP\":6},{\"mq\":\"P'tit brie\",\"nm\":\"Fromage p'tit brie\",\"nme\":\"P'tit brie cheese\",\"attr\":\"\",\"sku\":\"33731\",\"l2\":\"Fromage\",\"sl\":\"fromage-ptit-brie-ptit-brie-33731\",\"sn\":\"fromages\",\"idxP\":12},{\"mq\":\"Dal molise\",\"nm\":\"Mozzarella italienne\",\"nme\":\"Italian Mozzarella\",\"attr\":\"\",\"sku\":\"02633\",\"l2\":\"Fromage\",\"sl\":\"mozzarella-italienne-dal-molise-02633\",\"sn\":\"\",\"idxP\":24},{\"mq\":\"Oka\",\"nm\":\"Fromage Oka \u00E9rable\",\"nme\":\"Oka mapple cheese\",\"attr\":\"\",\"sku\":\"02683\",\"l2\":\"Fromage\",\"sl\":\"fromage-oka-erable-oka-02683\",\"sn\":\"fromages\",\"idxP\":10},{\"mq\":\"Reggiano\",\"nm\":\"Parmesan reggiano 16 mois cro\u00FBtes\",\"nme\":\"Crust16 Month Reggiano Parmigiano\",\"attr\":\"\",\"sku\":\"02691\",\"l2\":\"Fromage\",\"sl\":\"parmesan-reggiano-16-mois-croutes-reggiano-02691\",\"sn\":\"\",\"idxP\":0},{\"mq\":\"Virgilio\",\"nm\":\"Parmesan Reggiano 24 mois cro\u00FBtes\",\"nme\":\"Parmigiano Reggiano 24 months crust\",\"attr\":\"\",\"sku\":\"02693\",\"l2\":\"Fromage\",\"sl\":\"parmesan-reggiano-24-mois-croutes-virgilio-02693\",\"sn\":\"\",\"idxP\":0},{\"mq\":\"Saint Henri\",\"nm\":\"Cheddar blanc\",\"nme\":\"White Cheddar\",\"attr\":\"\",\"sku\":\"02758\",\"l2\":\"Fromage\",\"sl\":\"cheddar-blanc-saint-henri-02758\",\"sn\":\"\",\"idxP\":6},{\"mq\":\"Armstrong\",\"nm\":\"Fromage cheddar jaune doux entier\",\"nme\":\"Mild yellow cheddar cheese\",\"attr\":\"\",\"sku\":\"02777\",\"l2\":\"Fromage\",\"sl\":\"fromage-cheddar-jaune-doux-entier-armstrong-02777\",\"sn\":\"fromages\",\"idxP\":4},{\"mq\":\"Armstrong\",\"nm\":\"Fromage cheddar marbr\u00E9 entier\",\"nme\":\"Mild marble cheddar cheese\",\"attr\":\"\",\"sku\":\"02779\",\"l2\":\"Fromage\",\"sl\":\"fromage-cheddar-marbre-entier-armstrong-02779\",\"sn\":\"fromages\",\"idxP\":5},{\"mq\":\"Armstrong\",\"nm\":\"Fromage cheddar marbr\u00E9 coup\u00E9\",\"nme\":\"Marble cheddar cheese\",\"attr\":\"\",\"sku\":\"02780\",\"l2\":\"Fromage\",\"sl\":\"fromage-cheddar-marbre-coupe-armstrong-02780\",\"sn\":\"fromages\",\"idxP\":18},{\"mq\":\"Armstrong\",\"nm\":\"Fromage cheddar jaune doux coup\u00E9\",\"nme\":\"Mild yellow cheddar cheese\",\"attr\":\"\",\"sku\":\"02778\",\"l2\":\"Fromage\",\"sl\":\"fromage-cheddar-jaune-doux-coupe-armstrong-02778\",\"sn\":\"fromages\",\"idxP\":13},{\"mq\":\"Tradition\",\"nm\":\"Jus pomme et mangue frais\",\"nme\":\"Fresh apple and Mango juice\",\"attr\":\"\",\"sku\":\"03008\",\"l2\":\"Jus frais\",\"sl\":\"jus-pomme-et-mangue-frais-tradition-03008\",\"sn\":\"apples, mangues, pommes\",\"idxP\":55},{\"mq\":\"Tradition\",\"nm\":\"Jus limonade frais\",\"nme\":\"Fresh limonade juice\",\"attr\":\"\",\"sku\":\"03011\",\"l2\":\"Jus frais\",\"sl\":\"jus-limonade-frais-tradition-03011\",\"sn\":\"\",\"idxP\":50},{\"mq\":\"Tradition\",\"nm\":\"Jus l'exotique frais\",\"nme\":\"The exotic fresh juice\",\"attr\":\"\",\"sku\":\"03023\",\"l2\":\"Jus frais\",\"sl\":\"jus-lexotique-frais-tradition-03023\",\"sn\":\"tropical\",\"idxP\":41},{\"mq\":\"Tradition\",\"nm\":\"Jus limonade framboise et fraise frais\",\"nme\":\"Fresh strawberry rasberry limonade juice\",\"attr\":\"\",\"sku\":\"03013\",\"l2\":\"Jus frais\",\"sl\":\"jus-limonade-framboise-et-fraise-frais-tradition-03013\",\"sn\":\"fraises, framboises\",\"idxP\":49},{\"mq\":\"Vitalite\",\"nm\":\"R\u00E2p\u00E9 saveur mozzarella \u00E0 base de plante\",\"nme\":\"Plant based sherred mozzarella\",\"attr\":\"\",\"sku\":\"02989\",\"l2\":\"Fromage\",\"sl\":\"rape-saveur-mozzarella-a-base-de-plante-vitalite-02989\",\"sn\":\"\",\"idxP\":23},{\"mq\":\"Tradition\",\"nm\":\"Jus pomme frais\",\"nme\":\"Fresh apple juice\",\"attr\":\"\",\"sku\":\"03010\",\"l2\":\"Jus frais\",\"sl\":\"jus-pomme-frais-tradition-03010\",\"sn\":\"apples, pommes\",\"idxP\":69},{\"mq\":\"Beatrice\",\"nm\":\"Cr\u00E8me sure 18%\",\"nme\":\"18% Sour Cream\",\"attr\":\"\",\"sku\":\"33057\",\"l2\":\"Cr\u00E8me\",\"sl\":\"creme-sure-18-beatrice-33057\",\"sn\":\"\",\"idxP\":42},{\"mq\":\"Oasis\",\"nm\":\"Jus smoothie vert actif frais\",\"nme\":\"Fresh green actif smoothie\",\"attr\":\"\",\"sku\":\"66816\",\"l2\":\"Jus frais\",\"sl\":\"jus-smoothie-vert-actif-frais-oasis-66816\",\"sn\":\"\",\"idxP\":27},{\"mq\":\"Armstrong\",\"nm\":\"M\u00E9lange fromage avec miettes bacon\",\"nme\":\"Bacon bits blend cheese\",\"attr\":\"\",\"sku\":\"03212\",\"l2\":\"Fromage\",\"sl\":\"melange-fromage-avec-miettes-bacon-armstrong-03212\",\"sn\":\"fromages\",\"idxP\":26},{\"mq\":\"Oasis\",\"nm\":\"Jus orange et mangue frais\",\"nme\":\"fresh premium orange mango juice\",\"attr\":\"\",\"sku\":\"66817\",\"l2\":\"Jus frais\",\"sl\":\"jus-orange-et-mangue-frais-oasis-66817\",\"sn\":\"mangues\",\"idxP\":34},{\"mq\":\"Oasis\",\"nm\":\"Jus cocktail baies grenade frais\",\"nme\":\"Fresh berry pomegranate cocktail\",\"attr\":\"\",\"sku\":\"66818\",\"l2\":\"Jus frais\",\"sl\":\"jus-cocktail-baies-grenade-frais-oasis-66818\",\"sn\":\"\",\"idxP\":23},{\"mq\":\"I\u00F6go\",\"nm\":\"Yogourt vanille sans lactose 1.5%\",\"nme\":\"1,5% lactose free vanilla yogurt\",\"attr\":\"\",\"sku\":\"03491\",\"l2\":\"Yogourt\",\"sl\":\"yogourt-vanille-sans-lactose-1.5-iogo-03491\",\"sn\":\"\",\"idxP\":69},{\"mq\":\"Kaamps\",\"nm\":\"Fromage kaamps saveurs d'automne coup\u00E9\",\"nme\":\"Cut Autumn Flavors Kaamps Cheese\",\"attr\":\"\",\"sku\":\"72101\",\"l2\":\"Fromage\",\"sl\":\"fromage-kaamps-saveurs-dautomne-coupe-kaamps-72101\",\"sn\":\"fromages\",\"idxP\":3},{\"mq\":\"Tomme\",\"nm\":\"Fromage champignons coup\u00E9\",\"nme\":\"Cut mushroom cheese\",\"attr\":\"\",\"sku\":\"03478\",\"l2\":\"Fromage\",\"sl\":\"fromage-champignons-coupe-tomme-03478\",\"sn\":\"fromages\",\"idxP\":17},{\"mq\":\"Riviera\",\"nm\":\"Fromage cheddar blanc 1 an r\u00E2p\u00E9 s\\\/lactose\",\"nme\":\"1 year old grated white cheddar cheese w\\\/lactose\",\"attr\":\"\",\"sku\":\"03584\",\"l2\":\"Fromage\",\"sl\":\"fromage-cheddar-blanc-1-an-rape-slactose-riviera-03584\",\"sn\":\"fromages\",\"idxP\":12},{\"mq\":\"Riviera\",\"nm\":\"Fromage cheddar blanc doux r\u00E2p\u00E9 s\\\/lactose\",\"nme\":\"Grated mild white cheddar cheese without lactose\",\"attr\":\"\",\"sku\":\"03585\",\"l2\":\"Fromage\",\"sl\":\"fromage-cheddar-blanc-doux-rape-slactose-riviera-03585\",\"sn\":\"fromages\",\"idxP\":12},{\"mq\":\"Armstrong\",\"nm\":\"Fromage Cheddar Monterey Jack meule\",\"nme\":\"Monterey Jack Cheddar Cheese Wheel\",\"attr\":\"\",\"sku\":\"48797\",\"l2\":\"Fromage\",\"sl\":\"fromage-cheddar-monterey-jack-meule-armstrong-48797\",\"sn\":\"\",\"idxP\":3},{\"mq\":\"Qu\u00E9bon\",\"nm\":\"Cr\u00E8me \u00E0 fouetter 35%\",\"nme\":\"35% Whipping Cream\",\"attr\":\"\",\"sku\":\"31481\",\"l2\":\"Cr\u00E8me\",\"sl\":\"creme-a-fouetter-35-quebon-31481\",\"sn\":\"\",\"idxP\":100},{\"mq\":\"Flirt\",\"nm\":\"Jus limonade p\u00E9tillante framboise\",\"nme\":\"Rasberry sparkling limonade juice\",\"attr\":\"\",\"sku\":\"03250\",\"l2\":\"Jus frais\",\"sl\":\"jus-limonade-petillante-framboise-flirt-03250\",\"sn\":\"framboises, gaz\u00E9ifi\u00E9\",\"idxP\":13},{\"mq\":\"Flirt\",\"nm\":\"Jus limonade p\u00E9tillante basilic\",\"nme\":\"Basil sparkling limonade juice\",\"attr\":\"\",\"sku\":\"03256\",\"l2\":\"Jus frais\",\"sl\":\"jus-limonade-petillante-basilic-flirt-03256\",\"sn\":\"gaz\u00E9ifi\u00E9\",\"idxP\":23},{\"mq\":\"Flirt\",\"nm\":\"Jus limonade p\u00E9tillante lime menthe\",\"nme\":\"Mint lime sparkling limonade juice\",\"attr\":\"\",\"sku\":\"03251\",\"l2\":\"Jus frais\",\"sl\":\"jus-limonade-petillante-lime-menthe-flirt-03251\",\"sn\":\"gaz\u00E9ifi\u00E9\",\"idxP\":14},{\"mq\":\"Virgilio\",\"nm\":\"Mascarpone\",\"nme\":\"Mascarpone\",\"attr\":\"\",\"sku\":\"11354\",\"l2\":\"Fromage\",\"sl\":\"mascarpone-virgilio-11354\",\"sn\":\"\",\"idxP\":50},{\"mq\":\"Saputo\",\"nm\":\"Fromage mozzarella stella r\u00E2p\u00E9 20%\",\"nme\":\"20% Grated Stella Mozzarella Cheese\",\"attr\":\"\",\"sku\":\"11023\",\"l2\":\"Fromage\",\"sl\":\"fromage-mozzarella-stella-rape-20-saputo-11023\",\"sn\":\"fromages\",\"idxP\":53},{\"mq\":\"Saputo\",\"nm\":\"Fromage mozzarella stella r\u00E2p\u00E9 17%\",\"nme\":\"17% Grated Stella Mozzarella Cheese\",\"attr\":\"\",\"sku\":\"01748\",\"l2\":\"Fromage\",\"sl\":\"fromage-mozzarella-stella-rape-17-saputo-01748\",\"sn\":\"fromages\",\"idxP\":62},{\"mq\":\"Becel\",\"nm\":\"Beurre v\u00E9g\u00E9tal sal\u00E9\",\"nme\":\"Salted Plant Butter\",\"attr\":\"\",\"sku\":\"67387\",\"l2\":\"Beurre et margarine\",\"sl\":\"beurre-vegetal-sale-becel-67387\",\"sn\":\"\",\"idxP\":17},{\"mq\":\"Becel\",\"nm\":\"Beurre v\u00E9g\u00E9tal non sal\u00E9\",\"nme\":\"Unsalted Plant Butter\",\"attr\":\"\",\"sku\":\"67386\",\"l2\":\"Beurre et margarine\",\"sl\":\"beurre-vegetal-non-sale-becel-67386\",\"sn\":\"\",\"idxP\":17},{\"mq\":\"K Life\",\"nm\":\"K\u00E9fir \u00E0 la fraise\",\"nme\":\"Strawberry k\u00E9fir\",\"attr\":\"\",\"sku\":\"11392\",\"l2\":\"Yogourt\",\"sl\":\"kefir-a-la-fraise-k-life-11392\",\"sn\":\"fraises\",\"idxP\":0},{\"mq\":\"Elwest\",\"nm\":\"K\u00E9fir classique 2.5%\",\"nme\":\"Classic 2,5% k\u00E9fir\",\"attr\":\"\",\"sku\":\"11393\",\"l2\":\"Yogourt\",\"sl\":\"kefir-classique-2.5-elwest-11393\",\"sn\":\"\",\"idxP\":0},{\"mq\":\"Becel\",\"nm\":\"Margarine en portion\",\"nme\":\"Margarine Single Serve\",\"attr\":\"\",\"sku\":\"67397\",\"l2\":\"Beurre et margarine\",\"sl\":\"margarine-en-portion-becel-67397\",\"sn\":\"\",\"idxP\":3},{\"mq\":\"Saputo\",\"nm\":\"Bocconcini cocktail\",\"nme\":\"Cocktail Bocconcini\",\"attr\":\"\",\"sku\":\"11403\",\"l2\":\"Fromage\",\"sl\":\"bocconcini-cocktail-saputo-11403\",\"sn\":\"boconccini\",\"idxP\":0},{\"mq\":\"K Life\",\"nm\":\"K\u00E9fir \u00E0 la mangue\",\"nme\":\"Mango k\u00E9fir\",\"attr\":\"\",\"sku\":\"11394\",\"l2\":\"Yogourt\",\"sl\":\"kefir-a-la-mangue-k-life-11394\",\"sn\":\"mangues\",\"idxP\":0},{\"mq\":\"Gr\u00E9 des Champs\",\"nm\":\"Gr\u00E9 des champs lait cru meule\",\"nme\":\"Gre des Champs Wheel\",\"attr\":\"\",\"sku\":\"20017\",\"l2\":\"Fromage\",\"sl\":\"gre-des-champs-lait-cru-meule-gre-des-champs-20017\",\"sn\":\"\",\"idxP\":13},{\"mq\":\"Natrel\",\"nm\":\"Fromage cottage 4%\",\"nme\":\"Cottage Cheese 4%\",\"attr\":\"\",\"sku\":\"29674\",\"l2\":\"Fromage\",\"sl\":\"fromage-cottage-4-natrel-29674\",\"sn\":\"fromages\",\"idxP\":33},{\"mq\":\"Armstrong\",\"nm\":\"Fromage fondu en tranches\",\"nme\":\"Process Cheese Slices\",\"attr\":\"\",\"sku\":\"18123\",\"l2\":\"Fromage\",\"sl\":\"fromage-fondu-en-tranches-armstrong-18123\",\"sn\":\"fromages\",\"idxP\":100},{\"mq\":\"FROM ISLE AUX GRUES\",\"nm\":\"MacPherson de L'isle\",\"nme\":\"MacPherson de L'isle\",\"attr\":\"\",\"sku\":\"33685\",\"l2\":\"Fromage\",\"sl\":\"macpherson-de-lisle-from-isle-aux-grues-33685\",\"sn\":\"\",\"idxP\":6},{\"mq\":\"BRIE PAYSAN\",\"nm\":\"Fromage Brie Paysan en meule\",\"nme\":\"Brie Paysan Cheese Wheel\",\"attr\":\"\",\"sku\":\"33952\",\"l2\":\"Fromage\",\"sl\":\"fromage-brie-paysan-en-meule-brie-paysan-33952\",\"sn\":\"fromages\",\"idxP\":14},{\"mq\":\"Armstrong\",\"nm\":\"Cheddar marbr\u00E9 doux\",\"nme\":\"Cheddar marble mild\",\"attr\":\"\",\"sku\":\"34572\",\"l2\":\"Fromage\",\"sl\":\"cheddar-marbre-doux-armstrong-34572\",\"sn\":\"\",\"idxP\":85},{\"mq\":\"Alexis de Portneuf\",\"nm\":\"Cantonnier coup\u00E9\",\"nme\":\"Cantonnier Cut\",\"attr\":\"\",\"sku\":\"36103\",\"l2\":\"Fromage\",\"sl\":\"cantonnier-coupe-alexis-de-portneuf-36103\",\"sn\":\"\",\"idxP\":5}], [{\"mq\":\"La Chaudi\u00E8re\",\"nm\":\"Cheddar blanc extra fort bloc long entier coup\u00E9\",\"nme\":\"Extra Strong White Cheddar Cheese Cut\",\"attr\":\"\",\"sku\":\"34342\",\"l2\":\"Fromage\",\"sl\":\"cheddar-blanc-extra-fort-bloc-long-entier-coupe-la-chaudiere-34342\",\"sn\":\"\",\"idxP\":1},{\"mq\":\"La Chaudi\u00E8re\",\"nm\":\"Cheddar blanc extra fort coup\u00E9\",\"nme\":\"Extra Strong White Cheedar Cheese Cut\",\"attr\":\"\",\"sku\":\"34340\",\"l2\":\"Fromage\",\"sl\":\"cheddar-blanc-extra-fort-coupe-la-chaudiere-34340\",\"sn\":\"\",\"idxP\":1},{\"mq\":\"La Chaudi\u00E8re\",\"nm\":\"Cheddar blanc medium coup\u00E9\",\"nme\":\"Medium white Cheddar Cheese Cut\",\"attr\":\"\",\"sku\":\"34343\",\"l2\":\"Fromage\",\"sl\":\"cheddar-blanc-medium-coupe-la-chaudiere-34343\",\"sn\":\"\",\"idxP\":3},{\"mq\":\"Natrel\",\"nm\":\"Lait 2% carton finement filtr\u00E9\",\"nme\":\"Fine filtered carton 2% Milk\",\"attr\":\"\",\"sku\":\"30724\",\"l2\":\"Lait\",\"sl\":\"lait-2-carton-finement-filtre-natrel-30724\",\"sn\":\"\",\"idxP\":100},{\"mq\":\"Switzerland\",\"nm\":\"Fromage cr\u00E9meux grotte kalbatch coup\u00E9\",\"nme\":\"Swiss cave-aged creamy cut\",\"attr\":\"\",\"sku\":\"75026\",\"l2\":\"Fromage\",\"sl\":\"fromage-cremeux-grotte-kalbatch-coupe-switzerland-75026\",\"sn\":\"fromages\",\"idxP\":16},{\"mq\":\"La Chaudi\u00E8re\",\"nm\":\"Cheddar blanc doux coup\u00E9\",\"nme\":\"Mild White Cheddar Chesse Cut\",\"attr\":\"\",\"sku\":\"34345\",\"l2\":\"Fromage\",\"sl\":\"cheddar-blanc-doux-coupe-la-chaudiere-34345\",\"sn\":\"\",\"idxP\":6},{\"mq\":\"La Chaudi\u00E8re\",\"nm\":\"Cheddar blanc fort coup\u00E9\",\"nme\":\"Old White Cheddar Cheese Cut\",\"attr\":\"\",\"sku\":\"34348\",\"l2\":\"Fromage\",\"sl\":\"cheddar-blanc-fort-coupe-la-chaudiere-34348\",\"sn\":\"\",\"idxP\":0},{\"mq\":\"Qu\u00E9bon\",\"nm\":\"Cr\u00E8me \u00E0 cuisson 35%\",\"nme\":\"Cooking cream 35%\",\"attr\":\"\",\"sku\":\"36287\",\"l2\":\"Cr\u00E8me\",\"sl\":\"creme-a-cuisson-35-quebon-36287\",\"sn\":\"\",\"idxP\":93},{\"mq\":\"La Chaudi\u00E8re\",\"nm\":\"Cheddar jaune doux petit coup\u00E9\",\"nme\":\"Small Mild Yellow Cheddar Cheese Cut\",\"attr\":\"\",\"sku\":\"34346\",\"l2\":\"Fromage\",\"sl\":\"cheddar-jaune-doux-petit-coupe-la-chaudiere-34346\",\"sn\":\"\",\"idxP\":0},{\"mq\":\"D'iberville\",\"nm\":\"Fromage d'Iberville meule\",\"nme\":\"D'Iberville Cheese Wheel\",\"attr\":\"\",\"sku\":\"36780\",\"l2\":\"Fromage\",\"sl\":\"fromage-diberville-meule-diberville-36780\",\"sn\":\"fromages\",\"idxP\":7},{\"mq\":\"Tradition\",\"nm\":\"Jus de pomme et petits fruits frais\",\"nme\":\"Fresh Apple and Berry Juice\",\"attr\":\"\",\"sku\":\"11427\",\"l2\":\"Jus frais\",\"sl\":\"jus-de-pomme-et-petits-fruits-frais-tradition-11427\",\"sn\":\"apples, pommes\",\"idxP\":32},{\"mq\":\"Philadelphia\",\"nm\":\"Fromage \u00E0 la cr\u00E8me nature\",\"nme\":\"Original Cream Cheese\",\"attr\":\"\",\"sku\":\"67293\",\"l2\":\"Fromage\",\"sl\":\"fromage-a-la-creme-nature-philadelphia-67293\",\"sn\":\"fromages\",\"idxP\":23},{\"mq\":\"Tradition\",\"nm\":\"Limonade au melon d'eau fra\u00EEche\",\"nme\":\"Fresh Watermelon Lemonade\",\"attr\":\"\",\"sku\":\"11429\",\"l2\":\"Jus frais\",\"sl\":\"limonade-au-melon-deau-fraiche-tradition-11429\",\"sn\":\"\",\"idxP\":30},{\"mq\":\"Lactantia\",\"nm\":\"Beurre en portion\",\"nme\":\"Beurre Single Serve\",\"attr\":\"\",\"sku\":\"46290\",\"l2\":\"Beurre et margarine\",\"sl\":\"beurre-en-portion-lactantia-46290\",\"sn\":\"\",\"idxP\":41},{\"mq\":\"Source\",\"nm\":\"Yogourt vanille prot\u00E9ine\",\"nme\":\"Vanilla protein yogurt\",\"attr\":\"\",\"sku\":\"11459\",\"l2\":\"Yogourt\",\"sl\":\"yogourt-vanille-proteine-source-11459\",\"sn\":\"\",\"idxP\":0},{\"mq\":\"St-Guillaume\",\"nm\":\"Parmesan r\u00E2p\u00E9\",\"nme\":\"Shredded Parmsan\",\"attr\":\"\",\"sku\":\"11432\",\"l2\":\"Fromage\",\"sl\":\"parmesan-rape-st-guillaume-11432\",\"sn\":\"\",\"idxP\":0},{\"mq\":\"Spring Creek\",\"nm\":\"Oeuf de caille\",\"nme\":\"Quail Egg\",\"attr\":\"\",\"sku\":\"11433\",\"l2\":\"Oeuf\",\"sl\":\"oeuf-de-caille-spring-creek-11433\",\"sn\":\"oeufs\",\"idxP\":0},{\"mq\":\"Source\",\"nm\":\"Yogourt fraise prot\u00E9ine\",\"nme\":\"Strawberry protein yogurt\",\"attr\":\"\",\"sku\":\"11460\",\"l2\":\"Yogourt\",\"sl\":\"yogourt-fraise-proteine-source-11460\",\"sn\":\"fraises\",\"idxP\":0},{\"mq\":\"Tradition\",\"nm\":\"Limonade \u00E0 la p\u00EAche p\u00E9tillante\",\"nme\":\"Sparkling Peach Lemonade\",\"attr\":\"\",\"sku\":\"11428\",\"l2\":\"Jus frais\",\"sl\":\"limonade-a-la-peche-petillante-tradition-11428\",\"sn\":\"gaz\u00E9ifi\u00E9\",\"idxP\":0},{\"mq\":\"Activia\",\"nm\":\"Yogourt fraise\\\/baies sauvages\\\/ mangue c\u00E9r\u00E9ales\",\"nme\":\"Strawberry\\\/wild berries\\\/mango cereal yogurt\",\"attr\":\"\",\"sku\":\"11456\",\"l2\":\"Yogourt\",\"sl\":\"yogourt-fraisebaies-sauvages-mangue-cereales-activia-11456\",\"sn\":\"fraises, mangues\",\"idxP\":0},{\"mq\":\"Woolwich\",\"nm\":\"Fromage de ch\u00E8vre \u00E9miett\u00E9\",\"nme\":\"Crumbled Goat Cheese\",\"attr\":\"\",\"sku\":\"11497\",\"l2\":\"Fromage\",\"sl\":\"fromage-de-chevre-emiette-woolwich-11497\",\"sn\":\"fromages\",\"idxP\":0},{\"mq\":\"Activia\",\"nm\":\"Yogourt p\u00EAche\\\/bleuet\\\/vanille\\\/fraise\\\/kiwi c\u00E9r\u00E9ales\",\"nme\":\"Peach\\\/blueb\\\/vanilla\\\/strawb\\\/kiwi cereal yogurt\",\"attr\":\"\",\"sku\":\"11455\",\"l2\":\"Yogourt\",\"sl\":\"yogourt-pechebleuetvanillefraisekiwi-cereales-activia-11455\",\"sn\":\"fraises\",\"idxP\":0},{\"mq\":\"Flirt\",\"nm\":\"Jus limonade p\u00E9tillante cl\u00E9mentine\",\"nme\":\"Clementine Sparkling Lemonade Juice\",\"attr\":\"\",\"sku\":\"11499\",\"l2\":\"Jus frais\",\"sl\":\"jus-limonade-petillante-clementine-flirt-11499\",\"sn\":\"gaz\u00E9ifi\u00E9\",\"idxP\":21},{\"mq\":\"I\u00F6go\",\"nm\":\"Yogourt nature\",\"nme\":\"Plain Yogurt\",\"attr\":\"\",\"sku\":\"11554\",\"l2\":\"Yogourt\",\"sl\":\"yogourt-nature-iogo-11554\",\"sn\":\"\",\"idxP\":13},{\"mq\":\"Natrel\",\"nm\":\"Cr\u00E9mier caramel\",\"nme\":\"Caramel Mix Coffee Creamer\",\"attr\":\"\",\"sku\":\"11559\",\"l2\":\"Cr\u00E8me\",\"sl\":\"cremier-caramel-natrel-11559\",\"sn\":\"\",\"idxP\":0},{\"mq\":\"Natrel\",\"nm\":\"Cr\u00E9mier vanille\",\"nme\":\"Vanille Coffee Creamer\",\"attr\":\"\",\"sku\":\"11557\",\"l2\":\"Cr\u00E8me\",\"sl\":\"cremier-vanille-natrel-11557\",\"sn\":\"\",\"idxP\":0},{\"mq\":\"I\u00F6go\",\"nm\":\"Yogourt vanille\",\"nme\":\"Vanilla Yogurt\",\"attr\":\"\",\"sku\":\"11555\",\"l2\":\"Yogourt\",\"sl\":\"yogourt-vanille-iogo-11555\",\"sn\":\"\",\"idxP\":6},{\"mq\":\"Natrel\",\"nm\":\"Cr\u00E9mier noisette\",\"nme\":\"Hazelnut Mix Coffee Creamer\",\"attr\":\"\",\"sku\":\"11558\",\"l2\":\"Cr\u00E8me\",\"sl\":\"cremier-noisette-natrel-11558\",\"sn\":\"\",\"idxP\":0},{\"mq\":\"St-Albert\",\"nm\":\"Fromage cheddar marbr\u00E9 r\u00E2p\u00E9\",\"nme\":\"Shredded Marbled Cheddar Cheese\",\"attr\":\"\",\"sku\":\"11603\",\"l2\":\"Fromage\",\"sl\":\"fromage-cheddar-marbre-rape-st-albert-11603\",\"sn\":\"fromages\",\"idxP\":6},{\"mq\":\"Switzerland\",\"nm\":\"Emmental 1\\\/8 meule coup\u00E9\",\"nme\":\"Emmentaler Switzerland 1\\\/8 Wheel Cut\",\"attr\":\"\",\"sku\":\"11725\",\"l2\":\"Fromage\",\"sl\":\"emmental-18-meule-coupe-switzerland-11725\",\"sn\":\"\",\"idxP\":0},{\"mq\":\"Switzerland\",\"nm\":\"Gruy\u00E8re suisse affin\u00E9 en grotte kaltbach KC coup\u00E9\",\"nme\":\"Swiss Cave-Aged King Cut Gruyere Cheese Cut\",\"attr\":\"\",\"sku\":\"11733\",\"l2\":\"Fromage\",\"sl\":\"gruyere-suisse-affine-en-grotte-kaltbach-kc-coupe-switzerland-11733\",\"sn\":\"\",\"idxP\":0},{\"mq\":\"Switzerland\",\"nm\":\"Gruy\u00E8re suisse raffin\u00E9 grotte kaltbach king cut\",\"nme\":\"Swiss Cave-Aged King Cut Gruyere Cheese Wheel\",\"attr\":\"\",\"sku\":\"11732\",\"l2\":\"Fromage\",\"sl\":\"gruyere-suisse-raffine-grotte-kaltbach-king-cut-switzerland-11732\",\"sn\":\"\",\"idxP\":0},{\"mq\":\"Switzerland\",\"nm\":\"Emmental 1\\\/8 meule\",\"nme\":\"Emmentaler Switzerland 1\\\/8 Wheel\",\"attr\":\"\",\"sku\":\"11724\",\"l2\":\"Fromage\",\"sl\":\"emmental-18-meule-switzerland-11724\",\"sn\":\"\",\"idxP\":0},{\"mq\":\"Tre Stelle\",\"nm\":\"Fromage feta traditionnel\",\"nme\":\"Traditional feta cheese\",\"attr\":\"\",\"sku\":\"11947\",\"l2\":\"Fromage\",\"sl\":\"fromage-feta-traditionnel-tre-stelle-11947\",\"sn\":\"fromages\",\"idxP\":0},{\"mq\":\"I\u00F6go\",\"nm\":\"Yogourt cr\u00E9meux\",\"nme\":\"Creamy Yogurt\",\"attr\":\"\",\"sku\":\"11829\",\"l2\":\"Yogourt\",\"sl\":\"yogourt-cremeux-iogo-11829\",\"sn\":\"\",\"idxP\":4},{\"mq\":\"Virgilio\",\"nm\":\"Parmigiano Reggiano 24 mois pointe r\u00E2p\u00E9e\",\"nme\":\"Shredded 24 Months Parmigiano Reggiano\",\"attr\":\"\",\"sku\":\"11927\",\"l2\":\"Fromage\",\"sl\":\"parmigiano-reggiano-24-mois-pointe-rapee-virgilio-11927\",\"sn\":\"\",\"idxP\":18},{\"mq\":\"Switzerland\",\"nm\":\"Fromage Kalbath de ch\u00E8vre\",\"nme\":\"Goat Kalbath Cheese\",\"attr\":\"\",\"sku\":\"12029\",\"l2\":\"Fromage\",\"sl\":\"fromage-kalbath-de-chevre-switzerland-12029\",\"sn\":\"fromages\",\"idxP\":0},{\"mq\":\"Laiterie Charlevoix\",\"nm\":\"Fondue charlevoisienne\",\"nme\":\"Charlevoisienne Fondue Cheese\",\"attr\":\"\",\"sku\":\"11984\",\"l2\":\"Fromage\",\"sl\":\"fondue-charlevoisienne-laiterie-charlevoix-11984\",\"sn\":\"\",\"idxP\":0},{\"mq\":\"Spectra\",\"nm\":\"Margarine sal\u00E9e non hydrog\u00E9n\u00E9e jaune\",\"nme\":\"Yellow Non Hydrogenated Salted Margarine\",\"attr\":\"\",\"sku\":\"68046\",\"l2\":\"Beurre et margarine\",\"sl\":\"margarine-salee-non-hydrogenee-jaune-spectra-68046\",\"sn\":\"\",\"idxP\":53},{\"mq\":\"Switzerland\",\"nm\":\"Fromage Kalbath de ch\u00E8vre coup\u00E9\",\"nme\":\"Sliced Goat Kalbath Cheese\",\"attr\":\"\",\"sku\":\"12031\",\"l2\":\"Fromage\",\"sl\":\"fromage-kalbath-de-chevre-coupe-switzerland-12031\",\"sn\":\"fromages\",\"idxP\":0},{\"mq\":\"St-Albert\",\"nm\":\"Cheddar fort jaune\",\"nme\":\"Old Yellow Cheddar\",\"attr\":\"\",\"sku\":\"12061\",\"l2\":\"Fromage\",\"sl\":\"cheddar-fort-jaune-st-albert-12061\",\"sn\":\"\",\"idxP\":0},{\"mq\":\"St-Albert\",\"nm\":\"Cheddar fort blanc\",\"nme\":\"Old White Cheddar\",\"attr\":\"\",\"sku\":\"12063\",\"l2\":\"Fromage\",\"sl\":\"cheddar-fort-blanc-st-albert-12063\",\"sn\":\"\",\"idxP\":0},{\"mq\":\"Spectra\",\"nm\":\"Margarine sal\u00E9e non hydrog\u00E9n\u00E9e blanche\",\"nme\":\"White Non Hydrogenated Salted Margarine\",\"attr\":\"\",\"sku\":\"68047\",\"l2\":\"Beurre et margarine\",\"sl\":\"margarine-salee-non-hydrogenee-blanche-spectra-68047\",\"sn\":\"\",\"idxP\":18},{\"mq\":\"Riviera\",\"nm\":\"Fromage 2 couleurs r\u00E2p\u00E9\",\"nme\":\"Grated 2 Colours Cheese\",\"attr\":\"\",\"sku\":\"67913\",\"l2\":\"Fromage\",\"sl\":\"fromage-2-couleurs-rape-riviera-67913\",\"sn\":\"fromages\",\"idxP\":0},{\"mq\":\"Qu\u00E9bon\",\"nm\":\"Lait de poule\",\"nme\":\"Egg nog\",\"attr\":\"\",\"sku\":\"33723\",\"l2\":\"Lait\",\"sl\":\"lait-de-poule-quebon-33723\",\"sn\":\"\",\"idxP\":52},{\"mq\":\"St-Albert\",\"nm\":\"Cheddar doux jaune\",\"nme\":\"Mild Yellow Cheese\",\"attr\":\"\",\"sku\":\"12060\",\"l2\":\"Fromage\",\"sl\":\"cheddar-doux-jaune-st-albert-12060\",\"sn\":\"\",\"idxP\":0},{\"mq\":\"St-Albert\",\"nm\":\"Cheddar mi-fort blanc\",\"nme\":\"Medium White Cheddar\",\"attr\":\"\",\"sku\":\"12069\",\"l2\":\"Fromage\",\"sl\":\"cheddar-mi-fort-blanc-st-albert-12069\",\"sn\":\"\",\"idxP\":0},{\"mq\":\"St-Albert\",\"nm\":\"Cheddar doux blanc\",\"nme\":\"Mild White Cheddar\",\"attr\":\"\",\"sku\":\"12064\",\"l2\":\"Fromage\",\"sl\":\"cheddar-doux-blanc-st-albert-12064\",\"sn\":\"\",\"idxP\":0},{\"mq\":\"St-Albert\",\"nm\":\"Cheddar doux marbr\u00E9\",\"nme\":\"Mild Marbled Cheddar\",\"attr\":\"\",\"sku\":\"12068\",\"l2\":\"Fromage\",\"sl\":\"cheddar-doux-marbre-st-albert-12068\",\"sn\":\"\",\"idxP\":0},{\"mq\":\"Tre Stelle\",\"nm\":\"Grana padano pointe 14 mois\",\"nme\":\"14 Month Grana Padano Slice\",\"attr\":\"\",\"sku\":\"12171\",\"l2\":\"Fromage\",\"sl\":\"grana-padano-pointe-14-mois-tre-stelle-12171\",\"sn\":\"\",\"idxP\":0},{\"mq\":\"Tre Stelle\",\"nm\":\"Parmesan Reggiano pointe 14 mois\",\"nme\":\"14 Month Reggiano Parmesan Slice\",\"attr\":\"\",\"sku\":\"12172\",\"l2\":\"Fromage\",\"sl\":\"parmesan-reggiano-pointe-14-mois-tre-stelle-12172\",\"sn\":\"\",\"idxP\":0},{\"mq\":\"Riviera\",\"nm\":\"Fromage \u00E0 la cr\u00E8me\",\"nme\":\"Cream Cheese\",\"attr\":\"\",\"sku\":\"12168\",\"l2\":\"Fromage\",\"sl\":\"fromage-a-la-creme-riviera-12168\",\"sn\":\"fromages\",\"idxP\":0},{\"mq\":\"Emmi\",\"nm\":\"Fromage raclette suisse demi-meule\",\"nme\":\"Switzerland Raclette Cheese Half-Wheel\",\"attr\":\"\",\"sku\":\"12292\",\"l2\":\"Fromage\",\"sl\":\"fromage-raclette-suisse-demi-meule-emmi-12292\",\"sn\":\"fromages\",\"idxP\":0},{\"mq\":\"Nutri-Oeuf\",\"nm\":\"Oeuf gros blanc\",\"nme\":\"Large White Egg\",\"attr\":\"\",\"sku\":\"12329\",\"l2\":\"Oeuf\",\"sl\":\"oeuf-gros-blanc-nutri-oeuf-12329\",\"sn\":\"oeufs\",\"idxP\":0},{\"mq\":\"Nutri-Oeuf\",\"nm\":\"Oeuf gros blanc \",\"nme\":\"Large White Egg\",\"attr\":\"\",\"sku\":\"12331\",\"l2\":\"Oeuf\",\"sl\":\"oeuf-gros-blanc-nutri-oeuf-12331\",\"sn\":\"oeufs\",\"idxP\":0},{\"mq\":\"Nutri-Oeuf\",\"nm\":\"Oeuf biologique gros brun\",\"nme\":\"Large Brown Organic Egg\",\"attr\":\"\",\"sku\":\"12335\",\"l2\":\"Oeuf\",\"sl\":\"oeuf-biologique-gros-blanc-nutri-oeuf-12335\",\"sn\":\"biologique, bio, organic, organique, oeufs\",\"idxP\":0},{\"mq\":\"I\u00F6go\",\"nm\":\"Yogourt cr\u00E9meux duo citron vanille\",\"nme\":\"Lemon Vanille Creamy Yogurt Duo\",\"attr\":\"\",\"sku\":\"12339\",\"l2\":\"Yogourt\",\"sl\":\"yogourt-cremeux-duo-citron-vanille-iogo-12339\",\"sn\":\"citrons\",\"idxP\":0},{\"mq\":\"I\u00F6go\",\"nm\":\"Yogourt cr\u00E9meux duo vanille fraise\",\"nme\":\"Vanilla Strawberry Creamy Yogurt Duo\",\"attr\":\"\",\"sku\":\"12340\",\"l2\":\"Yogourt\",\"sl\":\"yogourt-cremeux-duo-vanille-fraise-iogo-12340\",\"sn\":\"fraises\",\"idxP\":0},{\"mq\":\"Nutri-Oeuf\",\"nm\":\"Oeuf biologique moyen brun\",\"nme\":\"Medium Brown Organic Egg\",\"attr\":\"\",\"sku\":\"12336\",\"l2\":\"Oeuf\",\"sl\":\"oeuf-biologique-moyen-brun-nutri-oeuf-12336\",\"sn\":\"biologique, bio, organic, organique, oeufs\",\"idxP\":0},{\"mq\":\"Tre Stelle\",\"nm\":\"Bocconcini cocktail\",\"nme\":\"Cocktail Bocconcini\",\"attr\":\"\",\"sku\":\"12327\",\"l2\":\"Fromage\",\"sl\":\"bocconcini-cocktail-tre-stelle-12327\",\"sn\":\"boconccini\",\"idxP\":0},{\"mq\":\"Nutri-Oeuf\",\"nm\":\"Oeuf gros brun\",\"nme\":\"Large Brown Egg\",\"attr\":\"\",\"sku\":\"12330\",\"l2\":\"Oeuf\",\"sl\":\"oeuf-gros-brun-nutri-oeuf-12330\",\"sn\":\"oeufs\",\"idxP\":0},{\"mq\":\"Nutri-Oeuf\",\"nm\":\"Oeuf extra gros blanc vrac\",\"nme\":\"Bulk Extra Large White Egg\",\"attr\":\"\",\"sku\":\"12337\",\"l2\":\"Oeuf\",\"sl\":\"oeuf-extra-gros-blanc-vrac-nutri-oeuf-12337\",\"sn\":\"oeufs\",\"idxP\":0},{\"mq\":\"I\u00F6go\",\"nm\":\"Yogourt cr\u00E9meux duo fraise p\u00EAche\",\"nme\":\"Strawberry Peach Creamy Yogurt Duo\",\"attr\":\"\",\"sku\":\"12338\",\"l2\":\"Yogourt\",\"sl\":\"yogourt-cremeux-duo-fraise-peche-iogo-12338\",\"sn\":\"fraises\",\"idxP\":0},{\"mq\":\"Tre Stelle\",\"nm\":\"Ricotta sans lactose\",\"nme\":\"Lactose-Free Ricotta\",\"attr\":\"\",\"sku\":\"12326\",\"l2\":\"Fromage\",\"sl\":\"ricotta-sans-lactose-tre-stelle-12326\",\"sn\":\"\",\"idxP\":0},{\"mq\":\"Auricchio\",\"nm\":\"Provolone piccante classico tranch\u00E9\",\"nme\":\"Sliced Classico Piccante Provolone\",\"attr\":\"\",\"sku\":\"12419\",\"l2\":\"Fromage\",\"sl\":\"provolone-piccante-classico-tranche-auricchio-12419\",\"sn\":\"\",\"idxP\":0},{\"mq\":\"Auricchio\",\"nm\":\"Provolone italien doux tranch\u00E9\",\"nme\":\"Sliced Mild Italian Provolone\",\"attr\":\"\",\"sku\":\"12423\",\"l2\":\"Fromage\",\"sl\":\"provolone-italien-doux-tranche-auricchio-12423\",\"sn\":\"\",\"idxP\":0},{\"mq\":\"Auricchio\",\"nm\":\"Provolone italien stravecchio extra \u00E2g\u00E9 tranch\u00E9\",\"nme\":\"Sliced Extra Old Stravecchio Italian Provolone\",\"attr\":\"\",\"sku\":\"12420\",\"l2\":\"Fromage\",\"sl\":\"provolone-italien-stravecchio-extra-age-tranche-auricchio-12420\",\"sn\":\"\",\"idxP\":0},{\"mq\":\"Nutri-Oeuf\",\"nm\":\"Oeuf moyen poule en libert\u00E9\",\"nme\":\"Medium Free Run Egg\",\"attr\":\"Aliment du Qu\u00E9bec, Produit local\",\"sku\":\"12427\",\"l2\":\"Oeuf\",\"sl\":\"oeuf-moyen-poule-en-liberte-nutri-oeuf-12427\",\"sn\":\"oeufs\",\"idxP\":0},{\"mq\":\"Tre Stelle\",\"nm\":\"Fromage pan\u00E9 \u00E0 griller\",\"nme\":\"Breaded Grilling Cheese\",\"attr\":\"\",\"sku\":\"12475\",\"l2\":\"Fromage\",\"sl\":\"fromage-pane-a-griller-12475\",\"sn\":\"fromages\",\"idxP\":19},{\"mq\":\"Gay Lea\",\"nm\":\"Cr\u00E8me fouett\u00E9e chocolat a\u00E9rosol\",\"nme\":\"Chocolate Whipped Cream Spray\",\"attr\":\"\",\"sku\":\"12483\",\"l2\":\"Cr\u00E8me\",\"sl\":\"creme-fouettee-chocolat-aerosol-12483\",\"sn\":\"\",\"idxP\":27},{\"mq\":\"Armstrong\",\"nm\":\"Cheddar blanc fort\",\"nme\":\"Strong White Cheddar\",\"attr\":\"\",\"sku\":\"33853\",\"l2\":\"Fromage\",\"sl\":\"cheddar-blanc-fort-33853\",\"sn\":\"\",\"idxP\":33},{\"mq\":\"Switzerland\",\"nm\":\"Gruy\u00E8re suisse raffin\u00E9 grotte kaltbach meule\",\"nme\":\"Swiss Cave-Aged Cut Gruyere Cheese Wheel\",\"attr\":\"\",\"sku\":\"39095\",\"l2\":\"Fromage\",\"sl\":\"gruyere-suisse-raffine-32-kg-39095\",\"sn\":\"\",\"idxP\":7},{\"mq\":\"Emmi\",\"nm\":\"Girolle\",\"nme\":\"Girolle\",\"attr\":\"\",\"sku\":\"09546\",\"l2\":\"Fromage\",\"sl\":\"girolle-09546\",\"sn\":\"\",\"idxP\":4},{\"mq\":\"Milk to Go\",\"nm\":\"Lait frapp\u00E9 au chocolat\",\"nme\":\"Chocolate Milkshake\",\"attr\":\"\",\"sku\":\"12215\",\"l2\":\"Lait\",\"sl\":\"lait-frappe-au-chocolat-12215\",\"sn\":\"\",\"idxP\":6},{\"mq\":\"Milk to Go\",\"nm\":\"Lait frapp\u00E9 \u00E0 la vanille\",\"nme\":\"Vanilla Milkshake\",\"attr\":\"\",\"sku\":\"12216\",\"l2\":\"Lait\",\"sl\":\"lait-frappe-a-la-vanille-12216\",\"sn\":\"\",\"idxP\":5},{\"mq\":\"Le B\u00E9douin\",\"nm\":\"Fromage haloumi\",\"nme\":\"Haloumi Cheese\",\"attr\":\"\",\"sku\":\"12586\",\"l2\":\"Fromage\",\"sl\":\"fromage-haloumi-12586\",\"sn\":\"fromages\",\"idxP\":2},{\"mq\":\"St-Albert\",\"nm\":\"Cheddar doux blanc\",\"nme\":\"Mild White Cheddar\",\"attr\":\"\",\"sku\":\"12604\",\"l2\":\"Fromage\",\"sl\":\"cheddar-doux-blanc-12604\",\"sn\":\"\",\"idxP\":5},{\"mq\":\"Tradition Plus\",\"nm\":\"Jus d-stress\",\"nme\":\"D-Stres Juice\",\"attr\":\"\",\"sku\":\"12609\",\"l2\":\"Jus frais\",\"sl\":\"jus-d-stress-12609\",\"sn\":\"\",\"idxP\":6},{\"mq\":\"Tradition Plus\",\"nm\":\"Jus \u00E9nergie\",\"nme\":\"Energy Juice\",\"attr\":\"\",\"sku\":\"12610\",\"l2\":\"Jus frais\",\"sl\":\"jus-energie-12610\",\"sn\":\"\",\"idxP\":11},{\"mq\":\"Tradition Plus\",\"nm\":\"Jus immunit\u00E9\",\"nme\":\"Immunity Juice\",\"attr\":\"\",\"sku\":\"12611\",\"l2\":\"Jus frais\",\"sl\":\"jus-immunite-12611\",\"sn\":\"\",\"idxP\":4},{\"mq\":\"Tradition Plus\",\"nm\":\"Jus d\u00E9tox\",\"nme\":\"Detox Juice\",\"attr\":\"\",\"sku\":\"12612\",\"l2\":\"Jus frais\",\"sl\":\"jus-detox-12612\",\"sn\":\"\",\"idxP\":5},{\"mq\":\"Simply\",\"nm\":\"Jus d'orange avec pulpe frais\",\"nme\":\"Fresh Orange Juice With Pulp\",\"attr\":\"\",\"sku\":\"12620\",\"l2\":\"Jus frais\",\"sl\":\"jus-dorange-avec-pulpe-frais-12620\",\"sn\":\"\",\"idxP\":7},{\"mq\":\"Simply\",\"nm\":\"Jus d'orange sans pulpe frais\",\"nme\":\"Fresh Orange Juice Without Pulp\",\"attr\":\"\",\"sku\":\"12621\",\"l2\":\"Jus frais\",\"sl\":\"jus-dorange-sans-pulpe-frais-12621\",\"sn\":\"\",\"idxP\":8},{\"mq\":\"Oasis\",\"nm\":\"Jus smoothie fraise banane frais\",\"nme\":\"Fresh Strawberry Banana Smoothie\",\"attr\":\"\",\"sku\":\"68108\",\"l2\":\"Jus frais\",\"sl\":\"jus-smoothie-fraise-banane-frais-68108\",\"sn\":\"ananas, bananes, fraises\",\"idxP\":1},{\"mq\":\"Galbani\",\"nm\":\"Mozzarella galbani premio 25% r\u00E2p\u00E9\",\"nme\":\"Grated 25% Galbani Premio Mozzarella\",\"attr\":\"\",\"sku\":\"68674\",\"l2\":\"Fromage\",\"sl\":\"mozzarella-galbani-premio-25-rape-68674\",\"sn\":\"\",\"idxP\":15},{\"mq\":\"Galbani\",\"nm\":\"Mozzarella 21% sans lactose r\u00E2p\u00E9\",\"nme\":\"Grated 21% Lactose-Free Mozzarella\",\"attr\":\"\",\"sku\":\"68713\",\"l2\":\"Fromage\",\"sl\":\"mozzarella-21-sans-lactose-rape-68713\",\"sn\":\"\",\"idxP\":0},{\"mq\":\"Saputo\",\"nm\":\"Fromage feta sans lactose\",\"nme\":\"Lactose-Free Feta Cheese\",\"attr\":\"\",\"sku\":\"12696\",\"l2\":\"Fromage\",\"sl\":\"fromage-feta-sans-lactose-12696\",\"sn\":\"fromages\",\"idxP\":0},{\"mq\":\"Oikos\",\"nm\":\"Yogourt nature\",\"nme\":\"Plain Yogurt\",\"attr\":\"\",\"sku\":\"12698\",\"l2\":\"Yogourt\",\"sl\":\"yogourt-nature-12698\",\"sn\":\"\",\"idxP\":0},{\"mq\":\"Oikos\",\"nm\":\"Yogourt vanille\",\"nme\":\"Vanilla Yogurt\",\"attr\":\"\",\"sku\":\"12699\",\"l2\":\"Yogourt\",\"sl\":\"yogourt-vanille-12699\",\"sn\":\"\",\"idxP\":0},{\"mq\":\"Nutri-Oeuf\",\"nm\":\"Oeuf moyen biologique brun\",\"nme\":\"Medium Brown Organic Egg\",\"attr\":\"\",\"sku\":\"24397\",\"l2\":\"Oeuf\",\"sl\":\"oeuf-moyen-biologique-brun-24397\",\"sn\":\"biologique, bio, organic, organique, oeufs\",\"idxP\":10},{\"mq\":\"Natural One\",\"nm\":\"Jus orange sans pulpe frais\",\"nme\":\"Fresh Orange Juice Without Pulp\",\"attr\":\"\",\"sku\":\"12756\",\"l2\":\"Jus frais\",\"sl\":\"jus-orange-sans-pulpe-frais-12756\",\"sn\":\"\",\"idxP\":0},{\"mq\":\"Bella Casara\",\"nm\":\"Fromage burratini\",\"nme\":\"Burratini Cheese\",\"attr\":\"\",\"sku\":\"12873\",\"l2\":\"Fromage\",\"sl\":\"fromage-burratini-12873\",\"sn\":\"fromages\",\"idxP\":0},{\"mq\":\"Marc Angelo\",\"nm\":\"Fromage provolone Misto tranch\u00E9\",\"nme\":\"Sliced Misto Provolone Cheese\",\"attr\":\"\",\"sku\":\"12877\",\"l2\":\"Fromage\",\"sl\":\"fromage-provolone-misto-tranche-12877\",\"sn\":\"fromages\",\"idxP\":0},{\"mq\":\"Nutri-Oeuf\",\"nm\":\"Oeuf cuit dur\",\"nme\":\"Hard-Boiled Egg\",\"attr\":\"\",\"sku\":\"12881\",\"l2\":\"Oeuf\",\"sl\":\"oeuf-cuit-dur-12881\",\"sn\":\"oeufs\",\"idxP\":0},{\"mq\":\"Nutri\",\"nm\":\"Oeuf marin\u00E9 cornichon \u00E0 l'aneth\",\"nme\":\"Dill Pickle Marinated Egg\",\"attr\":\"\",\"sku\":\"12934\",\"l2\":\"Oeuf\",\"sl\":\"oeuf-marine-cornichon-a-laneth-12934\",\"sn\":\"oeufs\",\"idxP\":0},{\"mq\":\"Oka\",\"nm\":\"Fromage Oka pomme\",\"nme\":\"Apple Oka Cheese\",\"attr\":\"\",\"sku\":\"13128\",\"l2\":\"Fromage\",\"sl\":\"fromage-oka-pomme-13128\",\"sn\":\"apples, fromages, pommes\",\"idxP\":0},{\"mq\":\"Fruiti\u00E8re Chabert\",\"nm\":\"Fromage Flocon de Savoie\",\"nme\":\"Flocon de Savoie Cheese\",\"attr\":\"\",\"sku\":\"13129\",\"l2\":\"Fromage\",\"sl\":\"fromage-flocon-de-savoie-13129\",\"sn\":\"fromages\",\"idxP\":0},{\"mq\":\"Ermitage\",\"nm\":\"Fromage tartiflette\",\"nme\":\"Tartiflette Cheese\",\"attr\":\"\",\"sku\":\"13131\",\"l2\":\"Fromage\",\"sl\":\"fromage-tartiflette-13131\",\"sn\":\"fromages\",\"idxP\":0},{\"mq\":\"Chalet Gourmet\",\"nm\":\"Fromage bo\u00EEte festive\",\"nme\":\"Party Cheese Box\",\"attr\":\"\",\"sku\":\"13132\",\"l2\":\"Fromage\",\"sl\":\"fromage-boite-festive-13132\",\"sn\":\"fromages\",\"idxP\":0},{\"mq\":\"St-Guillaume\",\"nm\":\"Fromage tortillon\",\"nme\":\"Twist Cheese\",\"attr\":\"\",\"sku\":\"13134\",\"l2\":\"Fromage\",\"sl\":\"fromage-tortillon-13134\",\"sn\":\"fromages\",\"idxP\":0},{\"mq\":\"Bella Casara\",\"nm\":\"Fromage Fior di latte\",\"nme\":\"Fior Di Latte Cheese\",\"attr\":\"\",\"sku\":\"13159\",\"l2\":\"Fromage\",\"sl\":\"fromage-fior-di-latte-13159\",\"sn\":\"fromages\",\"idxP\":0},{\"mq\":\"Beatrice\",\"nm\":\"Lait de poule\",\"nme\":\"Egg Nog\",\"attr\":\"\",\"sku\":\"13269\",\"l2\":\"Lait\",\"sl\":\"lait-de-poule-13269\",\"sn\":\"\",\"idxP\":0},{\"mq\":\"Lactantia\",\"nm\":\"Lait 1% PurFiltre\",\"nme\":\"1% Milk PurFiltre\",\"attr\":\"\",\"sku\":\"47133\",\"l2\":\"Lait\",\"sl\":\"lait-1-purfiltre-47133\",\"sn\":\"\",\"idxP\":0},{\"mq\":\"Beatrice\",\"nm\":\"Fromage cottage 2%\",\"nme\":\"2% Cottage Cheese\",\"attr\":\"\",\"sku\":\"13296\",\"l2\":\"Fromage\",\"sl\":\"fromage-cottage-2-13296\",\"sn\":\"fromages\",\"idxP\":0},{\"mq\":\"Lactantia\",\"nm\":\"Beurre sal\u00E9 sans lactose\",\"nme\":\"Lactose-Free Salted Butter\",\"attr\":\"\",\"sku\":\"13302\",\"l2\":\"Beurre et margarine\",\"sl\":\"beurre-sale-sans-lactose-13302\",\"sn\":\"\",\"idxP\":0},{\"mq\":\"Lactantia\",\"nm\":\"Cr\u00E8me 10% godet\",\"nme\":\"10% Creamer Cup\",\"attr\":\"\",\"sku\":\"13313\",\"l2\":\"Cr\u00E8me\",\"sl\":\"creme-10-godet-13313\",\"sn\":\"\",\"idxP\":0},{\"mq\":\"Beatrice\",\"nm\":\"Cr\u00E8me s\u00FBre 14%\",\"nme\":\"18% Sour Cream\",\"attr\":\"\",\"sku\":\"13316\",\"l2\":\"Cr\u00E8me\",\"sl\":\"creme-sure-14-13316\",\"sn\":\"\",\"idxP\":0},{\"mq\":\"Beatrice\",\"nm\":\"Cr\u00E8me s\u00FBre 14%\",\"nme\":\"14% Sour Cream\",\"attr\":\"\",\"sku\":\"13320\",\"l2\":\"Cr\u00E8me\",\"sl\":\"creme-sure-14-13320\",\"sn\":\"\",\"idxP\":0},{\"mq\":\"Lactantia\",\"nm\":\"Cr\u00E8me \u00E0 caf\u00E9 10%\",\"nme\":\"10% Coffee Cream\",\"attr\":\"\",\"sku\":\"13326\",\"l2\":\"Cr\u00E8me\",\"sl\":\"creme-a-cafe-10-13326\",\"sn\":\"\",\"idxP\":0},{\"mq\":\"Lactantia\",\"nm\":\"Cr\u00E8me \u00E0 cuisson 35%\",\"nme\":\"35% Cooking Cream\",\"attr\":\"\",\"sku\":\"13328\",\"l2\":\"Cr\u00E8me\",\"sl\":\"creme-a-cuisson-35-13328\",\"sn\":\"\",\"idxP\":0},{\"mq\":\"Lactantia\",\"nm\":\"Cr\u00E8me \u00E0 fouetter 35%\",\"nme\":\"35% Whipping Cream\",\"attr\":\"\",\"sku\":\"13331\",\"l2\":\"Cr\u00E8me\",\"sl\":\"creme-a-fouetter-35-13331\",\"sn\":\"\",\"idxP\":0},{\"mq\":\"Lactantia\",\"nm\":\"Cr\u00E8me de table 15%\",\"nme\":\"15% Table Cream\",\"attr\":\"\",\"sku\":\"13332\",\"l2\":\"Cr\u00E8me\",\"sl\":\"creme-de-table-15-13332\",\"sn\":\"\",\"idxP\":0},{\"mq\":\"Lactantia\",\"nm\":\"Cr\u00E8me \u00E0 fouetter 35%\",\"nme\":\"15% Whipping Cream\",\"attr\":\"\",\"sku\":\"13333\",\"l2\":\"Cr\u00E8me\",\"sl\":\"creme-a-fouetter-35-13333\",\"sn\":\"\",\"idxP\":0},{\"mq\":\"Lactantia\",\"nm\":\"Cr\u00E8me 10% sans lactose\",\"nme\":\"10% Lactose-Free Cream\",\"attr\":\"\",\"sku\":\"13335\",\"l2\":\"Cr\u00E8me\",\"sl\":\"creme-10-sans-lactose-13335\",\"sn\":\"\",\"idxP\":0},{\"mq\":\"Lactantia\",\"nm\":\"Cr\u00E8me 35% sans lactose\",\"nme\":\"35% Lactose-Free Cream\",\"attr\":\"\",\"sku\":\"13336\",\"l2\":\"Cr\u00E8me\",\"sl\":\"creme-35-sans-lactose-13336\",\"sn\":\"\",\"idxP\":0},{\"mq\":\"Lactantia\",\"nm\":\"Cr\u00E9mette 2%\",\"nme\":\"2% Creamer Cup\",\"attr\":\"\",\"sku\":\"13337\",\"l2\":\"Cr\u00E8me\",\"sl\":\"cremette-2-13337\",\"sn\":\"\",\"idxP\":0},{\"mq\":\"Lactantia\",\"nm\":\"M\u00E9lange \u00E0 cr\u00E8me glac\u00E9e vanille\",\"nme\":\"Vanilla Soft Serve Ice Cream Mix\",\"attr\":\"\",\"sku\":\"13345\",\"l2\":\"Cr\u00E8me\",\"sl\":\"melange-a-creme-glacee-vanille-13345\",\"sn\":\"\",\"idxP\":0},{\"mq\":\"Lactantia\",\"nm\":\"M\u00E9lange \u00E0 cr\u00E8me glac\u00E9e chocolat\",\"nme\":\"Chocolate Soft Serve Ice Cream Mix\",\"attr\":\"\",\"sku\":\"13346\",\"l2\":\"Cr\u00E8me\",\"sl\":\"melange-a-creme-glacee-chocolat-13346\",\"sn\":\"\",\"idxP\":0},{\"mq\":\"Lactantia\",\"nm\":\"Cr\u00E8me champ\u00EAtre 15%\",\"nme\":\"15% Old Fashioned Cream\",\"attr\":\"\",\"sku\":\"13347\",\"l2\":\"Cr\u00E8me\",\"sl\":\"creme-champetre-15-13347\",\"sn\":\"\",\"idxP\":0},{\"mq\":\"Lactantia\",\"nm\":\"Cr\u00E8me \u00E0 cuisson 35%\",\"nme\":\"35% Cooking Cream\",\"attr\":\"\",\"sku\":\"13348\",\"l2\":\"Cr\u00E8me\",\"sl\":\"creme-a-cuisson-35-13348\",\"sn\":\"\",\"idxP\":0},{\"mq\":\"Lactantia\",\"nm\":\"Cr\u00E8me \u00E0 cuisson 15%\",\"nme\":\"15% Cooking Cream\",\"attr\":\"\",\"sku\":\"13349\",\"l2\":\"Cr\u00E8me\",\"sl\":\"creme-a-cuisson-15-13349\",\"sn\":\"\",\"idxP\":0},{\"mq\":\"Lactantia\",\"nm\":\"Cr\u00E8me \u00E0 caf\u00E9 10%\",\"nme\":\"10% Coffee Cream\",\"attr\":\"\",\"sku\":\"13350\",\"l2\":\"Cr\u00E8me\",\"sl\":\"creme-a-cafe-10-13350\",\"sn\":\"\",\"idxP\":0},{\"mq\":\"Ferme Burnbrae\",\"nm\":\"Oeuf blanc extra gros vrac\",\"nme\":\"Bulk Extra Large White Egg\",\"attr\":\"\",\"sku\":\"26202\",\"l2\":\"Oeuf\",\"sl\":\"oeuf-blanc-extra-gros-vrac-26202\",\"sn\":\"oeufs\",\"idxP\":0},{\"mq\":\"Ferme Burnbrae\",\"nm\":\"Oeuf blanc moyen\",\"nme\":\"White Medium Egg\",\"attr\":\"\",\"sku\":\"13698\",\"l2\":\"Oeuf\",\"sl\":\"oeuf-blanc-moyen-13698\",\"sn\":\"oeufs\",\"idxP\":0},{\"mq\":\"Ferme Burnbrae\",\"nm\":\"Oeuf blanc gros\",\"nme\":\"White Large Egg\",\"attr\":\"\",\"sku\":\"13699\",\"l2\":\"Oeuf\",\"sl\":\"oeuf-blanc-gros-13699\",\"sn\":\"oeufs\",\"idxP\":0},{\"mq\":\"Galbani\",\"nm\":\"Fromage pizza mozzarella bloc Premio 26%\",\"nme\":\"26% Premio Mozzarella Pizza Cheese Block\",\"attr\":\"\",\"sku\":\"13701\",\"l2\":\"Fromage\",\"sl\":\"fromage-pizza-mozzarella-bloc-premio-26-13701\",\"sn\":\"fromages\",\"idxP\":0},{\"mq\":\"Mozzabene\",\"nm\":\"Fromage pizza mozzarella bloc 22%\",\"nme\":\"22% Pizza Mozzarella Cheese Block\",\"attr\":\"\",\"sku\":\"13702\",\"l2\":\"Fromage\",\"sl\":\"fromage-pizza-mozzarella-bloc-22-13702\",\"sn\":\"fromages\",\"idxP\":0},{\"mq\":\"Racolli\",\"nm\":\"Fromage pizza mozzarella bloc 22%\",\"nme\":\"22% Pizza Mozzarella Cheese Block\",\"attr\":\"\",\"sku\":\"13703\",\"l2\":\"Fromage\",\"sl\":\"fromage-pizza-mozzarella-bloc-22-13703\",\"sn\":\"fromages\",\"idxP\":0},{\"mq\":\"Galbani\",\"nm\":\"Fromage pizza mozzarella bloc 22%\",\"nme\":\"22% Pizza Mozzarella Cheese Block\",\"attr\":\"\",\"sku\":\"13704\",\"l2\":\"Fromage\",\"sl\":\"fromage-pizza-mozzarella-bloc-22-13704\",\"sn\":\"fromages\",\"idxP\":0},{\"mq\":\"Racolli\",\"nm\":\"Fromage pizza mozzarella bloc 19%\",\"nme\":\"19% Pizza Mozzarella Cheese Block\",\"attr\":\"\",\"sku\":\"13705\",\"l2\":\"Fromage\",\"sl\":\"fromage-pizza-mozzarella-bloc-19-13705\",\"sn\":\"fromages\",\"idxP\":0},{\"mq\":\"Mozzabene\",\"nm\":\"Fromage pizza mozzarella bloc 19%\",\"nme\":\"19% Pizza Mozzarella Cheese Block\",\"attr\":\"\",\"sku\":\"13707\",\"l2\":\"Fromage\",\"sl\":\"fromage-pizza-mozzarella-bloc-19-13707\",\"sn\":\"fromages\",\"idxP\":0},{\"mq\":\"Thibault\",\"nm\":\"Tartinade de soya non hydrog\u00E9n\u00E9e\",\"nme\":\"Non-Hydrogenated Soy Spread\",\"attr\":\"\",\"sku\":\"13902\",\"l2\":\"Beurre et margarine\",\"sl\":\"tartinade-de-soya-non-hydrogenee-13902\",\"sn\":\"\",\"idxP\":0},{\"mq\":\"Bergeron\",\"nm\":\"Margarine soya non hydrog\u00E9n\u00E9e jaune\",\"nme\":\"Yellow Non-Hydrogenated Soy Margarine\",\"attr\":\"\",\"sku\":\"13903\",\"l2\":\"Beurre et margarine\",\"sl\":\"margarine-soya-non-hydrogenee-jaune-13903\",\"sn\":\"\",\"idxP\":0},{\"mq\":\"Bergeron\",\"nm\":\"Margarine soya non hydrog\u00E9n\u00E9e blanche\",\"nme\":\"White Non-Hydrogenated Soy Margarine\",\"attr\":\"\",\"sku\":\"13909\",\"l2\":\"Beurre et margarine\",\"sl\":\"margarine-soya-non-hydrogenee-blanche-13909\",\"sn\":\"\",\"idxP\":0},{\"mq\":\"Thibault\",\"nm\":\"Tartinate soya non hydrog\u00E9n\u00E9e blanche\",\"nme\":\"White Non-Hydrogenated Soy Spread\",\"attr\":\"\",\"sku\":\"13912\",\"l2\":\"Beurre et margarine\",\"sl\":\"tartinate-soya-non-hydrogenee-blanche-13912\",\"sn\":\"\",\"idxP\":0},{\"mq\":\"Emmi\",\"nm\":\"Fromage fondue gruy\u00E8re\",\"nme\":\"Fondue Gruyere Cheese\",\"attr\":\"\",\"sku\":\"14073\",\"l2\":\"Fromage\",\"sl\":\"fromage-fondue-gruyere-14073\",\"sn\":\"fromages\",\"idxP\":0},{\"mq\":\"Emmi\",\"nm\":\"Fromage fondue Appenzeller\",\"nme\":\"Fondue Appenzeller Cheese\",\"attr\":\"\",\"sku\":\"14074\",\"l2\":\"Fromage\",\"sl\":\"fromage-fondue-appenzeller-14074\",\"sn\":\"fromages\",\"idxP\":0},{\"mq\":\"Emmi\",\"nm\":\"Fromage raclette poivre tranch\u00E9\",\"nme\":\"Sliced Pepper Raclette Cheese\",\"attr\":\"\",\"sku\":\"14079\",\"l2\":\"Fromage\",\"sl\":\"fromage-raclette-poivre-tranche-14079\",\"sn\":\"fromages\",\"idxP\":0},{\"mq\":\"Emmi\",\"nm\":\"Fromage fondue seau Swiss Knight\",\"nme\":\"Fondue Swiss Knight Cheese Bucket\",\"attr\":\"\",\"sku\":\"14080\",\"l2\":\"Fromage\",\"sl\":\"fromage-fondue-seau-swiss-knight-14080\",\"sn\":\"fromages\",\"idxP\":0},{\"mq\":\"Emmi\",\"nm\":\"Fromage truffe Fromager d'Affinois\",\"nme\":\"Truffle Fromager d'Affinois Cheese\",\"attr\":\"\",\"sku\":\"14090\",\"l2\":\"Fromage\",\"sl\":\"fromage-truffe-fromager-daffinois-14090\",\"sn\":\"fromages\",\"idxP\":0},{\"mq\":\"Emmi\",\"nm\":\"Fromage truffe Fromager d'Affinois coup\u00E9\",\"nme\":\"Cut Truffle Fromager d'Affinois Cheese\",\"attr\":\"\",\"sku\":\"14093\",\"l2\":\"Fromage\",\"sl\":\"fromage-truffe-fromager-daffinois-coupe-14093\",\"sn\":\"fromages\",\"idxP\":0},{\"mq\":\"Emmi\",\"nm\":\"Fromage brie Fromager d'Affinois\",\"nme\":\"Brie Fromager d'Affinois Cheese\",\"attr\":\"\",\"sku\":\"14094\",\"l2\":\"Fromage\",\"sl\":\"fromage-brie-fromager-daffinois-14094\",\"sn\":\"fromages\",\"idxP\":0},{\"mq\":\"Emmi\",\"nm\":\"Fromage brie Fromager d'Affinois coup\u00E9\",\"nme\":\"Cut Brie Fromager d'Affinois Cheese\",\"attr\":\"\",\"sku\":\"14095\",\"l2\":\"Fromage\",\"sl\":\"fromage-brie-fromager-daffinois-coupe-14095\",\"sn\":\"fromages\",\"idxP\":0},{\"mq\":\"Lactantia\",\"nm\":\"Cr\u00E8me \u00E0 cuisson 15%\",\"nme\":\"15% Cooking Cream\",\"attr\":\"\",\"sku\":\"14098\",\"l2\":\"Cr\u00E8me\",\"sl\":\"creme-a-cuisson-15-14098\",\"sn\":\"\",\"idxP\":0},{\"mq\":\"Dutch Touch\",\"nm\":\"Fromage emmental meule\",\"nme\":\"Emmental Cheese Wheel\",\"attr\":\"\",\"sku\":\"14165\",\"l2\":\"Fromage\",\"sl\":\"fromage-emmental-meule-14165\",\"sn\":\"fromages\",\"idxP\":0},{\"mq\":\"Dutch Touch\",\"nm\":\"Fromage emmental coup\u00E9\",\"nme\":\"Cut Emmental Cheese\",\"attr\":\"\",\"sku\":\"14172\",\"l2\":\"Fromage\",\"sl\":\"fromage-emmental-coupe-14172\",\"sn\":\"fromages\",\"idxP\":0},{\"mq\":\"Saputo\",\"nm\":\"Fromage suisse tranch\u00E9\",\"nme\":\"Sliced Swiss Cheese\",\"attr\":\"\",\"sku\":\"14188\",\"l2\":\"Fromage\",\"sl\":\"fromage-suisse-tranche-14188\",\"sn\":\"fromages\",\"idxP\":0},{\"mq\":\"Saputo\",\"nm\":\"Fromage p\u00E2te molle Fior di latte\",\"nme\":\"Fior Di Latte Soft Cheese\",\"attr\":\"\",\"sku\":\"14189\",\"l2\":\"Fromage\",\"sl\":\"fromage-pate-molle-fior-di-latte-14189\",\"sn\":\"fromages\",\"idxP\":0},{\"mq\":\"Juraflore\",\"nm\":\"Fromage comt\u00E9 affin\u00E9\",\"nme\":\"Comte Fine Cheese\",\"attr\":\"\",\"sku\":\"14190\",\"l2\":\"Fromage\",\"sl\":\"fromage-comte-affine-14190\",\"sn\":\"fromages\",\"idxP\":0},{\"mq\":\"Dor\u00E9-mi\",\"nm\":\"Fromage haloumi nature\",\"nme\":\"Plain Haloumi Cheese\",\"attr\":\"\",\"sku\":\"14192\",\"l2\":\"Fromage\",\"sl\":\"fromage-haloumi-nature-14192\",\"sn\":\"fromages\",\"idxP\":0},{\"mq\":\"Saputo\",\"nm\":\"Fromage r\u00E2p\u00E9 m\u00E9lange italien\",\"nme\":\"Grated Italian Cheese Mix\",\"attr\":\"\",\"sku\":\"14194\",\"l2\":\"Fromage\",\"sl\":\"fromage-rape-melange-italien-14194\",\"sn\":\"fromages\",\"idxP\":0},{\"mq\":\"Woolwich\",\"nm\":\"Fromage ch\u00E8vre b\u00FBche\",\"nme\":\"Goat Cheese Log\",\"attr\":\"\",\"sku\":\"14195\",\"l2\":\"Fromage\",\"sl\":\"fromage-chevre-buche-14195\",\"sn\":\"fromages\",\"idxP\":0},{\"mq\":\"Saputo\",\"nm\":\"Beurre sal\u00E9\",\"nme\":\"Salted Butter\",\"attr\":\"\",\"sku\":\"14197\",\"l2\":\"Beurre et margarine\",\"sl\":\"beurre-sale-14197\",\"sn\":\"\",\"idxP\":0},{\"mq\":\"Saputo\",\"nm\":\"Beurre non sal\u00E9\",\"nme\":\"Non-Salted Butter\",\"attr\":\"\",\"sku\":\"14207\",\"l2\":\"Beurre et margarine\",\"sl\":\"beurre-non-sale-14207\",\"sn\":\"\",\"idxP\":0},{\"mq\":\"Neilson\",\"nm\":\"Cr\u00E8me s\u00FBre 14%\",\"nme\":\"14% Sour Cream\",\"attr\":\"\",\"sku\":\"14208\",\"l2\":\"Cr\u00E8me\",\"sl\":\"creme-sure-14-14208\",\"sn\":\"\",\"idxP\":0},{\"mq\":\"Neilson\",\"nm\":\"Fromage cottage 2%\",\"nme\":\"2% Cottage Cheese\",\"attr\":\"\",\"sku\":\"14220\",\"l2\":\"Fromage\",\"sl\":\"fromage-cottage-2-14220\",\"sn\":\"fromages\",\"idxP\":0},{\"mq\":\"Neilson\",\"nm\":\"Fromage cottage 0%\",\"nme\":\"0% Cottage Cheese\",\"attr\":\"\",\"sku\":\"14230\",\"l2\":\"Fromage\",\"sl\":\"fromage-cottage-0-14230\",\"sn\":\"fromages\",\"idxP\":0},{\"mq\":\"Neilson\",\"nm\":\"Fromage cottage 1%\",\"nme\":\"1% Cottage Cheese\",\"attr\":\"\",\"sku\":\"14231\",\"l2\":\"Fromage\",\"sl\":\"fromage-cottage-1-14231\",\"sn\":\"fromages\",\"idxP\":0},{\"mq\":\"Cavendish\",\"nm\":\"Frites coupe r\u00E9guli\u00E8re 3\\\/8\\\"double R congel\u00E9es\",\"nme\":\"Frozen Straight Cut Fries 3\\\/8\\\" Double R\",\"attr\":\"\",\"sku\":\"18366\",\"l2\":\"L\u00E9gumes surgel\u00E9s\",\"sl\":\"frites-coupe-reguliere-38double-r-congelees-cavendish-18366\",\"sn\":\"\",\"idxP\":100},{\"mq\":\"Maple Leaf\",\"nm\":\"Ailes de poulet \u00E9pic\u00E9es piquantes surgel\u00E9es\",\"nme\":\"Frozen Hot Spicy Chicken Wings\",\"attr\":\"\",\"sku\":\"23162\",\"l2\":\"Viande surgel\u00E9e\",\"sl\":\"ailes-de-poulet-epicees-piquantes-surgelees-maple-leaf-23162\",\"sn\":\"\",\"idxP\":81},{\"mq\":\"Cavendish\",\"nm\":\"Frites quartiers assaisonn\u00E9es surgel\u00E9es\",\"nme\":\"Frozen Seasoned Potato Fries\",\"attr\":\"\",\"sku\":\"33947\",\"l2\":\"L\u00E9gumes surgel\u00E9s\",\"sl\":\"frites-quartiers-assaisonnees-surgelees-cavendish-33947\",\"sn\":\"\",\"idxP\":97},{\"mq\":\"Norel\",\"nm\":\"F\u00E8ve romano surgel\u00E9\",\"nme\":\"Frozen Romano Bean\",\"attr\":\"\",\"sku\":\"22889\",\"l2\":\"L\u00E9gumes surgel\u00E9s\",\"sl\":\"feve-romano-surgele-norel-22889\",\"sn\":\"\",\"idxP\":89},{\"mq\":\"Vinsar\",\"nm\":\"Boule de p\u00E2te \u00E0 pizza congel\u00E9e\",\"nme\":\"Frozen Pizza Dough Ball\",\"attr\":\"Produit local\",\"sku\":\"00143\",\"l2\":\"Pizza surgel\u00E9e\",\"sl\":\"boule-de-pate-a-pizza-congelee-vinsar-00143\",\"sn\":\"\",\"idxP\":59},{\"mq\":\"Lesters\",\"nm\":\"Saucisse au porc poulet dejeuner cg\",\"nme\":\"Frozen Pork and Chicken Sausage\",\"attr\":\"\",\"sku\":\"06296\",\"l2\":\"Viande surgel\u00E9e\",\"sl\":\"saucisse-au-porc-poulet-dejeuner-cg-lesters-06296\",\"sn\":\"\",\"idxP\":47},{\"mq\":\"Cavendish\",\"nm\":\"B\u00E2tonnet de mozzarella fondue surgel\u00E9\",\"nme\":\"Frozen Processed Mozzarella Cheese Sticks\",\"attr\":\"\",\"sku\":\"28556\",\"l2\":\"Mets surgel\u00E9s\",\"sl\":\"batonnet-de-mozzarella-fondue-surgele-cavendish-28556\",\"sn\":\"\",\"idxP\":54},{\"mq\":\"Dore\",\"nm\":\"Saucisse d\u00E9jeuner porc et boeuf surgel\u00E9e\",\"nme\":\"Frozen Breakfast Pork and Beef Sausages\",\"attr\":\"\",\"sku\":\"35046\",\"l2\":\"Viande surgel\u00E9e\",\"sl\":\"saucisse-dejeuner-porc-et-boeuf-surgelee-dore-35046\",\"sn\":\"oeufs\",\"idxP\":52},{\"mq\":\"Blue Tide\",\"nm\":\"Filet de tilapia surgel\u00E9\",\"nme\":\"Frozen Tilapia Fillet\",\"attr\":\"\",\"sku\":\"45855\",\"l2\":\"Poisson surgel\u00E9\",\"sl\":\"filet-de-tilapia-surgele-blue-tide-45855\",\"sn\":\"\",\"idxP\":16},{\"mq\":\"Maple Lodge\",\"nm\":\"Ailes de poulet buffalo \u00E9pic\u00E9es halal surgel\u00E9es\",\"nme\":\"Frozen Halal Spicy Buffalo Chicken Wings\",\"attr\":\"\",\"sku\":\"01047\",\"l2\":\"Viande surgel\u00E9e\",\"sl\":\"ailes-de-poulet-buffalo-epicees-halal-surgelees-maple-lodge-01047\",\"sn\":\"\",\"idxP\":32},{\"mq\":\"Hafner\",\"nm\":\"G\u00E2teau quatre-quarts banane 15\\\" surgel\u00E9\",\"nme\":\"Frozen Banana Poundcakes 15\\\"\",\"attr\":\"\",\"sku\":\"01058\",\"l2\":\"P\u00E2tisserie surgel\u00E9e\",\"sl\":\"gateau-quatre-quarts-banane-15-surgele-selection-du-patissier-01058\",\"sn\":\"ananas, bananes\",\"idxP\":57},{\"mq\":\"Maple Lodge\",\"nm\":\"Ailes de poulet genre BBQ halal surgel\u00E9es\",\"nme\":\"Frozen BBQ Chicken Wings Halal\",\"attr\":\"\",\"sku\":\"01048\",\"l2\":\"Viande surgel\u00E9e\",\"sl\":\"ailes-de-poulet-genre-bbq-halal-surgelees-maple-lodge-01048\",\"sn\":\"\",\"idxP\":58},{\"mq\":\"Hafner\",\"nm\":\"G\u00E2teau quatre-quarts marbr\u00E9 chocolat 15\\\" surgel\u00E9\",\"nme\":\"Frozen Marbled Chocolate Poundcake 15\\\"\",\"attr\":\"\",\"sku\":\"01057\",\"l2\":\"P\u00E2tisserie surgel\u00E9e\",\"sl\":\"gateau-quatre-quarts-marbre-chocolat-15-surgele-selection-du-patissier-01057\",\"sn\":\"\",\"idxP\":21},{\"mq\":\"Wong Wing\",\"nm\":\"P\u00E2te pour p\u00E2t\u00E9s imp\u00E9riaux congel\u00E9e\",\"nme\":\"Frozen Egg Roll Dough\",\"attr\":\"\",\"sku\":\"05780\",\"l2\":\"P\u00E2tisserie surgel\u00E9e\",\"sl\":\"pate-pour-pates-imperiaux-congelee-wong-wing-05780\",\"sn\":\"\",\"idxP\":64},{\"mq\":\"CaroKev\",\"nm\":\"P\u00E2te feuillet\u00E9e congel\u00E9e\",\"nme\":\"Frozen Puff Pastry Dough\",\"attr\":\"\",\"sku\":\"07280\",\"l2\":\"P\u00E2tisserie surgel\u00E9e\",\"sl\":\"pate-feuilletee-congelee-carokev-07280\",\"sn\":\"\",\"idxP\":100},{\"mq\":\"Hafner\",\"nm\":\"G\u00E2teau quatre-quarts au citron\\\/ pavot 15\\\" surgel\u00E9\",\"nme\":\"Frozen Lemon Poppyseed Poundcake 15\\\"\",\"attr\":\"\",\"sku\":\"01055\",\"l2\":\"P\u00E2tisserie surgel\u00E9e\",\"sl\":\"gateau-quatre-quarts-au-citron-pavot-15-surgele-selection-du-patissier-01055\",\"sn\":\"citrons\",\"idxP\":22},{\"mq\":\"Casa Morena\",\"nm\":\"Gnocchi aux champignons congel\u00E9\",\"nme\":\"Frozen Mushroom Gnocchi\",\"attr\":\"Produit local\",\"sku\":\"11634\",\"l2\":\"P\u00E2tes surgel\u00E9es\",\"sl\":\"gnocchi-aux-champignons-congele-casa-morena-11634\",\"sn\":\"\",\"idxP\":50},{\"mq\":\"Novali\",\"nm\":\"M\u00E9lange \u00E0 muffin caramel congel\u00E9\",\"nme\":\"Frozen Toffee Delicious Muffin Mix\",\"attr\":\"\",\"sku\":\"13597\",\"l2\":\"P\u00E2tisserie surgel\u00E9e\",\"sl\":\"melange-a-muffin-caramel-congele-novali-13597\",\"sn\":\"\",\"idxP\":14},{\"mq\":\"Vinsar\",\"nm\":\"Boule de p\u00E2te \u00E0 pizza congel\u00E9e\",\"nme\":\"Frozen Pizza Dough Ball\",\"attr\":\"Produit local\",\"sku\":\"18790\",\"l2\":\"Pizza surgel\u00E9e\",\"sl\":\"boule-de-pate-a-pizza-congelee-vinsar-18790\",\"sn\":\"\",\"idxP\":85},{\"mq\":\"Big Banana\",\"nm\":\"Banane plantain sucr\u00E9e congel\u00E9e\",\"nme\":\"Frozen Sweet Plantain Banana\",\"attr\":\"\",\"sku\":\"11113\",\"l2\":\"Fruits et pur\u00E9e surgel\u00E9s\",\"sl\":\"banane-plantain-sucree-congelee-big-banana-11113\",\"sn\":\"bananes\",\"idxP\":54},{\"mq\":\"Casa Morena\",\"nm\":\"Gnocchi aux l\u00E9gumes congel\u00E9\",\"nme\":\"Frozen Vegetable Gnocchi\",\"attr\":\"Produit local\",\"sku\":\"11635\",\"l2\":\"P\u00E2tes surgel\u00E9es\",\"sl\":\"gnocchi-aux-legumes-congele-casa-morena-11635\",\"sn\":\"\",\"idxP\":18},{\"mq\":\"Lloydies\",\"nm\":\"Feuillet\u00E9s style jama\u00EFcain au poulet congel\u00E9\",\"nme\":\"Frozen Chicken Jamaican Style Patties\",\"attr\":\"Produit local\",\"sku\":\"10992\",\"l2\":\"Mets surgel\u00E9s\",\"sl\":\"feuilletes-style-jamaicain-au-poulet-congele-lloydies-10992\",\"sn\":\"\",\"idxP\":100},{\"mq\":\"Casa Morena\",\"nm\":\"Gnocchi aux asperges et ricotta congel\u00E9\",\"nme\":\"Frozen Asparagus and Ricotta Gnocchi\",\"attr\":\"Produit local\",\"sku\":\"11636\",\"l2\":\"P\u00E2tes surgel\u00E9es\",\"sl\":\"gnocchi-aux-asperges-et-ricotta-congele-casa-morena-11636\",\"sn\":\"\",\"idxP\":23},{\"mq\":\"Novali\",\"nm\":\"M\u00E9lange \u00E0 muffin banane et chocolat congel\u00E9\",\"nme\":\"Frozen Banana and Chocolate Muffin Mix\",\"attr\":\"\",\"sku\":\"13600\",\"l2\":\"P\u00E2tisserie surgel\u00E9e\",\"sl\":\"melange-a-muffin-banane-et-chocolat-congele-novali-13600\",\"sn\":\"ananas, bananes\",\"idxP\":31},{\"mq\":\"Novali\",\"nm\":\"M\u00E9lange \u00E0 muffin framboise et yogourt congel\u00E9\",\"nme\":\"Frozen Raspberry and Yogourt Muffin Mix\",\"attr\":\"\",\"sku\":\"13601\",\"l2\":\"P\u00E2tisserie surgel\u00E9e\",\"sl\":\"melange-a-muffin-framboise-et-yogourt-congele-novali-13601\",\"sn\":\"framboises\",\"idxP\":28},{\"mq\":\"Wong Wing\",\"nm\":\"P\u00E2t\u00E9s imp\u00E9riaux \u00E0 la viande congel\u00E9s\",\"nme\":\"Frozen Meat Egg Rolls\",\"attr\":\"\",\"sku\":\"06064\",\"l2\":\"Mets surgel\u00E9s\",\"sl\":\"pates-imperiaux-a-la-viande-congeles-wong-wing-06064\",\"sn\":\"\",\"idxP\":70},{\"mq\":\"Casa Morena\",\"nm\":\"Gnocchi tomate et mozzarella congel\u00E9\",\"nme\":\"Frozen Tomato Mozzarella Gnocchi\",\"attr\":\"Produit local\",\"sku\":\"11633\",\"l2\":\"P\u00E2tes surgel\u00E9es\",\"sl\":\"gnocchi-tomate-et-mozzarella-congele-casa-morena-11633\",\"sn\":\"tomates\",\"idxP\":43},{\"mq\":\"Lloydies\",\"nm\":\"Feuillet\u00E9s style jama\u00EFcain au boeuf \u00E9pic\u00E9 congel\u00E9\",\"nme\":\"Frozen Spicy Beef Jamaican Style Pattie\",\"attr\":\"\",\"sku\":\"10993\",\"l2\":\"Mets surgel\u00E9s\",\"sl\":\"feuilletes-style-jamaicain-au-boeuf-epice-congele-lloydies-10993\",\"sn\":\"\",\"idxP\":100},{\"mq\":\"Pepperidge\",\"nm\":\"P\u00E2te feuillet\u00E9e en feuille surgel\u00E9e\",\"nme\":\"Frozen Puffpastry Sheets\",\"attr\":\"\",\"sku\":\"06090\",\"l2\":\"P\u00E2tisserie surgel\u00E9e\",\"sl\":\"pate-feuilletee-en-feuille-surgelee-pepperidge-06090\",\"sn\":\"\",\"idxP\":47},{\"mq\":\"Coaticook\",\"nm\":\"Cr\u00E8me glac\u00E9e fraise\",\"nme\":\"Frozen Strawberry Ice Cream\",\"attr\":\"Aliment du Qu\u00E9bec, Produit local\",\"sku\":\"18802\",\"l2\":\"Cr\u00E8me glac\u00E9e et sorbet\",\"sl\":\"creme-glacee-fraise-coaticook-18802\",\"sn\":\"fraises\",\"idxP\":30},{\"mq\":\"Bonduelle\",\"nm\":\"Po\u00EAl\u00E9e gourmande l\u00E9gume grill\u00E9 surgel\u00E9e\",\"nme\":\"Frozen Gourmet Stir Fry With Grilled Vegetable\",\"attr\":\"\",\"sku\":\"06680\",\"l2\":\"L\u00E9gumes surgel\u00E9s\",\"sl\":\"poelee-gourmande-legume-grille-surgelee-bonduelle-06680\",\"sn\":\"\",\"idxP\":41},{\"mq\":\"Pepperidge\",\"nm\":\"Vol-au-vent congel\u00E9\",\"nme\":\"Frozen Vol-au-vent Puff Pastry\",\"attr\":\"\",\"sku\":\"06096\",\"l2\":\"P\u00E2tisserie surgel\u00E9e\",\"sl\":\"vol-au-vent-congele-pepperidge-06096\",\"sn\":\"\",\"idxP\":8},{\"mq\":\"Maple Lodge\",\"nm\":\"Filets de poitrine de poulet crus halal congel\u00E9s\",\"nme\":\"Frozen Halal Raw Chicken Breast Fillets\",\"attr\":\"\",\"sku\":\"08586\",\"l2\":\"Viande surgel\u00E9e\",\"sl\":\"filets-de-poitrine-de-poulet-crus-halal-congeles-maple-lodge-08586\",\"sn\":\"\",\"idxP\":33},{\"mq\":\"Maple Lodge\",\"nm\":\"Burger de b\u0153uf halal congel\u00E9\",\"nme\":\"Frozen Halal Beef Burger\",\"attr\":\"\",\"sku\":\"14045\",\"l2\":\"Viande surgel\u00E9e\",\"sl\":\"burger-de-buf-halal-congele-maple-lodge-14045\",\"sn\":\"\",\"idxP\":20},{\"mq\":\"Novali\",\"nm\":\"M\u00E9lange \u00E0 muffin canneberge et orange congel\u00E9\",\"nme\":\"Frozen Cranberry and Orange Muffin Mix\",\"attr\":\"\",\"sku\":\"18753\",\"l2\":\"P\u00E2tisserie surgel\u00E9e\",\"sl\":\"melange-a-muffin-canneberge-et-orange-congele-novali-18753\",\"sn\":\"\",\"idxP\":31},{\"mq\":\"Rich's\",\"nm\":\"Garniture fouett\u00E9e congel\u00E9e\",\"nme\":\"Frozen Whipped Topping\",\"attr\":\"\",\"sku\":\"09646\",\"l2\":\"P\u00E2tisserie surgel\u00E9e\",\"sl\":\"garniture-fouettee-congelee-richs-09646\",\"sn\":\"\",\"idxP\":63},{\"mq\":\"Rich's\",\"nm\":\"Garniture fouett\u00E9e ontop au chocolat congel\u00E9\",\"nme\":\"Frozen Whipped Topping On Top Chocolate\",\"attr\":\"\",\"sku\":\"14804\",\"l2\":\"P\u00E2tisserie surgel\u00E9e\",\"sl\":\"garniture-fouettee-ontop-au-chocolat-congele-richs-14804\",\"sn\":\"\",\"idxP\":27},{\"mq\":\"Novali\",\"nm\":\"M\u00E9lange \u00E0 muffin \u00E9rable congel\u00E9\",\"nme\":\"Frozen Maple Muffin Mix\",\"attr\":\"\",\"sku\":\"18754\",\"l2\":\"P\u00E2tisserie surgel\u00E9e\",\"sl\":\"melange-a-muffin-erable-congele-novali-18754\",\"sn\":\"\",\"idxP\":20},{\"mq\":\"Cavendish\",\"nm\":\"Rondelles d'oignon douces croustillantes CG\",\"nme\":\"Frozen Crispy Sweet Onion Rings\",\"attr\":\"\",\"sku\":\"34885\",\"l2\":\"Mets surgel\u00E9s\",\"sl\":\"rondelles-doignon-douces-croustillantes-cg-cavendish-34885\",\"sn\":\"onions, oignons\",\"idxP\":79},{\"mq\":\"Wong Wing\",\"nm\":\"Mini rouleaux de printemps au poulet congel\u00E9s\",\"nme\":\"Frozen Chicken Mini Spring Rolls\",\"attr\":\"\",\"sku\":\"22994\",\"l2\":\"Mets surgel\u00E9s\",\"sl\":\"mini-rouleaux-de-printemps-au-poulet-congeles-wong-wing-22994\",\"sn\":\"\",\"idxP\":15},{\"mq\":\"Cavendish\",\"nm\":\"Rondelle d'oignon rouge en p\u00E2te \u00E0 frire surgel\u00E9e\",\"nme\":\"Frozen Spicy Breaded Red Onion Ring\",\"attr\":\"\",\"sku\":\"34125\",\"l2\":\"Mets surgel\u00E9s\",\"sl\":\"rondelle-doignon-rouge-en-pate-a-frire-surgelee-cavendish-34125\",\"sn\":\"onions, oignons\",\"idxP\":58},{\"mq\":\"Novali\",\"nm\":\"M\u00E9lange \u00E0 muffin raisin et son congel\u00E9\",\"nme\":\"Frozen Oat and Grape Muffin Mix\",\"attr\":\"\",\"sku\":\"18756\",\"l2\":\"P\u00E2tisserie surgel\u00E9e\",\"sl\":\"melange-a-muffin-raisin-et-son-congele-novali-18756\",\"sn\":\"raisins\",\"idxP\":14},{\"mq\":\"Wong Wing\",\"nm\":\"Mini rouleaux de printemps aux l\u00E9gumes congel\u00E9s\",\"nme\":\"Frozen Vegetable Mini Spring Rolls\",\"attr\":\"\",\"sku\":\"22997\",\"l2\":\"Mets surgel\u00E9s\",\"sl\":\"mini-rouleaux-de-printemps-aux-legumes-congeles-wong-wing-22997\",\"sn\":\"\",\"idxP\":20},{\"mq\":\"Jjwilk\",\"nm\":\"Pierogies aux 3 fromages congel\u00E9s\",\"nme\":\"Frozen 3 Cheese Pierogies\",\"attr\":\"\",\"sku\":\"08889\",\"l2\":\"P\u00E2tes surgel\u00E9es\",\"sl\":\"pierogies-aux-3-fromages-congeles-jjwilk-08889\",\"sn\":\"fromages\",\"idxP\":52},{\"mq\":\"Cavendish\",\"nm\":\"Rondelle d'oignon tempura surgel\u00E9e\",\"nme\":\"Frozen Crispy Tempura Onion Ring\",\"attr\":\"\",\"sku\":\"24427\",\"l2\":\"Mets surgel\u00E9s\",\"sl\":\"rondelle-doignon-tempura-surgelee-cavendish-24427\",\"sn\":\"onions, oignons\",\"idxP\":19},{\"mq\":\"Bridor\",\"nm\":\"Torsade au chocolat congel\u00E9e\",\"nme\":\"Frozen Chocolate Twist\",\"attr\":\"\",\"sku\":\"08985\",\"l2\":\"Boulangerie surgel\u00E9e\",\"sl\":\"torsade-au-chocolat-congelee-bridor-08985\",\"sn\":\"\",\"idxP\":70},{\"mq\":\"Canoa\",\"nm\":\"Pur\u00E9e de mangue congel\u00E9e\",\"nme\":\"Frozen Mango Puree\",\"attr\":\"\",\"sku\":\"11111\",\"l2\":\"Fruits et pur\u00E9e surgel\u00E9s\",\"sl\":\"puree-de-mangue-congelee-canoa-11111\",\"sn\":\"mangues\",\"idxP\":44},{\"mq\":\"Anchor\",\"nm\":\"Poppers japaleno pan\u00E9 surgel\u00E9\",\"nme\":\"Frozen Poppers Stuffed with Jalapeno\",\"attr\":\"\",\"sku\":\"02447\",\"l2\":\"Mets surgel\u00E9s\",\"sl\":\"poppers-japaleno-pane-surgele-anchor-02447\",\"sn\":\"\",\"idxP\":23},{\"mq\":\"Chef Nutri\",\"nm\":\"Guacamole\",\"nme\":\"Guacamole\",\"attr\":\"\",\"sku\":\"24404\",\"l2\":\"Fruits et pur\u00E9e surgel\u00E9s\",\"sl\":\"guacamole-chef-nutri-24404\",\"sn\":\"\",\"idxP\":92},{\"mq\":\"Taterchef\",\"nm\":\"Frite 3\\\/8 surgel\u00E9e\",\"nme\":\"Frozen Potato 3\\\/8\",\"attr\":\"\",\"sku\":\"22226\",\"l2\":\"L\u00E9gumes surgel\u00E9s\",\"sl\":\"frite-38-surgelee-taterchef-22226\",\"sn\":\"\",\"idxP\":76},{\"mq\":\"Cavendish\",\"nm\":\"Frites coupe r\u00E9guli\u00E8re \u00E0 enrobage 3\\\/8\\\" congel\u00E9es\",\"nme\":\"Frozen Straight Cut Clear Coat Potatoes 3\\\/8\\\"\",\"attr\":\"\",\"sku\":\"18699\",\"l2\":\"L\u00E9gumes surgel\u00E9s\",\"sl\":\"frites-coupe-reguliere-a-enrobage-38-congelees-cavendish-18699\",\"sn\":\"transparent\",\"idxP\":100},{\"mq\":\"Cavendish\",\"nm\":\"Frites \u00E9pic\u00E9es coupe r\u00E9guli\u00E8re 3\\\/8\\\" surgel\u00E9es\",\"nme\":\"Frozen 3\\\/8\\\" Spicy Potato Regular Cut\",\"attr\":\"\",\"sku\":\"33949\",\"l2\":\"L\u00E9gumes surgel\u00E9s\",\"sl\":\"frites-epicees-coupe-reguliere-38-surgelees-cavendish-33949\",\"sn\":\"\",\"idxP\":91},{\"mq\":\"Cavendish\",\"nm\":\"Frites patate douce surgel\u00E9es\",\"nme\":\"Frozen Sweet Potato French Fries\",\"attr\":\"\",\"sku\":\"36855\",\"l2\":\"L\u00E9gumes surgel\u00E9s\",\"sl\":\"frites-patate-douce-surgelees-cavendish-36855\",\"sn\":\"patates\",\"idxP\":84},{\"mq\":\"Cavendish\",\"nm\":\"Frites en rondelles dollars surgel\u00E9es\",\"nme\":\"Frozen Dollar Chip Fries\",\"attr\":\"\",\"sku\":\"33944\",\"l2\":\"L\u00E9gumes surgel\u00E9s\",\"sl\":\"frites-en-rondelles-dollars-surgelees-cavendish-33944\",\"sn\":\"pommes\",\"idxP\":94},{\"mq\":\"Hafner\",\"nm\":\"G\u00E2teau poire et caramel 12\\\"x16\\\" congel\u00E9\",\"nme\":\"Frozen Pear Caramel Cake 12\\\"x16\\\"\",\"attr\":\"\",\"sku\":\"07089\",\"l2\":\"P\u00E2tisserie surgel\u00E9e\",\"sl\":\"gateau-poire-et-caramel-12x16-congele-selection-du-patissier-07089\",\"sn\":\"poires\",\"idxP\":16},{\"mq\":\"Rich's\",\"nm\":\"Garniture fouett\u00E9e surgel\u00E9e\",\"nme\":\"Frozen Whipped Topping\",\"attr\":\"\",\"sku\":\"02646\",\"l2\":\"P\u00E2tisserie surgel\u00E9e\",\"sl\":\"garniture-fouettee-surgelee-richs-02646\",\"sn\":\"\",\"idxP\":90},{\"mq\":\"Rich's\",\"nm\":\"Garniture fouett\u00E9e On Top congel\u00E9e\",\"nme\":\"Frozen On Top Whipped Topping\",\"attr\":\"\",\"sku\":\"09649\",\"l2\":\"P\u00E2tisserie surgel\u00E9e\",\"sl\":\"garniture-fouettee-on-top-congelee-richs-09649\",\"sn\":\"\",\"idxP\":100},{\"mq\":\"Wong Wing\",\"nm\":\"P\u00E2t\u00E9s imp\u00E9riaux au poulet et champignons congel\u00E9s\",\"nme\":\"Frozen Chicken and Mushroom Egg Roll\",\"attr\":\"\",\"sku\":\"11579\",\"l2\":\"Mets surgel\u00E9s\",\"sl\":\"pates-imperiaux-au-poulet-et-champignons-congeles-wong-wing-11579\",\"sn\":\"\",\"idxP\":69},{\"mq\":\"Lilas\",\"nm\":\"P\u00E2te phyllo feuillet\u00E9e surgel\u00E9e\",\"nme\":\"Frozen Phyllo Dough\",\"attr\":\"\",\"sku\":\"06327\",\"l2\":\"P\u00E2tisserie surgel\u00E9e\",\"sl\":\"pate-phyllo-feuilletee-surgelee-lilas-06327\",\"sn\":\"\",\"idxP\":100},{\"mq\":\"Jjwilk\",\"nm\":\"Pierogies \u00E0 l'oignon congel\u00E9\",\"nme\":\"Frozen Onion Pierogies\",\"attr\":\"\",\"sku\":\"07841\",\"l2\":\"P\u00E2tes surgel\u00E9es\",\"sl\":\"pierogies-a-loignon-congele-jjwilk-07841\",\"sn\":\"onions, oignons\",\"idxP\":58},{\"mq\":\"Alasko\",\"nm\":\"Carottes en d\u00E9s 3\\\/8\\\" surgel\u00E9es\",\"nme\":\"Frozen IQF Diced Carrots 3\\\/8\\\"\",\"attr\":\"\",\"sku\":\"08406\",\"l2\":\"L\u00E9gumes surgel\u00E9s\",\"sl\":\"carottes-en-des-38-surgelees-alasko-08406\",\"sn\":\"carottes\",\"idxP\":90},{\"mq\":\"McCain\",\"nm\":\"G\u00E2teau au chocolat congel\u00E9\",\"nme\":\"Frozen Chocolate Cake\",\"attr\":\"\",\"sku\":\"11662\",\"l2\":\"P\u00E2tisserie surgel\u00E9e\",\"sl\":\"gateau-au-chocolat-congele-mccain-11662\",\"sn\":\"\",\"idxP\":26},{\"mq\":\"Canoa\",\"nm\":\"Pur\u00E9e de corossol congel\u00E9e\",\"nme\":\"Frozen Corrosol Puree\",\"attr\":\"\",\"sku\":\"11116\",\"l2\":\"Fruits et pur\u00E9e surgel\u00E9s\",\"sl\":\"puree-de-corossol-congelee-canoa-11116\",\"sn\":\"\",\"idxP\":68},{\"mq\":\"CaroKev\",\"nm\":\"P\u00E2te feuillet\u00E9e carr\u00E9e congel\u00E9e\",\"nme\":\"Frozen Square Puff Pastry Dough\",\"attr\":\"Sans lactose\",\"sku\":\"14815\",\"l2\":\"P\u00E2tisserie surgel\u00E9e\",\"sl\":\"pate-feuilletee-carree-congelee-carokev-14815\",\"sn\":\"\",\"idxP\":100},{\"mq\":\"Eggo\",\"nm\":\"Gaufre nature congel\u00E9e\",\"nme\":\"Frozen Neutral Waffle\",\"attr\":\"\",\"sku\":\"13273\",\"l2\":\"P\u00E2tisserie surgel\u00E9e\",\"sl\":\"gaufre-nature-congelee-eggo-13273\",\"sn\":\"\",\"idxP\":42},{\"mq\":\"McCain\",\"nm\":\"G\u00E2teau \u00E0 la vanille congel\u00E9\",\"nme\":\"Frozen Vanilla Cake\",\"attr\":\"\",\"sku\":\"11664\",\"l2\":\"P\u00E2tisserie surgel\u00E9e\",\"sl\":\"gateau-a-la-vanille-congele-mccain-11664\",\"sn\":\"\",\"idxP\":20},{\"mq\":\"Bridor\",\"nm\":\"Danoise amandine congel\u00E9e\",\"nme\":\"Frozen Almond Danish\",\"attr\":\"\",\"sku\":\"18658\",\"l2\":\"Boulangerie surgel\u00E9e\",\"sl\":\"danoise-amandine-congelee-bridor-18658\",\"sn\":\"croissants\",\"idxP\":82},{\"mq\":\"Hafner\",\"nm\":\"G\u00E2teau quatre-quarts double chocolat 15\\\" congel\u00E9\",\"nme\":\"Frozen Chocolate Duo Poundcake 15\\\"\",\"attr\":\"\",\"sku\":\"18739\",\"l2\":\"P\u00E2tisserie surgel\u00E9e\",\"sl\":\"gateau-quatre-quarts-double-chocolat-15-congele-selection-du-patissier-18739\",\"sn\":\"\",\"idxP\":21},{\"mq\":\"Jjwilk\",\"nm\":\"Pierogies au cheddar congel\u00E9\",\"nme\":\"Frozen Cheddar Pierogies 907 g\",\"attr\":\"\",\"sku\":\"07844\",\"l2\":\"P\u00E2tes surgel\u00E9es\",\"sl\":\"pierogies-au-cheddar-congele-jjwilk-07844\",\"sn\":\"\",\"idxP\":49},{\"mq\":\"Lloydies\",\"nm\":\"Feuillet\u00E9s style jama\u00EFcain au boeuf doux congel\u00E9\",\"nme\":\"Frozen Mild Beef Jamaican Style Patties\",\"attr\":\"Produit local\",\"sku\":\"16543\",\"l2\":\"Mets surgel\u00E9s\",\"sl\":\"feuilletes-style-jamaicain-au-boeuf-doux-congele-lloydies-16543\",\"sn\":\"\",\"idxP\":100},{\"mq\":\"Rich's\",\"nm\":\"Garniture dor\u00E9e congel\u00E9\",\"nme\":\"Frozen Golden Topping\",\"attr\":\"\",\"sku\":\"20460\",\"l2\":\"P\u00E2tisserie surgel\u00E9e\",\"sl\":\"garniture-doree-congele-richs-20460\",\"sn\":\"\",\"idxP\":53},{\"mq\":\"Villa Ravioli\",\"nm\":\"Rotolo aux champignons portobello congel\u00E9\",\"nme\":\"Frozen Portobello Mushrooms Rotolo\",\"attr\":\"Produit local\",\"sku\":\"18748\",\"l2\":\"P\u00E2tes surgel\u00E9es\",\"sl\":\"rotolo-aux-champignons-portobello-congele-villa-ravioli-18748\",\"sn\":\"\",\"idxP\":39},{\"mq\":\"Novali\",\"nm\":\"Fond de tarte sal\u00E9e surgel\u00E9e 9\\\"\",\"nme\":\"Frozen Unsweeted Pastry Shell 9\\\"\",\"attr\":\"\",\"sku\":\"21519\",\"l2\":\"P\u00E2tisserie surgel\u00E9e\",\"sl\":\"fond-de-tarte-salee-surgelee-9-novali-21519\",\"sn\":\"\",\"idxP\":45},{\"mq\":\"Janes\",\"nm\":\"Filet d'aiglefin pan\u00E9 congel\u00E9\",\"nme\":\"Frozen Breaded Haddock\",\"attr\":\"\",\"sku\":\"20231\",\"l2\":\"Poisson surgel\u00E9\",\"sl\":\"filet-daiglefin-pane-congele-janes-20231\",\"sn\":\"\",\"idxP\":29},{\"mq\":\"Novali\",\"nm\":\"Fond de tarte neutre 5\\\" surgel\u00E9e\",\"nme\":\"Frozen Bottom Crust 5\\\"\",\"attr\":\"\",\"sku\":\"22376\",\"l2\":\"P\u00E2tisserie surgel\u00E9e\",\"sl\":\"fond-de-tarte-neutre-5-surgelee-novali-22376\",\"sn\":\"\",\"idxP\":24},{\"mq\":\"Vinsar\",\"nm\":\"Boule de p\u00E2te \u00E0 pizza congel\u00E9e\",\"nme\":\"Frozen Pizza Dough Ball\",\"attr\":\"Produit local\",\"sku\":\"18791\",\"l2\":\"Pizza surgel\u00E9e\",\"sl\":\"boule-de-pate-a-pizza-congelee-vinsar-18791\",\"sn\":\"\",\"idxP\":86},{\"mq\":\"Janes\",\"nm\":\"Poisson en p\u00E2te \u00E0 la bi\u00E8re congel\u00E9\",\"nme\":\"Frozen Beer Battered Fish\",\"attr\":\"\",\"sku\":\"20235\",\"l2\":\"Poisson surgel\u00E9\",\"sl\":\"poisson-en-pate-a-la-biere-congele-janes-20235\",\"sn\":\"\",\"idxP\":22},{\"mq\":\"Flamingo\",\"nm\":\"Ailes de poulet \u00E9pic\u00E9es et piquantes surgel\u00E9es\",\"nme\":\"Frozen Hot Spicy Chicken Wings\",\"attr\":\"\",\"sku\":\"24013\",\"l2\":\"Viande surgel\u00E9e\",\"sl\":\"ailes-de-poulet-epicees-et-piquantes-surgelees-flamingo-24013\",\"sn\":\"\",\"idxP\":40},{\"mq\":\"Canoa\",\"nm\":\"Pur\u00E9e de goyave surgel\u00E9e\",\"nme\":\"Frozen Guava Puree\",\"attr\":\"\",\"sku\":\"24119\",\"l2\":\"Fruits et pur\u00E9e surgel\u00E9s\",\"sl\":\"puree-de-goyave-surgelee-canoa-24119\",\"sn\":\"\",\"idxP\":39},{\"mq\":\"Flamingo\",\"nm\":\"Poitrine de poulet surgel\u00E9e\",\"nme\":\"Frozen Chicken Breast\",\"attr\":\"\",\"sku\":\"23911\",\"l2\":\"Viande surgel\u00E9e\",\"sl\":\"poitrine-de-poulet-surgelee-flamingo-23911\",\"sn\":\"\",\"idxP\":24},{\"mq\":\"Rich's\",\"nm\":\"Base pour cr\u00E8me p\u00E2tissi\u00E8re surgel\u00E9e\",\"nme\":\"Frozen Base Custard\",\"attr\":\"\",\"sku\":\"24308\",\"l2\":\"P\u00E2tisserie surgel\u00E9e\",\"sl\":\"base-pour-creme-patissiere-surgelee-richs-24308\",\"sn\":\"\",\"idxP\":27},{\"mq\":\"Maple Lodge\",\"nm\":\"Poulet hach\u00E9 maigre halal surgel\u00E9\",\"nme\":\"Frozen Halal Lean Ground Chicken\",\"attr\":\"\",\"sku\":\"23720\",\"l2\":\"Viande surgel\u00E9e\",\"sl\":\"poulet-hache-maigre-halal-surgele-maple-lodge-23720\",\"sn\":\"\",\"idxP\":85},{\"mq\":\"Novali\",\"nm\":\"P\u00E2te \u00E0 tarte congel\u00E9e\",\"nme\":\"Frozen Pie Dough\",\"attr\":\"\",\"sku\":\"24100\",\"l2\":\"P\u00E2tisserie surgel\u00E9e\",\"sl\":\"pate-a-tarte-congelee-novali-24100\",\"sn\":\"\",\"idxP\":35},{\"mq\":\"Canoa\",\"nm\":\"Pur\u00E9e fruit de la passion surgel\u00E9e\",\"nme\":\"Frozen Passion Fruit Puree 32 oz\",\"attr\":\"\",\"sku\":\"23159\",\"l2\":\"Fruits et pur\u00E9e surgel\u00E9s\",\"sl\":\"puree-fruit-de-la-passion-surgelee-canoa-23159\",\"sn\":\"\",\"idxP\":100},{\"mq\":\"Flamingo\",\"nm\":\"Filet de poulet pan\u00E9 et surgel\u00E9\",\"nme\":\"Frozen Breaded Finger Chicken\",\"attr\":\"\",\"sku\":\"24011\",\"l2\":\"Viande surgel\u00E9e\",\"sl\":\"filet-de-poulet-pane-et-surgele-flamingo-24011\",\"sn\":\"\",\"idxP\":51},{\"mq\":\"Novali\",\"nm\":\"Fond de tarte surgel\u00E9e 3\\\"\",\"nme\":\"Frozen Pastry Shell 3\\\"\",\"attr\":\"\",\"sku\":\"21518\",\"l2\":\"P\u00E2tisserie surgel\u00E9e\",\"sl\":\"fond-de-tarte-surgelee-3-novali-21518\",\"sn\":\"\",\"idxP\":29},{\"mq\":\"Galco\",\"nm\":\"Burger de poitrine de poulet pan\u00E9 surgel\u00E9\",\"nme\":\"Frozen Chicken Breast Burger\",\"attr\":\"\",\"sku\":\"24715\",\"l2\":\"Viande surgel\u00E9e\",\"sl\":\"burger-de-poitrine-de-poulet-pane-surgele-galco-24715\",\"sn\":\"\",\"idxP\":32},{\"mq\":\"Canoa\",\"nm\":\"Pur\u00E9e de corossol congel\u00E9e\",\"nme\":\"Frozen Corossol Puree 32 oz\",\"attr\":\"\",\"sku\":\"24120\",\"l2\":\"Fruits et pur\u00E9e surgel\u00E9s\",\"sl\":\"puree-de-corossol-congelee-canoa-24120\",\"sn\":\"\",\"idxP\":82},{\"mq\":\"Rich's\",\"nm\":\"Gla\u00E7age fouett\u00E9e \u00E0 la vanille surgel\u00E9\",\"nme\":\"Frozen Vanilla Whip Icing\",\"attr\":\"\",\"sku\":\"24415\",\"l2\":\"P\u00E2tisserie surgel\u00E9e\",\"sl\":\"glacage-fouettee-a-la-vanille-surgele-richs-24415\",\"sn\":\"\",\"idxP\":16},{\"mq\":\"Romina\",\"nm\":\"P\u00E2te pour empanadas surgel\u00E9e\",\"nme\":\"Frozen Empanadas Dough\",\"attr\":\"\",\"sku\":\"24555\",\"l2\":\"P\u00E2tisserie surgel\u00E9e\",\"sl\":\"pate-pour-empanadas-surgelee-romina-24555\",\"sn\":\"\",\"idxP\":96},{\"mq\":\"Philly's\",\"nm\":\"Boeuf \u00E0 sandwich 3oz surgel\u00E9\",\"nme\":\"Frozen Beef Sandwich 3oz\",\"attr\":\"\",\"sku\":\"25000\",\"l2\":\"Viande surgel\u00E9e\",\"sl\":\"boeuf-a-sandwich-3oz-surgele-phillys-25000\",\"sn\":\"oeufs\",\"idxP\":66},{\"mq\":\"Lloydies\",\"nm\":\"Feuillet\u00E9s style jama\u00EFcain aux l\u00E9gumes congel\u00E9\",\"nme\":\"Frozen Vegetable Jamaican Style Patties\",\"attr\":\"Produit local\",\"sku\":\"25151\",\"l2\":\"Mets surgel\u00E9s\",\"sl\":\"feuilletes-style-jamaicain-aux-legumes-congele-lloydies-25151\",\"sn\":\"\",\"idxP\":88},{\"mq\":\"Canoa\",\"nm\":\"Pur\u00E9e de m\u00FBre surgel\u00E9e\",\"nme\":\"Frozen Blackberry Puree\",\"attr\":\"\",\"sku\":\"24117\",\"l2\":\"Fruits et pur\u00E9e surgel\u00E9s\",\"sl\":\"puree-de-mure-surgelee-canoa-24117\",\"sn\":\"\",\"idxP\":42},{\"mq\":\"Beaux G\u00E2teaux\",\"nm\":\"G\u00E2teau velour rouge et framboise 17\\\" surgel\u00E9\",\"nme\":\"Frozen red velvet & Raspberry Cake 17\\\"\",\"attr\":\"\",\"sku\":\"24363\",\"l2\":\"P\u00E2tisserie surgel\u00E9e\",\"sl\":\"gateau-velour-rouge-et-framboise-17-surgele-beaux-gateaux-24363\",\"sn\":\"framboises\",\"idxP\":44},{\"mq\":\"Eggo\",\"nm\":\"Gaufre nature surgel\u00E9e\",\"nme\":\"Frozen Neutral Waffle\",\"attr\":\"\",\"sku\":\"26362\",\"l2\":\"P\u00E2tisserie surgel\u00E9e\",\"sl\":\"gaufre-nature-surgelee-eggo-26362\",\"sn\":\"\",\"idxP\":52},{\"mq\":\"Beaux G\u00E2teaux\",\"nm\":\"G\u00E2teau cr\u00E8me et fraise 17\\\" surgel\u00E9\",\"nme\":\"Frozen Strawberry Cream Cake 17\\\"\",\"attr\":\"\",\"sku\":\"24368\",\"l2\":\"P\u00E2tisserie surgel\u00E9e\",\"sl\":\"gateau-creme-et-fraise-17-surgele-beaux-gateaux-24368\",\"sn\":\"fraises\",\"idxP\":40},{\"mq\":\"Wong Wing\",\"nm\":\"P\u00E2t\u00E9s imp\u00E9riaux aux l\u00E9gumes surgel\u00E9s\",\"nme\":\"Frozen Vegetable Egg Rolls\",\"attr\":\"\",\"sku\":\"25163\",\"l2\":\"Mets surgel\u00E9s\",\"sl\":\"pates-imperiaux-aux-legumes-surgeles-wong-wing-25163\",\"sn\":\"\",\"idxP\":68},{\"mq\":\"Bridor\",\"nm\":\"Mini croissant au beurre surgel\u00E9\",\"nme\":\"Frozen Butter Mini Croissant\",\"attr\":\"\",\"sku\":\"25040\",\"l2\":\"Boulangerie surgel\u00E9e\",\"sl\":\"mini-croissant-au-beurre-surgele-bridor-25040\",\"sn\":\"croissants\",\"idxP\":65},{\"mq\":\"Piu Che Dolci\",\"nm\":\"Petit cannoli vide surgel\u00E9\",\"nme\":\"Frozen Small Empty Cannoli\",\"attr\":\"\",\"sku\":\"26227\",\"l2\":\"P\u00E2tisserie surgel\u00E9e\",\"sl\":\"petit-cannoli-vide-surgele-piu-che-dolci-26227\",\"sn\":\"\",\"idxP\":23},{\"mq\":\"Bridor\",\"nm\":\"Chocolatine non cuit surgel\u00E9e\",\"nme\":\"Frozen Chocolatine\",\"attr\":\"\",\"sku\":\"31124\",\"l2\":\"P\u00E2tisserie surgel\u00E9e\",\"sl\":\"chocolatine-non-cuit-surgelee-bridor-31124\",\"sn\":\"\",\"idxP\":80},{\"mq\":\"Cavendish\",\"nm\":\"Quartier  frite ail et romarin surgel\u00E9e\",\"nme\":\"Frozen Garlic and Rosemary Quarter Fries\",\"attr\":\"\",\"sku\":\"24931\",\"l2\":\"L\u00E9gumes surgel\u00E9s\",\"sl\":\"quartier-frite-ail-et-romarin-surgelee-cavendish-24931\",\"sn\":\"\",\"idxP\":100},{\"mq\":\"Bridor\",\"nm\":\"Danoise aux pommes surgel\u00E9e\",\"nme\":\"Frozen Apple Danish\",\"attr\":\"\",\"sku\":\"25827\",\"l2\":\"Boulangerie surgel\u00E9e\",\"sl\":\"danoise-aux-pommes-surgelee-bridor-25827\",\"sn\":\"apples, pommes\",\"idxP\":32},{\"mq\":\"Wong Wing\",\"nm\":\"Won ton porc non-cuits\",\"nme\":\"Uncooked Pork Won Ton\",\"attr\":\"\",\"sku\":\"26552\",\"l2\":\"P\u00E2tes surgel\u00E9es\",\"sl\":\"won-ton-porc-non-cuits-wong-wing-26552\",\"sn\":\"\",\"idxP\":49},{\"mq\":\"Bridor\",\"nm\":\"Danoise cerise et yogourt grec surgel\u00E9e\",\"nme\":\"Frozen Cherry and Greek Yogurt Danish\",\"attr\":\"\",\"sku\":\"25039\",\"l2\":\"Boulangerie surgel\u00E9e\",\"sl\":\"danoise-cerise-et-yogourt-grec-surgelee-bridor-25039\",\"sn\":\"\",\"idxP\":83},{\"mq\":\"Bridor\",\"nm\":\"Mini danoises aux framboises surgel\u00E9es\",\"nme\":\"Frozen Mini Raspberry Danish Basket\",\"attr\":\"\",\"sku\":\"32923\",\"l2\":\"Boulangerie surgel\u00E9e\",\"sl\":\"mini-danoises-aux-framboises-surgelees-bridor-32923\",\"sn\":\"framboises\",\"idxP\":30},{\"mq\":\"Beaux G\u00E2teaux\",\"nm\":\"G\u00E2teau cr\u00E8me et citron 17\\\" surgel\u00E9\",\"nme\":\"Frozen Lemon Cream Cake 17\\\"\",\"attr\":\"\",\"sku\":\"24367\",\"l2\":\"P\u00E2tisserie surgel\u00E9e\",\"sl\":\"gateau-creme-et-citron-17-surgele-beaux-gateaux-24367\",\"sn\":\"citrons\",\"idxP\":23},{\"mq\":\"Vespucci\",\"nm\":\"Cannelloni \u00E0 la viande surgel\u00E9\",\"nme\":\"Frozen Meat Cannelloni\",\"attr\":\"Produit local\",\"sku\":\"33276\",\"l2\":\"P\u00E2tes surgel\u00E9es\",\"sl\":\"cannelloni-a-la-viande-surgele-vespucci-33276\",\"sn\":\"\",\"idxP\":95},{\"mq\":\"Vespucci\",\"nm\":\"Coquilles \u00E9pinard et fromage surgel\u00E9es\",\"nme\":\"Frozen Spinach and Cheese Shells\",\"attr\":\"\",\"sku\":\"33279\",\"l2\":\"P\u00E2tes surgel\u00E9es\",\"sl\":\"coquilles-epinard-et-fromage-surgelees-vespucci-33279\",\"sn\":\"\u00E9pinards, fromages\",\"idxP\":65},{\"mq\":\"Canoa\",\"nm\":\"Pur\u00E9e fruit de la passion surgel\u00E9e\",\"nme\":\"Frozen Passion Fruit Puree\",\"attr\":\"\",\"sku\":\"24118\",\"l2\":\"Fruits et pur\u00E9e surgel\u00E9s\",\"sl\":\"puree-fruit-de-la-passion-surgelee-canoa-24118\",\"sn\":\"\",\"idxP\":85},{\"mq\":\"Bridor\",\"nm\":\"Panier de mini danoises aux pommes surgel\u00E9es\",\"nme\":\"Frozen Apple Mini Danish Basket\",\"attr\":\"\",\"sku\":\"32925\",\"l2\":\"Boulangerie surgel\u00E9e\",\"sl\":\"panier-de-mini-danoises-aux-pommes-surgelees-bridor-32925\",\"sn\":\"apples, pommes\",\"idxP\":54},{\"mq\":\"Vespucci\",\"nm\":\"Gnocchi pomme de terre surgel\u00E9\",\"nme\":\"Frozen Potato Gnocchi\",\"attr\":\"Produit local\",\"sku\":\"33283\",\"l2\":\"P\u00E2tes surgel\u00E9es\",\"sl\":\"gnocchi-pomme-de-terre-surgele-vespucci-33283\",\"sn\":\"pommes\",\"idxP\":82},{\"mq\":\"Vespucci\",\"nm\":\"Manicotti \u00E9pinard surgel\u00E9\",\"nme\":\"Frozen Spinach Manicotti\",\"attr\":\"Produit local\",\"sku\":\"33277\",\"l2\":\"P\u00E2tes surgel\u00E9es\",\"sl\":\"manicotti-epinard-surgele-vespucci-33277\",\"sn\":\"\u00E9pinards\",\"idxP\":91},{\"mq\":\"Vespucci\",\"nm\":\"Tortellini au fromage surgel\u00E9\",\"nme\":\"Frozen Cheese Tortellini\",\"attr\":\"Produit local\",\"sku\":\"33278\",\"l2\":\"P\u00E2tes surgel\u00E9es\",\"sl\":\"tortellini-au-fromage-surgele-vespucci-33278\",\"sn\":\"fromages\",\"idxP\":77},{\"mq\":\"Vespucci\",\"nm\":\"Tortellini \u00E0 la viande surgel\u00E9\",\"nme\":\"Frozen Meat Tortellini\",\"attr\":\"\",\"sku\":\"33284\",\"l2\":\"P\u00E2tes surgel\u00E9es\",\"sl\":\"tortellini-a-la-viande-surgele-vespucci-33284\",\"sn\":\"\",\"idxP\":70},{\"mq\":\"Flamingo\",\"nm\":\"Lani\u00E8re de poulet cyberbyte surgel\u00E9\",\"nme\":\"Frozen Cyberbyte Breaded Chicken Strip\",\"attr\":\"\",\"sku\":\"32995\",\"l2\":\"Viande surgel\u00E9e\",\"sl\":\"laniere-de-poulet-cyberbyte-surgele-flamingo-32995\",\"sn\":\"\",\"idxP\":52},{\"mq\":\"Vespucci\",\"nm\":\"Mini ravioli \u00E0 la viande surgel\u00E9\",\"nme\":\"Frozen Meat Mini Ravioli\",\"attr\":\"\",\"sku\":\"33285\",\"l2\":\"P\u00E2tes surgel\u00E9es\",\"sl\":\"mini-ravioli-a-la-viande-surgele-vespucci-33285\",\"sn\":\"\",\"idxP\":80},{\"mq\":\"Wong Wing\",\"nm\":\"P\u00E2tes \u00E0 Won Ton surgel\u00E9\",\"nme\":\"Frozen Won Ton Covers\",\"attr\":\"\",\"sku\":\"33690\",\"l2\":\"P\u00E2tisserie surgel\u00E9e\",\"sl\":\"pates-a-won-ton-surgele-wong-wing-33690\",\"sn\":\"\",\"idxP\":90},{\"mq\":\"Beaux G\u00E2teaux\",\"nm\":\"G\u00E2teau for\u00EAt noire surgel\u00E9 12\\\"x17\\\"\",\"nme\":\"Frozen Black Forest Cake 17\\\"\",\"attr\":\"\",\"sku\":\"33625\",\"l2\":\"P\u00E2tisserie surgel\u00E9e\",\"sl\":\"gateau-foret-noire-surgele-12x17-beaux-gateaux-33625\",\"sn\":\"\",\"idxP\":52},{\"mq\":\"Canoa\",\"nm\":\"Pur\u00E9e de mangue surgel\u00E9e\",\"nme\":\"Frozen Mango Puree\",\"attr\":\"\",\"sku\":\"33960\",\"l2\":\"Fruits et pur\u00E9e surgel\u00E9s\",\"sl\":\"puree-de-mangue-surgelee-canoa-33960\",\"sn\":\"mangues\",\"idxP\":63},{\"mq\":\"Ppo\",\"nm\":\"P\u00E2te feuillet\u00E9e en feuilles surgel\u00E9e\",\"nme\":\"Frozen Puff Pastry Sheets\",\"attr\":\"\",\"sku\":\"34673\",\"l2\":\"P\u00E2tisserie surgel\u00E9e\",\"sl\":\"pate-feuilletee-en-feuilles-surgelee-ppo-34673\",\"sn\":\"\",\"idxP\":62},{\"mq\":\"Vespucci\",\"nm\":\"Ravioli \u00E0 la viande surgel\u00E9\",\"nme\":\"Frozen Meat Ravioli\",\"attr\":\"Produit local\",\"sku\":\"34856\",\"l2\":\"P\u00E2tes surgel\u00E9es\",\"sl\":\"ravioli-a-la-viande-surgele-vespucci-34856\",\"sn\":\"\",\"idxP\":81},{\"mq\":\"Skoulakis\",\"nm\":\"Gyros de boeuf surgel\u00E9\",\"nme\":\"Frozen Gyros Beef\",\"attr\":\"Sans gluten\",\"sku\":\"35084\",\"l2\":\"Viande surgel\u00E9e\",\"sl\":\"gyros-de-boeuf-surgele-skoulakis-35084\",\"sn\":\"oeufs\",\"idxP\":62},{\"mq\":\"Novali\",\"nm\":\"Cro\u00FBtes \u00E0 tarte dentel\u00E9es sucr\u00E9es 3\\\" surgel\u00E9es\",\"nme\":\"Frozen Crimped Sweetened Bottom Pie Shell 3\\\"\",\"attr\":\"\",\"sku\":\"31183\",\"l2\":\"P\u00E2tisserie surgel\u00E9e\",\"sl\":\"croutes-a-tarte-dentelees-sucrees-3-surgelees-novali-31183\",\"sn\":\"\",\"idxP\":22},{\"mq\":\"Vespucci\",\"nm\":\"Ravioli au fromage surgel\u00E9\",\"nme\":\"Frozen Cheese Ravioli\",\"attr\":\"\",\"sku\":\"34860\",\"l2\":\"P\u00E2tes surgel\u00E9es\",\"sl\":\"ravioli-au-fromage-surgele-vespucci-34860\",\"sn\":\"fromages\",\"idxP\":72},{\"mq\":\"Vespucci\",\"nm\":\"Tortellini \u00E0 la viande congel\u00E9\",\"nme\":\"Frozen Meat Tortellini\",\"attr\":\"\",\"sku\":\"36123\",\"l2\":\"P\u00E2tes surgel\u00E9es\",\"sl\":\"tortellini-a-la-viande-congele-vespucci-36123\",\"sn\":\"\",\"idxP\":83},{\"mq\":\"Vespucci\",\"nm\":\"Tortellone \u00E0 la viande surgel\u00E9\",\"nme\":\"Frozen Meat Tortellone\",\"attr\":\"\",\"sku\":\"33286\",\"l2\":\"P\u00E2tes surgel\u00E9es\",\"sl\":\"tortellone-a-la-viande-surgele-vespucci-33286\",\"sn\":\"\",\"idxP\":75},{\"mq\":\"Bridor\",\"nm\":\"Panier de mini viennoiseries assorties surgel\u00E9es\",\"nme\":\"Frozen Assorted Mini Pastries Basket\",\"attr\":\"\",\"sku\":\"34564\",\"l2\":\"Boulangerie surgel\u00E9e\",\"sl\":\"panier-de-mini-viennoiseries-assorties-surgelees-bridor-34564\",\"sn\":\"\",\"idxP\":4},{\"mq\":\"Vespucci\",\"nm\":\"Ravioli au fromage congel\u00E9\",\"nme\":\"Frozen Cheese Ravioli\",\"attr\":\"\",\"sku\":\"36125\",\"l2\":\"P\u00E2tes surgel\u00E9es\",\"sl\":\"ravioli-au-fromage-congele-vespucci-36125\",\"sn\":\"fromages\",\"idxP\":76},{\"mq\":\"Beaux G\u00E2teaux\",\"nm\":\"G\u00E2teau \u00E0 la carotte surgel\u00E9 12\\\"x17\\\"\",\"nme\":\"Frozen Carrot Cake 12\\\" x 17 \\\"\",\"attr\":\"\",\"sku\":\"33624\",\"l2\":\"P\u00E2tisserie surgel\u00E9e\",\"sl\":\"gateau-a-la-carotte-surgele-12x17-beaux-gateaux-33624\",\"sn\":\"carottes\",\"idxP\":43},{\"mq\":\"Petite P\u00E2tissi\u00E8re\",\"nm\":\"Boule de p\u00E2te \u00E0 pizza surgel\u00E9\",\"nme\":\"Frozen Pizza Dough Ball\",\"attr\":\"Produit local\",\"sku\":\"35517\",\"l2\":\"Pizza surgel\u00E9e\",\"sl\":\"boule-de-pate-a-pizza-surgele-petite-patissiere-35517\",\"sn\":\"\",\"idxP\":100},{\"mq\":\"Vespucci\",\"nm\":\"Ravioli \u00E0 la viande congel\u00E9\",\"nme\":\"Frozen Meat Ravioli\",\"attr\":\"\",\"sku\":\"36124\",\"l2\":\"P\u00E2tes surgel\u00E9es\",\"sl\":\"ravioli-a-la-viande-congele-vespucci-36124\",\"sn\":\"\",\"idxP\":73},{\"mq\":\"Vespucci\",\"nm\":\"Mini ravioli aux 3 fromages surgel\u00E9\",\"nme\":\"Frozen 3 Cheese Mini Ravioli\",\"attr\":\"\",\"sku\":\"34857\",\"l2\":\"P\u00E2tes surgel\u00E9es\",\"sl\":\"mini-ravioli-aux-3-fromages-surgele-vespucci-34857\",\"sn\":\"fromages\",\"idxP\":80},{\"mq\":\"Casa Morena\",\"nm\":\"Mini arancini margherita surgel\u00E9\",\"nme\":\"Frozen Margherita Mini Arancini\",\"attr\":\"Produit local\",\"sku\":\"37247\",\"l2\":\"Mets surgel\u00E9s\",\"sl\":\"mini-arancini-margherita-surgele-casa-morena-37247\",\"sn\":\"\",\"idxP\":75},{\"mq\":\"Casa Morena\",\"nm\":\"Mini arancini \u00E0 la ricotta surgel\u00E9\",\"nme\":\"Frozen Ricotta Mini Arancini\",\"attr\":\"\",\"sku\":\"37249\",\"l2\":\"Mets surgel\u00E9s\",\"sl\":\"mini-arancini-a-la-ricotta-surgele-casa-morena-37249\",\"sn\":\"\",\"idxP\":52},{\"mq\":\"Novali\",\"nm\":\"M\u00E9lange \u00E0 muffin double chocolat surgel\u00E9\",\"nme\":\"Frozen Double Chocolate Muffin Mix\",\"attr\":\"\",\"sku\":\"38741\",\"l2\":\"P\u00E2tisserie surgel\u00E9e\",\"sl\":\"melange-a-muffin-double-chocolat-surgele-novali-38741\",\"sn\":\"\",\"idxP\":28},{\"mq\":\"Wong Wing\",\"nm\":\"Soupe Won Ton surgel\u00E9e\",\"nme\":\"Frozen Won Ton Soup\",\"attr\":\"\",\"sku\":\"38585\",\"l2\":\"Mets surgel\u00E9s\",\"sl\":\"soupe-won-ton-surgelee-wong-wing-38585\",\"sn\":\"\",\"idxP\":63},{\"mq\":\"Arahova\",\"nm\":\"Porc souvlaki surgel\u00E9\",\"nme\":\"Frozen Pork souvlaki\",\"attr\":\"\",\"sku\":\"39243\",\"l2\":\"Viande surgel\u00E9e\",\"sl\":\"porc-souvlaki-surgele-arahova-39243\",\"sn\":\"\",\"idxP\":33},{\"mq\":\"Hafner\",\"nm\":\"G\u00E2teau \u00E9rable 16\\\" x12 surgel\u00E9\",\"nme\":\"Frozen Maple Cake 12\\\"x16\\\"\",\"attr\":\"\",\"sku\":\"44531\",\"l2\":\"P\u00E2tisserie surgel\u00E9e\",\"sl\":\"gateau-erable-16-x12-surgele-selection-du-patissier-44531\",\"sn\":\"\",\"idxP\":19},{\"mq\":\"Vespucci\",\"nm\":\"Tortellini au fromage congel\u00E9\",\"nme\":\"Frozen Cheese Tortellini\",\"attr\":\"\",\"sku\":\"36126\",\"l2\":\"P\u00E2tes surgel\u00E9es\",\"sl\":\"tortellini-au-fromage-congele-vespucci-36126\",\"sn\":\"fromages\",\"idxP\":89},{\"mq\":\"Villa Ravioli\",\"nm\":\"Rotolo v\u00E9g\u00E9tariens \u00E0 la milanaise surgel\u00E9\",\"nme\":\"Frozen Milanese Vegetarian Rotolo\",\"attr\":\"Produit local\",\"sku\":\"37503\",\"l2\":\"P\u00E2tes surgel\u00E9es\",\"sl\":\"rotolo-vegetariens-a-la-milanaise-surgele-villa-ravioli-37503\",\"sn\":\"\",\"idxP\":40},{\"mq\":\"Beaux G\u00E2teaux\",\"nm\":\"G\u00E2teau \u00E0 la cr\u00E8me \u00E0 l'\u00E9rable surgel\u00E9\",\"nme\":\"Frozen Maple Cream Cake\",\"attr\":\"\",\"sku\":\"36465\",\"l2\":\"P\u00E2tisserie surgel\u00E9e\",\"sl\":\"gateau-a-la-creme-a-lerable-surgele-beaux-gateaux-36465\",\"sn\":\"\",\"idxP\":33},{\"mq\":\"Alasko\",\"nm\":\"Oignons perles surgel\u00E9s\",\"nme\":\"Frozen IQF Pearl Onions\",\"attr\":\"\",\"sku\":\"37506\",\"l2\":\"L\u00E9gumes surgel\u00E9s\",\"sl\":\"oignons-perles-surgeles-alasko-37506\",\"sn\":\"onions, oignons\",\"idxP\":50},{\"mq\":\"Villa Ravioli\",\"nm\":\"Medaglione au veau et prosciutto surgel\u00E9\",\"nme\":\"Frozen Veal Prosciutto Medaglione\",\"attr\":\"Produit local\",\"sku\":\"37525\",\"l2\":\"P\u00E2tes surgel\u00E9es\",\"sl\":\"medaglione-au-veau-et-prosciutto-surgele-villa-ravioli-37525\",\"sn\":\"\",\"idxP\":79},{\"mq\":\"Villa Ravioli\",\"nm\":\"Medaglione 4 fromages surgel\u00E9\",\"nme\":\"Frozen 4 Cheese Medaglione\",\"attr\":\"Produit local\",\"sku\":\"37505\",\"l2\":\"P\u00E2tes surgel\u00E9es\",\"sl\":\"medaglione-4-fromages-surgele-villa-ravioli-37505\",\"sn\":\"fromages\",\"idxP\":63},{\"mq\":\"Villa Ravioli\",\"nm\":\"Mini tortellini au fromage surgel\u00E9\",\"nme\":\"Frozen Cheese Mini Tortellini\",\"attr\":\"Produit local\",\"sku\":\"37526\",\"l2\":\"P\u00E2tes surgel\u00E9es\",\"sl\":\"mini-tortellini-au-fromage-surgele-villa-ravioli-37526\",\"sn\":\"fromages\",\"idxP\":66},{\"mq\":\"Novali\",\"nm\":\"M\u00E9lange \u00E0 muffin bleuet surgel\u00E9\",\"nme\":\"Frozen Blueberri Muffin Mix\",\"attr\":\"\",\"sku\":\"38744\",\"l2\":\"P\u00E2tisserie surgel\u00E9e\",\"sl\":\"melange-a-muffin-bleuet-surgele-novali-38744\",\"sn\":\"\",\"idxP\":25},{\"mq\":\"Casa Morena\",\"nm\":\"Mini arancini aux champignons surgel\u00E9\",\"nme\":\"Frozen Mushroom Mini Arancini\",\"attr\":\"Produit local\",\"sku\":\"37248\",\"l2\":\"Mets surgel\u00E9s\",\"sl\":\"mini-arancini-aux-champignons-surgele-casa-morena-37248\",\"sn\":\"\",\"idxP\":59},{\"mq\":\"Novali\",\"nm\":\"M\u00E9lange \u00E0 muffin pomme et cannelle surgel\u00E9\",\"nme\":\"Frozen Apple and Cinnamon Muffin Mix\",\"attr\":\"\",\"sku\":\"38500\",\"l2\":\"P\u00E2tisserie surgel\u00E9e\",\"sl\":\"melange-a-muffin-pomme-et-cannelle-surgele-novali-38500\",\"sn\":\"apples, pommes\",\"idxP\":11},{\"mq\":\"Novali\",\"nm\":\"M\u00E9lange \u00E0 muffin morceaux de chocolat surgel\u00E9\",\"nme\":\"Frozen Chocolate Chunk Muffin Mix\",\"attr\":\"\",\"sku\":\"38746\",\"l2\":\"P\u00E2tisserie surgel\u00E9e\",\"sl\":\"melange-a-muffin-morceaux-de-chocolat-surgele-novali-38746\",\"sn\":\"\",\"idxP\":18}], [{\"mq\":\"Villa Ravioli\",\"nm\":\"Mini tortellini \u00E0 la viande surgel\u00E9\",\"nme\":\"Frozen Meat Filled Mini Tortellini\",\"attr\":\"Produit local\",\"sku\":\"37504\",\"l2\":\"P\u00E2tes surgel\u00E9es\",\"sl\":\"mini-tortellini-a-la-viande-surgele-villa-ravioli-37504\",\"sn\":\"\",\"idxP\":60},{\"mq\":\"Alasko\",\"nm\":\"Tiges d'asperges surgel\u00E9es\",\"nme\":\"Frozen IQF Asparagus Spears\",\"attr\":\"\",\"sku\":\"41251\",\"l2\":\"L\u00E9gumes surgel\u00E9s\",\"sl\":\"tiges-dasperges-surgelees-alasko-41251\",\"sn\":\"\",\"idxP\":93},{\"mq\":\"Hafner\",\"nm\":\"G\u00E2teau tiramisu 12\\\" x 16\\\" surgel\u00E9\",\"nme\":\"Frozen Tiramisu Cake 12\\\" x 16\\\"\",\"attr\":\"\",\"sku\":\"43967\",\"l2\":\"P\u00E2tisserie surgel\u00E9e\",\"sl\":\"gateau-tiramisu-12-x-16-surgele-selection-du-patissier-43967\",\"sn\":\"\",\"idxP\":24},{\"mq\":\"Novali\",\"nm\":\"M\u00E9lange \u00E0 muffin carotte surgel\u00E9\",\"nme\":\"Frozen Carrot Muffin Mix\",\"attr\":\"\",\"sku\":\"38742\",\"l2\":\"P\u00E2tisserie surgel\u00E9e\",\"sl\":\"melange-a-muffin-carotte-surgele-novali-38742\",\"sn\":\"carottes\",\"idxP\":16},{\"mq\":\"Skoulakis\",\"nm\":\"Pain pita surgel\u00E9\",\"nme\":\"Frozen Pita Bread\",\"attr\":\"\",\"sku\":\"39130\",\"l2\":\"Boulangerie surgel\u00E9e\",\"sl\":\"pain-pita-surgele-skoulakis-39130\",\"sn\":\"\",\"idxP\":90},{\"mq\":\"Hafner\",\"nm\":\"G\u00E2teau \u00E0 la carotte 16\\\" surgel\u00E9\",\"nme\":\"Frozen Carrot Cake 16\\\"\",\"attr\":\"\",\"sku\":\"44534\",\"l2\":\"P\u00E2tisserie surgel\u00E9e\",\"sl\":\"gateau-a-la-carotte-16-surgele-selection-du-patissier-44534\",\"sn\":\"carottes\",\"idxP\":7},{\"mq\":\"Villa Ravioli\",\"nm\":\"P\u00E2tes \u00E0 lasagne congel\u00E9es\",\"nme\":\"Frozen Lasagna Pasta Sheets\",\"attr\":\"Produit local\",\"sku\":\"44359\",\"l2\":\"P\u00E2tes surgel\u00E9es\",\"sl\":\"pates-a-lasagne-congelees-villa-ravioli-44359\",\"sn\":\"\",\"idxP\":62},{\"mq\":\"Hafner\",\"nm\":\"G\u00E2teau New-York 9\\\" surgel\u00E9\",\"nme\":\"Frozen New-York Cheese Cake 9\\\"\",\"attr\":\"\",\"sku\":\"44536\",\"l2\":\"P\u00E2tisserie surgel\u00E9e\",\"sl\":\"gateau-new-york-9-surgele-selection-du-patissier-44536\",\"sn\":\"fromages\",\"idxP\":22},{\"mq\":\"Novali\",\"nm\":\"M\u00E9lange \u00E0 muffin 4 fruits surgel\u00E9\",\"nme\":\"Frozen 4 Fruits Muffin Mix\",\"attr\":\"\",\"sku\":\"38745\",\"l2\":\"P\u00E2tisserie surgel\u00E9e\",\"sl\":\"melange-a-muffin-4-fruits-surgele-novali-38745\",\"sn\":\"\",\"idxP\":23},{\"mq\":\"Vespucci\",\"nm\":\"Ravioli fromage \u00E9pinard surgel\u00E9\",\"nme\":\"Frozen Spinach Cheese Ravioli\",\"attr\":\"Produit local\",\"sku\":\"49427\",\"l2\":\"P\u00E2tes surgel\u00E9es\",\"sl\":\"ravioli-fromage-epinard-surgele-vespucci-49427\",\"sn\":\"\u00E9pinards, fromages\",\"idxP\":82},{\"mq\":\"Schneiders\",\"nm\":\"Boulettes de viande surgel\u00E9e\",\"nme\":\"Frozen Meatballs\",\"attr\":\"\",\"sku\":\"44524\",\"l2\":\"Viande surgel\u00E9e\",\"sl\":\"boulettes-de-viande-surgelee-schneiders-44524\",\"sn\":\"\",\"idxP\":28},{\"mq\":\"Villa Ravioli\",\"nm\":\"Cannelloni au veau sans lactose surgel\u00E9\",\"nme\":\"Frozen Lactose Free Veal Tortellini\",\"attr\":\"Sans lactose, Produit local\",\"sku\":\"46656\",\"l2\":\"P\u00E2tes surgel\u00E9es\",\"sl\":\"cannelloni-au-veau-sans-lactose-surgele-villa-ravioli-46656\",\"sn\":\"\",\"idxP\":47},{\"mq\":\"Hafner\",\"nm\":\"G\u00E2teau brownie 12\\\"x16\\\" surgel\u00E9\",\"nme\":\"Frozen Brownie Cakes 16\\\" x12\",\"attr\":\"\",\"sku\":\"44533\",\"l2\":\"P\u00E2tisserie surgel\u00E9e\",\"sl\":\"gateau-brownie-12x16-surgele-selection-du-patissier-44533\",\"sn\":\"\",\"idxP\":20},{\"mq\":\"Aqua Gems\",\"nm\":\"Crevettes crues pel\u00E9es d\u00E9vein\u00E9es 16\\\/20 surgel\u00E9es\",\"nme\":\"Frozen Raw Shrimps 16\\\/20\",\"attr\":\"\",\"sku\":\"27541\",\"l2\":\"Fruit de mer surgel\u00E9\",\"sl\":\"crevettes-crues-pelees-deveinees-1620-surgelees-aqua-gems-27541\",\"sn\":\"crevettes\",\"idxP\":96},{\"mq\":\"Hafner\",\"nm\":\"Pouding ch\u00F4meur\",\"nme\":\"Poor Man Pudding\",\"attr\":\"\",\"sku\":\"27667\",\"l2\":\"P\u00E2tisserie surgel\u00E9e\",\"sl\":\"pouding-chomeur-selection-du-patissier-27667\",\"sn\":\"\",\"idxP\":13},{\"mq\":\"Sea Horse\",\"nm\":\"Crevettes cuites 70\\\/90 surgel\u00E9es\",\"nme\":\"Frozen 70\\\/90 Cooked Shrimp\",\"attr\":\"\",\"sku\":\"02222\",\"l2\":\"Fruit de mer surgel\u00E9\",\"sl\":\"crevettes-cuites-7090-surgelees-sea-horse-02222\",\"sn\":\"crevettes\",\"idxP\":93},{\"mq\":\"Pearlmark\",\"nm\":\"P\u00E9toncle 150\\\/200 congel\u00E9e\",\"nme\":\"Frozen Scalopp 150\\\/200\",\"attr\":\"\",\"sku\":\"12644\",\"l2\":\"Fruit de mer surgel\u00E9\",\"sl\":\"petoncle-150200-congelee-pearlmark-12644\",\"sn\":\"\",\"idxP\":59},{\"mq\":\"Blue Tide\",\"nm\":\"Filet de tilapia congel\u00E9\",\"nme\":\"Frozen tilapia Fillet\",\"attr\":\"\",\"sku\":\"09859\",\"l2\":\"Poisson surgel\u00E9\",\"sl\":\"filet-de-tilapia-congele-blue-tide-09859\",\"sn\":\"\",\"idxP\":83},{\"mq\":\"El-Mio\",\"nm\":\"Empanadas aux \u00E9pinards congel\u00E9es\",\"nme\":\"Frozen Spinach Empanadas\",\"attr\":\"\",\"sku\":\"11843\",\"l2\":\"Mets surgel\u00E9s\",\"sl\":\"empanadas-aux-epinards-congelees-el-mio-11843\",\"sn\":\"\u00E9pinards\",\"idxP\":36},{\"mq\":\"Coaticook\",\"nm\":\"Cr\u00E8me glac\u00E9e \u00E0 l'ancienne brisures de chocolat\",\"nme\":\"Frozen Chocolate Flakes Old-Style Ice Cream\",\"attr\":\"Aliment du Qu\u00E9bec, Produit local\",\"sku\":\"18803\",\"l2\":\"Cr\u00E8me glac\u00E9e et sorbet\",\"sl\":\"creme-glacee-a-lancienne-brisures-de-chocolat-coaticook-18803\",\"sn\":\"\",\"idxP\":24},{\"mq\":\"El-Mio\",\"nm\":\"Calzone tout garni congel\u00E9\",\"nme\":\"Frozen Calzone All Dressed\",\"attr\":\"\",\"sku\":\"11842\",\"l2\":\"Mets surgel\u00E9s\",\"sl\":\"calzone-tout-garni-congele-el-mio-11842\",\"sn\":\"\",\"idxP\":54},{\"mq\":\"Royal Harbour\",\"nm\":\"Saumon fum\u00E9 norv\u00E9gien surgel\u00E9\",\"nme\":\"Frozen Norwegian Smoked Salmon\",\"attr\":\"\",\"sku\":\"25897\",\"l2\":\"Poisson surgel\u00E9\",\"sl\":\"saumon-fume-norvegien-surgele-royal-harbour-25897\",\"sn\":\"\",\"idxP\":97},{\"mq\":\"Dom\",\"nm\":\"Saumon steelhead fum\u00E9 surgel\u00E9\",\"nme\":\"Frozen Smoked Steelhead Salmon\",\"attr\":\"\",\"sku\":\"32826\",\"l2\":\"Poisson surgel\u00E9\",\"sl\":\"saumon-steelhead-fume-surgele-dom-32826\",\"sn\":\"\",\"idxP\":100},{\"mq\":\"Coaticook\",\"nm\":\"Cr\u00E8me glac\u00E9e vanille\",\"nme\":\"Vanilla Ice Cream\",\"attr\":\"Aliment du Qu\u00E9bec, Produit local\",\"sku\":\"33606\",\"l2\":\"Cr\u00E8me glac\u00E9e et sorbet\",\"sl\":\"creme-glacee-vanille-coaticook-33606\",\"sn\":\"\",\"idxP\":55},{\"mq\":\"Royal Harbour\",\"nm\":\"P\u00E9toncles 80\\\/120 congel\u00E9s\",\"nme\":\"Frozen Scallops 80\\\/120\",\"attr\":\"\",\"sku\":\"12201\",\"l2\":\"Fruit de mer surgel\u00E9\",\"sl\":\"petoncles-80120-congeles-royal-harbour-12201\",\"sn\":\"\",\"idxP\":82},{\"mq\":\"Dom\",\"nm\":\"Escargots au beurre \u00E0 l'ail\",\"nme\":\"Snails with Garlic Butter\",\"attr\":\"\",\"sku\":\"30550\",\"l2\":\"Fruit de mer surgel\u00E9\",\"sl\":\"escargots-au-beurre-a-lail-dom-30550\",\"sn\":\"\",\"idxP\":98},{\"mq\":\"Blue Tide\",\"nm\":\"Imitation de chair de crabe congel\u00E9\",\"nme\":\"Frozen Imitation Crabmeat\",\"attr\":\"\",\"sku\":\"09865\",\"l2\":\"Fruit de mer surgel\u00E9\",\"sl\":\"imitation-de-chair-de-crabe-congele-blue-tide-09865\",\"sn\":\"\",\"idxP\":100},{\"mq\":\"El-Mio\",\"nm\":\"Empanadas mexicaine congel\u00E9es\",\"nme\":\"Frozen Mexican Empanadas\",\"attr\":\"\",\"sku\":\"11853\",\"l2\":\"Mets surgel\u00E9s\",\"sl\":\"empanadas-mexicaine-congelees-el-mio-11853\",\"sn\":\"\",\"idxP\":54},{\"mq\":\"Sea Horse\",\"nm\":\"Crevette crue 31\\\/40 surgel\u00E9e\",\"nme\":\"Frozen Easy Peel Shrimp 31\\\/40\",\"attr\":\"\",\"sku\":\"35452\",\"l2\":\"Fruit de mer surgel\u00E9\",\"sl\":\"crevette-crue-3140-surgelee-sea-horse-35452\",\"sn\":\"crevettes\",\"idxP\":100},{\"mq\":\"High Liner\",\"nm\":\"Moules cultiv\u00E9es cuites en coquille surgel\u00E9s\",\"nme\":\"Frozen Shell-on Cooked Cultured Mussels\",\"attr\":\"\",\"sku\":\"42532\",\"l2\":\"Fruit de mer surgel\u00E9\",\"sl\":\"moules-cultivees-cuites-en-coquille-surgeles-high-liner-42532\",\"sn\":\"moules\",\"idxP\":60},{\"mq\":\"Grizzly\",\"nm\":\"Saumon sockeye fum\u00E9 tranch\u00E9 surgel\u00E9\",\"nme\":\"Frozen Wild Sockeye Sauvage Salmon\",\"attr\":\"Produit local\",\"sku\":\"47806\",\"l2\":\"Poisson surgel\u00E9\",\"sl\":\"saumon-sockeye-fume-tranche-surgele-grizzly-47806\",\"sn\":\"\",\"idxP\":75},{\"mq\":\"Sea Ray\",\"nm\":\"Tubes de calmar surgel\u00E9\",\"nme\":\"Frozen Squid Tubes\",\"attr\":\"\",\"sku\":\"41555\",\"l2\":\"Fruit de mer surgel\u00E9\",\"sl\":\"tubes-de-calmar-surgele-sea-ray-41555\",\"sn\":\"\",\"idxP\":71},{\"mq\":\"Blue Tide\",\"nm\":\"Rondelles de calmar congel\u00E9es\",\"nme\":\"Frozen Squid Rings\",\"attr\":\"\",\"sku\":\"09855\",\"l2\":\"Fruit de mer surgel\u00E9\",\"sl\":\"rondelles-de-calmar-congelees-blue-tide-09855\",\"sn\":\"\",\"idxP\":89},{\"mq\":\"Anchors Bay\",\"nm\":\"M\u00E9lange de fruit de mer congel\u00E9\",\"nme\":\"Frozen Medley Seafood\",\"attr\":\"\",\"sku\":\"10103\",\"l2\":\"Fruit de mer surgel\u00E9\",\"sl\":\"melange-de-fruit-de-mer-congele-anchors-bay-10103\",\"sn\":\"\",\"idxP\":82},{\"mq\":\"Sea Horse\",\"nm\":\"Crevettes cuites 30\\\/40 surgel\u00E9es\",\"nme\":\"Frozen Cooked Shrimps 30\\\/40\",\"attr\":\"\",\"sku\":\"53012\",\"l2\":\"Fruit de mer surgel\u00E9\",\"sl\":\"crevettes-cuites-3040-surgelees-sea-horse-53012\",\"sn\":\"crevettes\",\"idxP\":84},{\"mq\":\"Oceanic\",\"nm\":\"Crevettes crues roses d'Argentine 16\\\/20 surgel\u00E9es\",\"nme\":\"Frozen Argentina Pink Shrimp 16\\\/20\",\"attr\":\"\",\"sku\":\"04701\",\"l2\":\"Fruit de mer surgel\u00E9\",\"sl\":\"crevettes-crues-roses-dargentine-1620-surgelees-oceanic-04701\",\"sn\":\"crevettes\",\"idxP\":100},{\"mq\":\"Red&blue\",\"nm\":\"Poulpe entier nettoy\u00E9 26\\\/40 congel\u00E9\",\"nme\":\"Frozen Whole Cleaned Octopus 26\\\/40\",\"attr\":\"\",\"sku\":\"15482\",\"l2\":\"Fruit de mer surgel\u00E9\",\"sl\":\"poulpe-entier-nettoye-2640-congele-redblue-15482\",\"sn\":\"\",\"idxP\":55},{\"mq\":\"Grizzly\",\"nm\":\"Saumon coho fum\u00E9 tranch\u00E9 surgel\u00E9\",\"nme\":\"Frozen Sliced Smoked Coho Salmon\",\"attr\":\"Produit local\",\"sku\":\"34401\",\"l2\":\"Poisson surgel\u00E9\",\"sl\":\"saumon-coho-fume-tranche-surgele-grizzly-34401\",\"sn\":\"\",\"idxP\":68},{\"mq\":\"El-Mio\",\"nm\":\"Empanadas au saucisse forte congel\u00E9es\",\"nme\":\"Frozen Hot Sausage Empanadas\",\"attr\":\"\",\"sku\":\"11908\",\"l2\":\"Mets surgel\u00E9s\",\"sl\":\"empanadas-au-saucisse-forte-congelees-el-mio-11908\",\"sn\":\"\",\"idxP\":37},{\"mq\":\"Pearlmark\",\"nm\":\"Queues de langoustine 31\\\/40 surgel\u00E9es\",\"nme\":\"Frozen Scampi Tails 31\\\/40\",\"attr\":\"\",\"sku\":\"45456\",\"l2\":\"Fruit de mer surgel\u00E9\",\"sl\":\"queues-de-langoustine-3140-surgelees-pearlmark-45456\",\"sn\":\"langoustines\",\"idxP\":81},{\"mq\":\"El-Mio\",\"nm\":\"Empanadas aux 3 fromages congel\u00E9es\",\"nme\":\"Frozen 3 Cheese Empanadas\",\"attr\":\"\",\"sku\":\"11918\",\"l2\":\"Mets surgel\u00E9s\",\"sl\":\"empanadas-aux-3-fromages-congelees-el-mio-11918\",\"sn\":\"fromages\",\"idxP\":43},{\"mq\":\"Anchors Bay\",\"nm\":\"Chair de palourde surgel\u00E9e\",\"nme\":\"Frozen Clam Meat\",\"attr\":\"\",\"sku\":\"36634\",\"l2\":\"Fruit de mer surgel\u00E9\",\"sl\":\"chair-de-palourde-surgelee-anchors-bay-36634\",\"sn\":\"\",\"idxP\":100},{\"mq\":\"Buffet\",\"nm\":\"Saumon fum\u00E9 norv\u00E9gien surgel\u00E9\",\"nme\":\"Frozen Norwegian Smoked Salmon\",\"attr\":\"\",\"sku\":\"32202\",\"l2\":\"Poisson surgel\u00E9\",\"sl\":\"saumon-fume-norvegien-surgele-buffet-32202\",\"sn\":\"\",\"idxP\":59},{\"mq\":\"Pearlmark\",\"nm\":\"Queues de langoustine 26\\\/30 surgel\u00E9es\",\"nme\":\"Frozen Scampi Tails 26\\\/30\",\"attr\":\"\",\"sku\":\"17004\",\"l2\":\"Fruit de mer surgel\u00E9\",\"sl\":\"queues-de-langoustine-2630-surgelees-pearlmark-17004\",\"sn\":\"langoustines\",\"idxP\":46},{\"mq\":\"Coaticook\",\"nm\":\"Cr\u00E8me glac\u00E9e \u00E9rable et noix\",\"nme\":\"Maple Walnut Ice Cream\",\"attr\":\"Aliment du Qu\u00E9bec, Produit local\",\"sku\":\"33607\",\"l2\":\"Cr\u00E8me glac\u00E9e et sorbet\",\"sl\":\"creme-glacee-erable-et-noix-coaticook-33607\",\"sn\":\"\",\"idxP\":25},{\"mq\":\"El-Mio\",\"nm\":\"Empanadas au b\u0153uf congel\u00E9es\",\"nme\":\"Frozen Beef Empanadas\",\"attr\":\"\",\"sku\":\"11916\",\"l2\":\"Mets surgel\u00E9s\",\"sl\":\"empanadas-au-buf-congelees-el-mio-11916\",\"sn\":\"\",\"idxP\":61},{\"mq\":\"El-Mio\",\"nm\":\"Empanadas au poulet congel\u00E9es\",\"nme\":\"Frozen Chicken Empanadas\",\"attr\":\"\",\"sku\":\"11907\",\"l2\":\"Mets surgel\u00E9s\",\"sl\":\"empanadas-au-poulet-congelees-el-mio-11907\",\"sn\":\"\",\"idxP\":56},{\"mq\":\"Coaticook\",\"nm\":\"Cr\u00E8me glac\u00E9e marbr\u00E9e au caramel\",\"nme\":\"Fudge Ice Cream\",\"attr\":\"Aliment du Qu\u00E9bec, Produit local\",\"sku\":\"33610\",\"l2\":\"Cr\u00E8me glac\u00E9e et sorbet\",\"sl\":\"creme-glacee-marbree-au-caramel-coaticook-33610\",\"sn\":\"\",\"idxP\":34},{\"mq\":\"Coaticook\",\"nm\":\"Cr\u00E8me glac\u00E9e sucre d'\u00E9rable\",\"nme\":\"Maple Sugar Ice Cream\",\"attr\":\"Aliment du Qu\u00E9bec, Produit local\",\"sku\":\"33612\",\"l2\":\"Cr\u00E8me glac\u00E9e et sorbet\",\"sl\":\"creme-glacee-sucre-derable-coaticook-33612\",\"sn\":\"\",\"idxP\":29},{\"mq\":\"Coaticook\",\"nm\":\"Cr\u00E8me glac\u00E9e chocolat\",\"nme\":\"Chocolate Ice Cream\",\"attr\":\"Aliment du Qu\u00E9bec, Produit local\",\"sku\":\"33615\",\"l2\":\"Cr\u00E8me glac\u00E9e et sorbet\",\"sl\":\"creme-glacee-chocolat-coaticook-33615\",\"sn\":\"\",\"idxP\":34},{\"mq\":\"Coaticook\",\"nm\":\"Cr\u00E8me glac\u00E9e cerise noire\",\"nme\":\"Black Cherry Ice Cream\",\"attr\":\"Aliment du Qu\u00E9bec, Produit local\",\"sku\":\"33616\",\"l2\":\"Cr\u00E8me glac\u00E9e et sorbet\",\"sl\":\"creme-glacee-cerise-noire-coaticook-33616\",\"sn\":\"\",\"idxP\":27},{\"mq\":\"Coaticook\",\"nm\":\"Cr\u00E8me glac\u00E9e double chocolat\",\"nme\":\"Double Chocolate Ice Cream\",\"attr\":\"Aliment du Qu\u00E9bec, Produit local\",\"sku\":\"33611\",\"l2\":\"Cr\u00E8me glac\u00E9e et sorbet\",\"sl\":\"creme-glacee-double-chocolat-coaticook-33611\",\"sn\":\"\",\"idxP\":26},{\"mq\":\"Sea Horse\",\"nm\":\"Crevettes pel\u00E9es cuites 110\\\/130\",\"nme\":\"Cooked Peeled Shrimps 110\\\/130\",\"attr\":\"\",\"sku\":\"53116\",\"l2\":\"Fruit de mer surgel\u00E9\",\"sl\":\"crevettes-pelees-cuites-110130-sea-horse-53116\",\"sn\":\"crevettes\",\"idxP\":86},{\"mq\":\"Casa Morena\",\"nm\":\"Bouch\u00E9es de noisette\",\"nme\":\"Hazel Bites\",\"attr\":\"\",\"sku\":\"27583\",\"l2\":\"Boulangerie surgel\u00E9e\",\"sl\":\"bouchees-de-noisette-casa-morena-27583\",\"sn\":\"\",\"idxP\":8},{\"mq\":\"Anchors Bay\",\"nm\":\"Chair de moule pr\u00E9-cuite surgel\u00E9\",\"nme\":\"Frozen Pre Cooked Mussel Meat\",\"attr\":\"\",\"sku\":\"25837\",\"l2\":\"Fruit de mer surgel\u00E9\",\"sl\":\"chair-de-moule-pre-cuite-surgele-anchors-bay-25837\",\"sn\":\"moules\",\"idxP\":100},{\"mq\":\"Maple Lodge\",\"nm\":\"Burgers de poulet pan\u00E9s cuits halal surgel\u00E9s\",\"nme\":\"Frozen Halal Cooked Breaded Chicken Burgers\",\"attr\":\"\",\"sku\":\"27992\",\"l2\":\"Viande surgel\u00E9e\",\"sl\":\"burgers-de-poulet-panes-cuits-halal-surgeles-maple-lodge-27992\",\"sn\":\"\",\"idxP\":61},{\"mq\":\"Maple Lodge\",\"nm\":\"P\u00E9pites de poulet cuit halal surgel\u00E9es\",\"nme\":\"Frozen Halal Chicken Cooked Nuggets\",\"attr\":\"\",\"sku\":\"27994\",\"l2\":\"Viande surgel\u00E9e\",\"sl\":\"pepites-de-poulet-cuit-halal-surgelees-maple-lodge-27994\",\"sn\":\"\",\"idxP\":62},{\"mq\":\"Maple Lodge\",\"nm\":\"Frites de poulet cuites halal surgel\u00E9es\",\"nme\":\"Frozen Halal Cooked Chicken Fries\",\"attr\":\"\",\"sku\":\"27989\",\"l2\":\"Viande surgel\u00E9e\",\"sl\":\"frites-de-poulet-cuites-halal-surgelees-maple-lodge-27989\",\"sn\":\"\",\"idxP\":29},{\"mq\":\"Maple Lodge\",\"nm\":\"Languettes de poulet cuit halal surgel\u00E9es\",\"nme\":\"Frozen Halal Chicken Cooked Breaded Stripes\",\"attr\":\"\",\"sku\":\"27993\",\"l2\":\"Viande surgel\u00E9e\",\"sl\":\"languettes-de-poulet-cuit-halal-surgelees-maple-lodge-27993\",\"sn\":\"\",\"idxP\":51},{\"mq\":\"High Liner\",\"nm\":\"Filet de Sole cuit et pan\u00E9 surgel\u00E9\",\"nme\":\"Frozen Sole Fillet cooked breaded\",\"attr\":\"\",\"sku\":\"46570\",\"l2\":\"Poisson surgel\u00E9\",\"sl\":\"filet-de-sole-cuit-et-pane-surgele-high-liner-46570\",\"sn\":\"\",\"idxP\":42},{\"mq\":\"Beyond Meat\",\"nm\":\"Burgers \u00E0 base de plantes CG\",\"nme\":\"Frozen Plant-Based Burgers\",\"attr\":\"\",\"sku\":\"28049\",\"l2\":\"Mets surgel\u00E9s\",\"sl\":\"burgers-a-base-de-plantes-cg-beyond-meat-28049\",\"sn\":\"\",\"idxP\":36},{\"mq\":\"Fruits de mer Qu\u00E9bec\",\"nm\":\"Coquille gratin des \u00EEles surgel\u00E9e\",\"nme\":\"Frozen Island Shell au Gratin\",\"attr\":\"Aliment du Qu\u00E9bec, Produit local\",\"sku\":\"28345\",\"l2\":\"Fruit de mer surgel\u00E9\",\"sl\":\"coquille-gratin-des-iles-surgelee-fruits-de-mer-quebec-28345\",\"sn\":\"\",\"idxP\":50},{\"mq\":\"Fruits de mer Qu\u00E9bec\",\"nm\":\"Filet de turbot surgel\u00E9\",\"nme\":\"Frozen Turbot Fillet\",\"attr\":\"Aliment du Qu\u00E9bec, Produit local\",\"sku\":\"28351\",\"l2\":\"Poisson surgel\u00E9\",\"sl\":\"filet-de-turbot-surgele-fruits-de-mer-quebec-28351\",\"sn\":\"\",\"idxP\":22},{\"mq\":\"Fruits de mer Qu\u00E9bec\",\"nm\":\"P\u00E9toncle 40-60 surgel\u00E9\",\"nme\":\"Frozen Scallop 40-60\",\"attr\":\"\",\"sku\":\"28353\",\"l2\":\"Fruit de mer surgel\u00E9\",\"sl\":\"petoncle-40-60-surgele-fruits-de-mer-quebec-28353\",\"sn\":\"\",\"idxP\":19},{\"mq\":\"Fruits de mer Qu\u00E9bec\",\"nm\":\"Morue de l'Atlantique surgel\u00E9e\",\"nme\":\"Frozen Cod from Atlantic\",\"attr\":\"Aliment du Qu\u00E9bec, Produit local\",\"sku\":\"28352\",\"l2\":\"Poisson surgel\u00E9\",\"sl\":\"morue-de-latlantique-surgelee-fruits-de-mer-quebec-28352\",\"sn\":\"\",\"idxP\":22},{\"mq\":\"High Liner\",\"nm\":\"B\u00E2tonnets de goberge pan\u00E9s surgel\u00E9s\",\"nme\":\"Frozen Pollock stick\",\"attr\":\"\",\"sku\":\"22183\",\"l2\":\"Poisson surgel\u00E9\",\"sl\":\"batonnets-de-goberge-panes-surgeles-high-liner-22183\",\"sn\":\"\",\"idxP\":44},{\"mq\":\"Au p'tit March\u00E9\",\"nm\":\"Chaudr\u00E9e de fruits de mer\",\"nme\":\"Seafood Chowder\",\"attr\":\"Produit local\",\"sku\":\"53054\",\"l2\":\"Mets surgel\u00E9s\",\"sl\":\"chaudree-de-fruits-de-mer-au-ptit-marche-53054\",\"sn\":\"\",\"idxP\":45},{\"mq\":\"Au p'tit March\u00E9\",\"nm\":\"Soupe \u00E0 l'oignon congel\u00E9e\",\"nme\":\"Frozen Onion Soup\",\"attr\":\"Produit local\",\"sku\":\"52210\",\"l2\":\"Mets surgel\u00E9s\",\"sl\":\"soupe-a-loignon-congelee-au-ptit-marche-52210\",\"sn\":\"onions, oignons\",\"idxP\":22},{\"mq\":\"Au p'tit March\u00E9\",\"nm\":\"Chaudr\u00E9e de palourdes\",\"nme\":\"Clam Chowder\",\"attr\":\"Produit local\",\"sku\":\"53055\",\"l2\":\"Mets surgel\u00E9s\",\"sl\":\"chaudree-de-palourdes-au-ptit-marche-53055\",\"sn\":\"\",\"idxP\":28},{\"mq\":\"Bridor\",\"nm\":\"Croissants courb\u00E9s pr\u00EAt-\u00E0-cuire surgel\u00E9s\",\"nme\":\"Frozen Ready to Cook Curved Croissant\",\"attr\":\"\",\"sku\":\"28383\",\"l2\":\"Boulangerie surgel\u00E9e\",\"sl\":\"croissants-courbes-pret-a-cuire-surgeles-bridor-28383\",\"sn\":\"croissants\",\"idxP\":90},{\"mq\":\"Mayrand CHEF\",\"nm\":\"Poitrine de boeuf fum\u00E9e\",\"nme\":\"Smoked Meat Breast\",\"attr\":\"\",\"sku\":\"29565\",\"l2\":\"Viande surgel\u00E9e\",\"sl\":\"poitrine-de-boeuf-fumee-mayrand-chef-29565\",\"sn\":\"oeufs\",\"idxP\":10},{\"mq\":\"Anchors Bay\",\"nm\":\"Cuisses de grenouilles 13\\\/15 surgel\u00E9es\",\"nme\":\"Frozen Leg Frog 13\\\/15\",\"attr\":\"\",\"sku\":\"29625\",\"l2\":\"Fruit de mer surgel\u00E9\",\"sl\":\"cuisses-de-grenouilles-1315-surgelees-anchors-bay-29625\",\"sn\":\"\",\"idxP\":71},{\"mq\":\"Below Zero\",\"nm\":\"Fruit m\u00E9lang\u00E9 mure framboise bleuet surgel\u00E9\",\"nme\":\"Frozen Blackberry Raspberry and Blueberry Fruits\",\"attr\":\"\",\"sku\":\"29654\",\"l2\":\"Fruits et pur\u00E9e surgel\u00E9s\",\"sl\":\"fruit-melange-mure-framboise-bleuet-surgele-below-zero-29654\",\"sn\":\"\",\"idxP\":65},{\"mq\":\"Below Zero\",\"nm\":\"Fruits m\u00E9lang\u00E9s peche mangue banane ananas surgel\u00E9\",\"nme\":\"Frozen Peach Mango pineapple and Banana Fruit Mix\",\"attr\":\"\",\"sku\":\"29655\",\"l2\":\"Fruits et pur\u00E9e surgel\u00E9s\",\"sl\":\"fruits-melanges-peche-mangue-banane-ananas-surgele-below-zero-29655\",\"sn\":\"\",\"idxP\":29},{\"mq\":\"Below Zero\",\"nm\":\"Rapini coup\u00E9 surgel\u00E9\",\"nme\":\"Frozen Cut Rappini\",\"attr\":\"\",\"sku\":\"29652\",\"l2\":\"L\u00E9gumes surgel\u00E9s\",\"sl\":\"rapini-coupe-surgele-below-zero-29652\",\"sn\":\"\",\"idxP\":100},{\"mq\":\"Below Zero\",\"nm\":\"Fraise enti\u00E8re surgel\u00E9e\",\"nme\":\"Frozen Whole Strawberry\",\"attr\":\"\",\"sku\":\"29653\",\"l2\":\"Fruits et pur\u00E9e surgel\u00E9s\",\"sl\":\"fraise-entiere-surgelee-below-zero-29653\",\"sn\":\"fraises\",\"idxP\":100},{\"mq\":\"Grizzly\",\"nm\":\"Saumon fum\u00E9 en flocon congel\u00E9\",\"nme\":\"Frozen Trims Wild Salmon\",\"attr\":\"Produit local\",\"sku\":\"06792\",\"l2\":\"Poisson surgel\u00E9\",\"sl\":\"saumon-fume-en-flocon-congele-grizzly-06792\",\"sn\":\"\",\"idxP\":43},{\"mq\":\"Salaison Alpha\",\"nm\":\"Galette de boeuf crue 4oz congel\u00E9e\",\"nme\":\"Frozen Raw Beef Patties\",\"attr\":\"\",\"sku\":\"11174\",\"l2\":\"Viande surgel\u00E9e\",\"sl\":\"galette-de-boeuf-crue-4oz-congelee-salaison-alpha-11174\",\"sn\":\"oeufs\",\"idxP\":58},{\"mq\":\"Anchors Bay\",\"nm\":\"Cuisses de grenouilles 8\\\/12 surgel\u00E9es\",\"nme\":\"Frozen Leg Frog 8\\\/12\",\"attr\":\"\",\"sku\":\"21112\",\"l2\":\"Fruit de mer surgel\u00E9\",\"sl\":\"cuisses-de-grenouilles-812-surgelees-anchors-bay-21112\",\"sn\":\"\",\"idxP\":66},{\"mq\":\"Janes\",\"nm\":\"Filet de sole pan\u00E9 surgel\u00E9\",\"nme\":\"Frozen Breaded Sole Fillet\",\"attr\":\"\",\"sku\":\"28309\",\"l2\":\"Poisson surgel\u00E9\",\"sl\":\"filet-de-sole-pane-surgele-janes-28309\",\"sn\":\"\",\"idxP\":59},{\"mq\":\"Aegean\",\"nm\":\"Anchois surgel\u00E9\",\"nme\":\"Frozen Anchovy\",\"attr\":\"\",\"sku\":\"22129\",\"l2\":\"Poisson surgel\u00E9\",\"sl\":\"anchois-surgele-aegean-22129\",\"sn\":\"\",\"idxP\":86},{\"mq\":\"Blue Tide\",\"nm\":\"Pangasius darne surgel\u00E9\",\"nme\":\"Frozen Pangasius Steak\",\"attr\":\"\",\"sku\":\"41784\",\"l2\":\"Poisson surgel\u00E9\",\"sl\":\"pangasius-darne-surgele-blue-tide-41784\",\"sn\":\"\",\"idxP\":87},{\"mq\":\"Pearlmark\",\"nm\":\"Filet de morue bleue 4oz surgel\u00E9\",\"nme\":\"Frozen Blue Cod Fillet 4oz\",\"attr\":\"\",\"sku\":\"43977\",\"l2\":\"Poisson surgel\u00E9\",\"sl\":\"filet-de-morue-bleue-4oz-surgele-pearlmark-43977\",\"sn\":\"\",\"idxP\":19},{\"nm\":\"Filet de goberge congel\u00E9 CA\",\"nme\":\"Frozen Pollock Fillet CA\",\"attr\":\"\",\"sku\":\"54030\",\"l2\":\"Poisson surgel\u00E9\",\"sl\":\"filet-de-goberge-congele-ca-54030\",\"sn\":\"\",\"idxP\":25},{\"mq\":\"Sea Horse\",\"nm\":\"Merlan sans t\u00EAte d'Argentine congel\u00E9\",\"nme\":\"Frozen Headless Whiting from Argentina\",\"attr\":\"\",\"sku\":\"18651\",\"l2\":\"Poisson surgel\u00E9\",\"sl\":\"merlan-sans-tete-dargentine-congele-sea-horse-18651\",\"sn\":\"\",\"idxP\":94},{\"mq\":\"Alasko\",\"nm\":\"Chou de bruxelle surgel\u00E9\",\"nme\":\"Frozen Sprout Brussels\",\"attr\":\"\",\"sku\":\"28290\",\"l2\":\"L\u00E9gumes surgel\u00E9s\",\"sl\":\"chou-de-bruxelle-surgele-alasko-28290\",\"sn\":\"\",\"idxP\":91},{\"mq\":\"Aegean\",\"nm\":\"Sardine surgel\u00E9e\",\"nme\":\"Frozen Sardine\",\"attr\":\"\",\"sku\":\"22130\",\"l2\":\"Poisson surgel\u00E9\",\"sl\":\"sardine-surgelee-aegean-22130\",\"sn\":\"\",\"idxP\":48},{\"mq\":\"Toppits\",\"nm\":\"Crevette crue sur brochette surgel\u00E9e x5\",\"nme\":\"Frozen Shrimp Skewers x5\",\"attr\":\"\",\"sku\":\"28047\",\"l2\":\"Fruit de mer surgel\u00E9\",\"sl\":\"crevette-crue-sur-brochette-surgelee-x5-toppits-28047\",\"sn\":\"crevettes\",\"idxP\":20},{\"mq\":\"Blue Tide\",\"nm\":\"Sardine large surgel\u00E9e\",\"nme\":\"Frozen Large Sardine\",\"attr\":\"\",\"sku\":\"31156\",\"l2\":\"Poisson surgel\u00E9\",\"sl\":\"sardine-large-surgelee-blue-tide-31156\",\"sn\":\"\",\"idxP\":94},{\"mq\":\"Cavendish\",\"nm\":\"Pomme de terre pour d\u00E9jeuner surgel\u00E9\",\"nme\":\"Frozen Breakfast Potato\",\"attr\":\"\",\"sku\":\"35521\",\"l2\":\"L\u00E9gumes surgel\u00E9s\",\"sl\":\"pomme-de-terre-pour-dejeuner-surgele-cavendish-35521\",\"sn\":\"\",\"idxP\":100},{\"mq\":\"Premi\u00E8re Moisson\",\"nm\":\"Pain baguette congel\u00E9\",\"nme\":\"Frozen Baguette Bread\",\"attr\":\"\",\"sku\":\"09647\",\"l2\":\"Boulangerie surgel\u00E9e\",\"sl\":\"pain-baguette-congele-premiere-moisson-09647\",\"sn\":\"\",\"idxP\":86},{\"mq\":\"Anchors Bay\",\"nm\":\"Crevette crue 26\\\/30 Easy Peel surgel\u00E9e\",\"nme\":\"Frozen Easy Peel Shrimp 26\\\/30\",\"attr\":\"\",\"sku\":\"29916\",\"l2\":\"Fruit de mer surgel\u00E9\",\"sl\":\"crevette-crue-2630-easy-peel-surgelee-anchors-bay-29916\",\"sn\":\"crevettes\",\"idxP\":75},{\"mq\":\"Mayrand CHEF\",\"nm\":\"Saucisse porc et boeuf surgel\u00E9e\",\"nme\":\"Frozen Pork and Beef Sausage\",\"attr\":\"\",\"sku\":\"30452\",\"l2\":\"Viande surgel\u00E9e\",\"sl\":\"saucisse-porc-et-boeuf-surgelee-mayrand-chef-30452\",\"sn\":\"oeufs\",\"idxP\":48},{\"mq\":\"Ocean Jewel\",\"nm\":\"M\u00E9lange de fruits de mer congel\u00E9\",\"nme\":\"Frozen seafood mix\",\"attr\":\"\",\"sku\":\"30847\",\"l2\":\"Fruit de mer surgel\u00E9\",\"sl\":\"melange-de-fruits-de-mer-congele-ocean-jewel-30847\",\"sn\":\"\",\"idxP\":56},{\"mq\":\"Grizzly\",\"nm\":\"Tartare au saumon classique surgel\u00E9\",\"nme\":\"Frozen classic salmon tartare\",\"attr\":\"Sans gluten, Produit local\",\"sku\":\"30543\",\"l2\":\"Poisson surgel\u00E9\",\"sl\":\"tartare-au-saumon-classique-surgele-grizzly-30543\",\"sn\":\"\",\"idxP\":27},{\"mq\":\"Ocean Jewel\",\"nm\":\"Palourde en coquille blanche cuite congel\u00E9e\",\"nme\":\"Frozen clams cooked in a white shell\",\"attr\":\"\",\"sku\":\"30846\",\"l2\":\"Fruit de mer surgel\u00E9\",\"sl\":\"palourde-en-coquille-blanche-cuite-congelee-ocean-jewel-30846\",\"sn\":\"\",\"idxP\":72},{\"mq\":\"Chapman\",\"nm\":\"Yogourt glac\u00E9 chocolat\",\"nme\":\"Frozen chocolate yogourt\",\"attr\":\"Produit local\",\"sku\":\"31220\",\"l2\":\"Cr\u00E8me glac\u00E9e et sorbet\",\"sl\":\"yogourt-glace-chocolat-chapman-31220\",\"sn\":\"\",\"idxP\":9},{\"mq\":\"Chapman\",\"nm\":\"Cr\u00E8me glac\u00E9e \u00E0 la vanille en carton\",\"nme\":\"Vanilla carton ice cream\",\"attr\":\"Produit local\",\"sku\":\"31217\",\"l2\":\"Cr\u00E8me glac\u00E9e et sorbet\",\"sl\":\"creme-glacee-a-la-vanille-en-carton-chapman-31217\",\"sn\":\"\",\"idxP\":16},{\"mq\":\"Grizzly\",\"nm\":\"Tartare au thon et marinade asiatique surgel\u00E9\",\"nme\":\"Frozen tuna tartare and asian style marinade\",\"attr\":\"Sans gluten, Produit local\",\"sku\":\"30546\",\"l2\":\"Poisson surgel\u00E9\",\"sl\":\"tartare-au-thon-et-marinade-asiatique-surgele-grizzly-30546\",\"sn\":\"\",\"idxP\":29},{\"mq\":\"Ocean Jewel\",\"nm\":\"Calmar tubes&tentacules congel\u00E9\",\"nme\":\"Frozen squid tubes&tentacles\",\"attr\":\"\",\"sku\":\"30848\",\"l2\":\"Fruit de mer surgel\u00E9\",\"sl\":\"calmar-tubestentacules-congele-ocean-jewel-30848\",\"sn\":\"\",\"idxP\":32},{\"mq\":\"Chapman\",\"nm\":\"Cr\u00E8me glac\u00E9e au chocolat dans un carton\",\"nme\":\"Chocolate ice cream in a carton\",\"attr\":\"Produit local\",\"sku\":\"31219\",\"l2\":\"Cr\u00E8me glac\u00E9e et sorbet\",\"sl\":\"creme-glacee-au-chocolat-dans-un-carton-chapman-31219\",\"sn\":\"\",\"idxP\":8},{\"mq\":\"Festin\",\"nm\":\"Cr\u00E8me glac\u00E9e napolitaine\",\"nme\":\"Neapolitain ice cream\",\"attr\":\"Produit local\",\"sku\":\"31202\",\"l2\":\"Cr\u00E8me glac\u00E9e et sorbet\",\"sl\":\"creme-glacee-napolitaine-festin-31202\",\"sn\":\"\",\"idxP\":40},{\"mq\":\"Chapman\",\"nm\":\"Cr\u00E8me glac\u00E9e napolitaine en carton\",\"nme\":\"Neapolitan carton ice cream\",\"attr\":\"Produit local\",\"sku\":\"31218\",\"l2\":\"Cr\u00E8me glac\u00E9e et sorbet\",\"sl\":\"creme-glacee-napolitaine-en-carton-chapman-31218\",\"sn\":\"\",\"idxP\":12},{\"mq\":\"Festin\",\"nm\":\"Cr\u00E8me glac\u00E9e au chocolat\",\"nme\":\"Chocolate ice cream\",\"attr\":\"Produit local\",\"sku\":\"31201\",\"l2\":\"Cr\u00E8me glac\u00E9e et sorbet\",\"sl\":\"creme-glacee-au-chocolat-festin-31201\",\"sn\":\"\",\"idxP\":41},{\"mq\":\"Festin\",\"nm\":\"Cr\u00E8me glac\u00E9e \u00E0 la vanille\",\"nme\":\"Vanilla ice cream\",\"attr\":\"Produit local\",\"sku\":\"31203\",\"l2\":\"Cr\u00E8me glac\u00E9e et sorbet\",\"sl\":\"creme-glacee-a-la-vanille-festin-31203\",\"sn\":\"\",\"idxP\":66},{\"mq\":\"Festin\",\"nm\":\"Cr\u00E8me glac\u00E9e aux fraises\",\"nme\":\"Strawberry Ice Cream\",\"attr\":\"Produit local\",\"sku\":\"31198\",\"l2\":\"Cr\u00E8me glac\u00E9e et sorbet\",\"sl\":\"creme-glacee-aux-fraises-festin-31198\",\"sn\":\"fraises\",\"idxP\":31},{\"mq\":\"Festin\",\"nm\":\"Cr\u00E8me glac\u00E9e au chocolat\",\"nme\":\"Chocolate Ice Cream\",\"attr\":\"Produit local\",\"sku\":\"31199\",\"l2\":\"Cr\u00E8me glac\u00E9e et sorbet\",\"sl\":\"creme-glacee-au-chocolat-festin-31199\",\"sn\":\"\",\"idxP\":38},{\"mq\":\"Janes\",\"nm\":\"Lani\u00E8re de poulet pan\u00E9e et cuite surgel\u00E9e\",\"nme\":\"Frozen Breaded Cooked Chicken Strip\",\"attr\":\"\",\"sku\":\"31415\",\"l2\":\"Viande surgel\u00E9e\",\"sl\":\"laniere-de-poulet-panee-et-cuite-surgelee-janes-31415\",\"sn\":\"\",\"idxP\":78},{\"mq\":\"Janes\",\"nm\":\"Burger de poulet pan\u00E9 et cuit surgel\u00E9\",\"nme\":\"Frozen Breaded Cooked Chicken Bruger\",\"attr\":\"\",\"sku\":\"31417\",\"l2\":\"Viande surgel\u00E9e\",\"sl\":\"burger-de-poulet-pane-et-cuit-surgele-janes-31417\",\"sn\":\"\",\"idxP\":64},{\"mq\":\"Festin\",\"nm\":\"Cr\u00E8me glac\u00E9e \u00E0 la vanille\",\"nme\":\"Vanilla Ice Cream\",\"attr\":\"Produit local\",\"sku\":\"31184\",\"l2\":\"Cr\u00E8me glac\u00E9e et sorbet\",\"sl\":\"creme-glacee-a-la-vanille-festin-31184\",\"sn\":\"\",\"idxP\":100},{\"mq\":\"Chapman\",\"nm\":\"Yogourt glac\u00E9 vanille\",\"nme\":\"Frozen vanilla yogourt\",\"attr\":\"Produit local\",\"sku\":\"31207\",\"l2\":\"Cr\u00E8me glac\u00E9e et sorbet\",\"sl\":\"yogourt-glace-vanille-chapman-31207\",\"sn\":\"\",\"idxP\":17},{\"mq\":\"Festin\",\"nm\":\"Cr\u00E8me glac\u00E9e pistache\",\"nme\":\"Pistachio Ice Cream\",\"attr\":\"Produit local\",\"sku\":\"31186\",\"l2\":\"Cr\u00E8me glac\u00E9e et sorbet\",\"sl\":\"creme-glacee-pistache-festin-31186\",\"sn\":\"\",\"idxP\":20},{\"mq\":\"St-Germain\",\"nm\":\"Rouleaux de printemps au l\u00E9gumes surgel\u00E9s\",\"nme\":\"Frozen Vegetable Spring Roll\",\"attr\":\"\",\"sku\":\"28268\",\"l2\":\"Mets surgel\u00E9s\",\"sl\":\"rouleaux-de-printemps-au-legumes-surgeles-st-germain-28268\",\"sn\":\"\",\"idxP\":61},{\"mq\":\"Indigo\",\"nm\":\"Camerise congel\u00E9e\",\"nme\":\"Frozen Haskap\",\"attr\":\"\",\"sku\":\"31402\",\"l2\":\"Fruits et pur\u00E9e surgel\u00E9s\",\"sl\":\"camerise-congelee-indigo-31402\",\"sn\":\"\",\"idxP\":9},{\"mq\":\"Festin\",\"nm\":\"Cr\u00E8me glac\u00E9e napolitaine\",\"nme\":\"Neapolitain Ice Cream\",\"attr\":\"Produit local\",\"sku\":\"31189\",\"l2\":\"Cr\u00E8me glac\u00E9e et sorbet\",\"sl\":\"creme-glacee-napolitaine-festin-31189\",\"sn\":\"\",\"idxP\":21},{\"mq\":\"Fruits de mer Qu\u00E9bec\",\"nm\":\"Chair de crabe du St-Laurent surgel\u00E9e\",\"nme\":\"Frozen crab meat from St-Laurent\",\"attr\":\"\",\"sku\":\"31298\",\"l2\":\"Fruit de mer surgel\u00E9\",\"sl\":\"chair-de-crabe-du-st-laurent-surgelee-fruits-de-mer-quebec-31298\",\"sn\":\"\",\"idxP\":29},{\"mq\":\"Janes\",\"nm\":\"P\u00E9pite de poulet pan\u00E9e et cuite surgel\u00E9e\",\"nme\":\"Frozen Breaded Cooked Chicken Nugget\",\"attr\":\"\",\"sku\":\"31416\",\"l2\":\"Viande surgel\u00E9e\",\"sl\":\"pepite-de-poulet-panee-et-cuite-surgelee-janes-31416\",\"sn\":\"\",\"idxP\":86},{\"mq\":\"Below Zero\",\"nm\":\"Bleuets sauvages surgel\u00E9s\",\"nme\":\"Frozen Wild Blueberries\",\"attr\":\"\",\"sku\":\"31429\",\"l2\":\"Fruits et pur\u00E9e surgel\u00E9s\",\"sl\":\"bleuets-sauvages-surgeles-below-zero-31429\",\"sn\":\"\",\"idxP\":100},{\"mq\":\"Below Zero\",\"nm\":\"Mangues en gros morceaux surgel\u00E9es\",\"nme\":\"Frozen mango chunks\",\"attr\":\"\",\"sku\":\"31432\",\"l2\":\"Fruits et pur\u00E9e surgel\u00E9s\",\"sl\":\"mangues-en-gros-morceaux-surgelees-below-zero-31432\",\"sn\":\"mangues\",\"idxP\":100},{\"mq\":\"Below Zero\",\"nm\":\"Framboises enti\u00E8res surgel\u00E9es\",\"nme\":\"Frozen whole raspberries\",\"attr\":\"\",\"sku\":\"31434\",\"l2\":\"Fruits et pur\u00E9e surgel\u00E9s\",\"sl\":\"framboises-entieres-surgelees-below-zero-31434\",\"sn\":\"framboises\",\"idxP\":100},{\"mq\":\"Below Zero\",\"nm\":\"Pommes tranch\u00E9es surgel\u00E9es\",\"nme\":\"Frozen sliced apples\",\"attr\":\"\",\"sku\":\"31428\",\"l2\":\"Fruits et pur\u00E9e surgel\u00E9s\",\"sl\":\"pommes-tranchees-surgelees-below-zero-31428\",\"sn\":\"apples, pommes\",\"idxP\":100},{\"mq\":\"Below Zero\",\"nm\":\"M\u00FBres surgel\u00E9es\",\"nme\":\"Frozen blackberries\",\"attr\":\"\",\"sku\":\"31430\",\"l2\":\"Fruits et pur\u00E9e surgel\u00E9s\",\"sl\":\"mures-surgelees-below-zero-31430\",\"sn\":\"\",\"idxP\":41},{\"mq\":\"Below Zero\",\"nm\":\"Champignons tranch\u00E9s surgel\u00E9s\",\"nme\":\"Frozen Sliced Mushrooms\",\"attr\":\"\",\"sku\":\"31427\",\"l2\":\"L\u00E9gumes surgel\u00E9s\",\"sl\":\"champignons-tranches-surgeles-below-zero-31427\",\"sn\":\"\",\"idxP\":98},{\"mq\":\"Below Zero\",\"nm\":\"P\u00EAches tranch\u00E9es surgel\u00E9es\",\"nme\":\"Frozen Sliced Peaches\",\"attr\":\"\",\"sku\":\"31433\",\"l2\":\"Fruits et pur\u00E9e surgel\u00E9s\",\"sl\":\"peches-tranchees-surgelees-below-zero-31433\",\"sn\":\"\",\"idxP\":100},{\"mq\":\"Alasko\",\"nm\":\"Poivron rouge en d\u00E9s IQF\",\"nme\":\"IQF Diced Red Pepper\",\"attr\":\"\",\"sku\":\"41966\",\"l2\":\"L\u00E9gumes surgel\u00E9s\",\"sl\":\"poivron-rouge-en-des-iqf-alasko-41966\",\"sn\":\"\",\"idxP\":95},{\"mq\":\"Below Zero\",\"nm\":\"C\u00E9leri en d\u00E9 surgel\u00E9\",\"nme\":\"Frozen diced celery\",\"attr\":\"\",\"sku\":\"31426\",\"l2\":\"L\u00E9gumes surgel\u00E9s\",\"sl\":\"celeri-en-de-surgele-below-zero-31426\",\"sn\":\"\",\"idxP\":95},{\"mq\":\"Below Zero\",\"nm\":\"Cerises noires sucr\u00E9es surgel\u00E9es\",\"nme\":\"Frozen dark sweet cherries\",\"attr\":\"\",\"sku\":\"31431\",\"l2\":\"Fruits et pur\u00E9e surgel\u00E9s\",\"sl\":\"cerises-noires-sucrees-surgelees-below-zero-31431\",\"sn\":\"\",\"idxP\":48},{\"mq\":\"Chapman\",\"nm\":\"Super sandwich cr\u00E8me glac\u00E9e vanille\",\"nme\":\"Vanilla Ice Cream Super Sandwich\",\"attr\":\"\",\"sku\":\"31467\",\"l2\":\"Cr\u00E8me glac\u00E9e et sorbet\",\"sl\":\"super-sandwich-creme-glacee-vanille-chapman-31467\",\"sn\":\"\",\"idxP\":87},{\"mq\":\"Cuisine Adventures\",\"nm\":\"Canneberge et brie en baluchon p\u00E2te phyllo congel\u00E9\",\"nme\":\"Frozen Cranberry & Brie Bundle In Phyllo Pastry\",\"attr\":\"\",\"sku\":\"31276\",\"l2\":\"Mets surgel\u00E9s\",\"sl\":\"canneberge-et-brie-en-baluchon-pate-phyllo-congele-cuisine-adventures-31276\",\"sn\":\"\",\"idxP\":22},{\"mq\":\"Big Banana\",\"nm\":\"Banane plantain tostones congel\u00E9e\",\"nme\":\"Frozen tostones plantain\",\"attr\":\"\",\"sku\":\"31469\",\"l2\":\"Fruits et pur\u00E9e surgel\u00E9s\",\"sl\":\"banane-plantain-tostones-congelee-big-banana-31469\",\"sn\":\"bananes\",\"idxP\":46},{\"mq\":\"Chapman\",\"nm\":\"Lolly rocket assorti congel\u00E9\",\"nme\":\"Frozen assorted rocket lolly\",\"attr\":\"Sans gluten\",\"sku\":\"31466\",\"l2\":\"Cr\u00E8me glac\u00E9e et sorbet\",\"sl\":\"lolly-rocket-assorti-congele-chapman-31466\",\"sn\":\"\",\"idxP\":14},{\"mq\":\"Below Zero\",\"nm\":\"Carottes tranch\u00E9es r\u00E9guli\u00E8res surgel\u00E9es\",\"nme\":\"Frozen sliced regular carrots\",\"attr\":\"\",\"sku\":\"31425\",\"l2\":\"L\u00E9gumes surgel\u00E9s\",\"sl\":\"carottes-tranchees-regulieres-surgelees-below-zero-31425\",\"sn\":\"carottes\",\"idxP\":94},{\"mq\":\"Cuisine Adventures\",\"nm\":\"Saucisse cocktail en p\u00E2te feuillet\u00E9e congel\u00E9e\",\"nme\":\"Frozen Cocktail Sausage Wrap In Flaky Puff Pastry\",\"attr\":\"\",\"sku\":\"31278\",\"l2\":\"Mets surgel\u00E9s\",\"sl\":\"saucisse-cocktail-en-pate-feuilletee-congelee-cuisine-adventures-31278\",\"sn\":\"\",\"idxP\":38},{\"mq\":\"Gilly\",\"nm\":\"Quenelles de porc et bokchoi congel\u00E9es\",\"nme\":\"Frozen pork and bokchoi dumpling\",\"attr\":\"\",\"sku\":\"31506\",\"l2\":\"Mets surgel\u00E9s\",\"sl\":\"quenelles-de-porc-et-bokchoi-congelees-gilly-31506\",\"sn\":\"\",\"idxP\":52},{\"mq\":\"Gilly\",\"nm\":\"Quenelles de poulet et chou congel\u00E9es\",\"nme\":\"Frozen chicken and cabbage dumpling\",\"attr\":\"\",\"sku\":\"31505\",\"l2\":\"Mets surgel\u00E9s\",\"sl\":\"quenelles-de-poulet-et-chou-congelees-gilly-31505\",\"sn\":\"\",\"idxP\":82},{\"mq\":\"Gilly\",\"nm\":\"Quenelles de porc et ciboulette congel\u00E9es\",\"nme\":\"Frozen pork and chives dumpling\",\"attr\":\"\",\"sku\":\"31508\",\"l2\":\"Mets surgel\u00E9s\",\"sl\":\"quenelles-de-porc-et-ciboulette-congelees-gilly-31508\",\"sn\":\"\",\"idxP\":77},{\"mq\":\"Gilly\",\"nm\":\"Quenelles de porc, crevettes et bokchoi congel\u00E9es\",\"nme\":\"Frozen pork, shrimp and bokchoi dumpling\",\"attr\":\"\",\"sku\":\"31507\",\"l2\":\"Mets surgel\u00E9s\",\"sl\":\"quenelles-de-porc-crevettes-et-bokchoi-congelees-gilly-31507\",\"sn\":\"crevettes\",\"idxP\":74},{\"mq\":\"Cuisine Adventures\",\"nm\":\"Mini saucisse en pain congel\u00E9\",\"nme\":\"Frozen Mini Sausage In Bread\",\"attr\":\"\",\"sku\":\"31277\",\"l2\":\"Mets surgel\u00E9s\",\"sl\":\"mini-saucisse-en-pain-congele-cuisine-adventures-31277\",\"sn\":\"\",\"idxP\":50},{\"mq\":\"Chapman\",\"nm\":\"Fudge au lait glac\u00E9\",\"nme\":\"Iced milk fudge\",\"attr\":\"Sans gluten\",\"sku\":\"31646\",\"l2\":\"Cr\u00E8me glac\u00E9e et sorbet\",\"sl\":\"fudge-au-lait-glace-chapman-31646\",\"sn\":\"\",\"idxP\":22},{\"mq\":\"St-Hubert\",\"nm\":\"Tourti\u00E8re surgel\u00E9e\",\"nme\":\"Frozen meat pie\",\"attr\":\"\",\"sku\":\"31656\",\"l2\":\"Mets surgel\u00E9s\",\"sl\":\"tourtiere-surgelee-st-hubert-31656\",\"sn\":\"\",\"idxP\":32},{\"mq\":\"Wong Wing\",\"nm\":\"Assortiment mini rouleaux printemps congel\u00E9\",\"nme\":\"Frozen variety pack of mini spring rolls 15 pces\",\"attr\":\"\",\"sku\":\"30875\",\"l2\":\"Mets surgel\u00E9s\",\"sl\":\"assortiment-mini-rouleaux-printemps-congele-wong-wing-30875\",\"sn\":\"\",\"idxP\":46},{\"mq\":\"Sea Ray\",\"nm\":\"Rondelles de calmar pan\u00E9es surgel\u00E9es\",\"nme\":\"Frozen Breaded Squid Rings\",\"attr\":\"\",\"sku\":\"41564\",\"l2\":\"Fruit de mer surgel\u00E9\",\"sl\":\"rondelles-de-calmar-panees-surgelees-sea-ray-41564\",\"sn\":\"\",\"idxP\":100},{\"mq\":\"Flamingo\",\"nm\":\"Burger poitrine poulet pan\u00E9e ent. cuite surgel\u00E9e\",\"nme\":\"Frozen breaded chicken breast burger fully cooked\",\"attr\":\"\",\"sku\":\"31693\",\"l2\":\"Viande surgel\u00E9e\",\"sl\":\"burger-poitrine-poulet-panee-ent.-cuite-surgelee-flamingo-31693\",\"sn\":\"\",\"idxP\":30},{\"mq\":\"Aqua Gems\",\"nm\":\"Crevettes crues 21\\\/25 surgel\u00E9es\",\"nme\":\"Frozen Raw Shrimps 21\\\/25\",\"attr\":\"\",\"sku\":\"27537\",\"l2\":\"Fruit de mer surgel\u00E9\",\"sl\":\"crevettes-crues-2125-surgelees-aqua-gems-27537\",\"sn\":\"crevettes\",\"idxP\":100},{\"mq\":\"Sea Horse\",\"nm\":\"Crevettes pan\u00E9es surgel\u00E9es\",\"nme\":\"Frozen Breaded Shrimp\",\"attr\":\"\",\"sku\":\"36592\",\"l2\":\"Fruit de mer surgel\u00E9\",\"sl\":\"crevettes-panees-surgelees-sea-horse-36592\",\"sn\":\"crevettes\",\"idxP\":97},{\"mq\":\"Chapman\",\"nm\":\"Super lolly banane surgel\u00E9\",\"nme\":\"Frozen banana lolly\",\"attr\":\"Sans gluten\",\"sku\":\"32369\",\"l2\":\"Cr\u00E8me glac\u00E9e et sorbet\",\"sl\":\"super-lolly-banane-surgele-chapman-32369\",\"sn\":\"ananas, bananes\",\"idxP\":15},{\"mq\":\"Pearlmark\",\"nm\":\"Cubes de thon rouge pour pok\u00E9 surgel\u00E9\",\"nme\":\"Frozen Red Tuna Pok\u00E9 Cubes\",\"attr\":\"\",\"sku\":\"31682\",\"l2\":\"Poisson surgel\u00E9\",\"sl\":\"cubes-de-thon-rouge-pour-poke-surgele-pearlmark-31682\",\"sn\":\"\",\"idxP\":100},{\"mq\":\"Chapman\",\"nm\":\"Barre cr\u00E8me glac\u00E9e van. enrob\u00E9e choco Super frost\",\"nme\":\"Super frosty choco coated vanilla ice cream bar\",\"attr\":\"Sans gluten\",\"sku\":\"32190\",\"l2\":\"Cr\u00E8me glac\u00E9e et sorbet\",\"sl\":\"barre-creme-glacee-van.-enrobee-choco-super-frost-chapman-32190\",\"sn\":\"\",\"idxP\":18},{\"mq\":\"Below Zero\",\"nm\":\"Ananas en morceaux surgel\u00E9s\",\"nme\":\"Frozen Pineapple Chunks\",\"attr\":\"\",\"sku\":\"32661\",\"l2\":\"Fruits et pur\u00E9e surgel\u00E9s\",\"sl\":\"ananas-en-morceaux-surgeles-below-zero-32661\",\"sn\":\"apples, ananas\",\"idxP\":100},{\"mq\":\"Below Zero\",\"nm\":\"\u00C9pinard coup\u00E9 surgel\u00E9\",\"nme\":\"Frozen Chopped Spinach\",\"attr\":\"\",\"sku\":\"32664\",\"l2\":\"L\u00E9gumes surgel\u00E9s\",\"sl\":\"epinard-coupe-surgele-below-zero-32664\",\"sn\":\"\",\"idxP\":100},{\"mq\":\"Oceanic\",\"nm\":\"Longe de Morue 5oz surgel\u00E9e\",\"nme\":\"Frozen Cod Loin 5oz\",\"attr\":\"\",\"sku\":\"32580\",\"l2\":\"Poisson surgel\u00E9\",\"sl\":\"longe-de-morue-5oz-surgelee-oceanic-32580\",\"sn\":\"\",\"idxP\":35},{\"mq\":\"Novali\",\"nm\":\"M\u00E9lange \u00E0 brownies au chocolat surgel\u00E9\",\"nme\":\"Frozen chocolate brownies batter\",\"attr\":\"\",\"sku\":\"32941\",\"l2\":\"P\u00E2tisserie surgel\u00E9e\",\"sl\":\"melange-a-brownies-au-chocolat-surgele-novali-32941\",\"sn\":\"\",\"idxP\":13},{\"mq\":\"Mirabel\",\"nm\":\"Crevettes crues 26\\\/30 surgel\u00E9es\",\"nme\":\"Frozen Raw Shrimps 26\\\/30\",\"attr\":\"\",\"sku\":\"33312\",\"l2\":\"Fruit de mer surgel\u00E9\",\"sl\":\"crevettes-crues-2630-surgelees-mirabel-33312\",\"sn\":\"crevettes\",\"idxP\":72},{\"mq\":\"Coaticook\",\"nm\":\"B\u00FBche \u00E0 la cr\u00E8me glac\u00E9e tire d'\u00E9rable\",\"nme\":\"Maple ice cream log\",\"attr\":\"Aliment du Qu\u00E9bec, Produit local\",\"sku\":\"33725\",\"l2\":\"Cr\u00E8me glac\u00E9e et sorbet\",\"sl\":\"buche-a-la-creme-glacee-tire-derable-coaticook-33725\",\"sn\":\"\",\"idxP\":1},{\"mq\":\"Mirabel\",\"nm\":\"Crevettes blanches crues p&d 13\\\/15 surgel\u00E9es\",\"nme\":\"Frozen raw white shrimps p&d 13\\\/15\",\"attr\":\"\",\"sku\":\"34203\",\"l2\":\"Fruit de mer surgel\u00E9\",\"sl\":\"crevettes-blanches-crues-pd-1315-surgelees-mirabel-34203\",\"sn\":\"crevettes\",\"idxP\":72},{\"mq\":\"Fjord Oceanic\",\"nm\":\"Filet de sole YF 4oz app.\",\"nme\":\"YF sole fillet 4oz app.\",\"attr\":\"\",\"sku\":\"33745\",\"l2\":\"Poisson surgel\u00E9\",\"sl\":\"filet-de-sole-yf-4oz-app.-fjord-oceanic-33745\",\"sn\":\"\",\"idxP\":100},{\"mq\":\"Oceanic\",\"nm\":\"Crevettes Papillon roses d'Argentine 16\\\/20\",\"nme\":\"Frozen Butterfly Argentina Pink Shrimps 16\\\/20\",\"attr\":\"\",\"sku\":\"34275\",\"l2\":\"Fruit de mer surgel\u00E9\",\"sl\":\"crevettes-papillon-roses-dargentine-1620-oceanic-34275\",\"sn\":\"crevettes\",\"idxP\":100},{\"mq\":\"Fjord Oceanic\",\"nm\":\"Longes de morue pac. 4oz app. surgel\u00E9es\",\"nme\":\"Frozen Cod Loins pac. 4oz app.\",\"attr\":\"\",\"sku\":\"33758\",\"l2\":\"Poisson surgel\u00E9\",\"sl\":\"longes-de-morue-pac.-4oz-app.-surgelees-fjord-oceanic-33758\",\"sn\":\"\",\"idxP\":94},{\"nm\":\"Filet de Saumon Atlantique a\\\/ peau CG CS\",\"nme\":\"FZN Atlatntic Salmon fillet w\\\/ skin CS\",\"attr\":\"\",\"sku\":\"33927\",\"l2\":\"Poisson surgel\u00E9\",\"sl\":\"filet-de-saumon-atlantique-a-peau-cg-cs-33927\",\"sn\":\"\",\"idxP\":7},{\"mq\":\"Sea Ray\",\"nm\":\"Rondelles de calmar surgel\u00E9es\",\"nme\":\"Frozen Squid Rings\",\"attr\":\"\",\"sku\":\"41809\",\"l2\":\"Fruit de mer surgel\u00E9\",\"sl\":\"rondelles-de-calmar-surgelees-sea-ray-41809\",\"sn\":\"\",\"idxP\":87},{\"mq\":\"Fjord Oceanic\",\"nm\":\"Portions de saumon rose sauvage\",\"nme\":\"Wild Pink Salmon Portions\",\"attr\":\"\",\"sku\":\"33746\",\"l2\":\"Poisson surgel\u00E9\",\"sl\":\"portions-de-saumon-rose-sauvage-fjord-oceanic-33746\",\"sn\":\"\",\"idxP\":87},{\"mq\":\"Pearlmark\",\"nm\":\"Langoustine Split 16\\\/20\",\"nme\":\"Split Scampi 16\\\/20\",\"attr\":\"\",\"sku\":\"15487\",\"l2\":\"Fruit de mer surgel\u00E9\",\"sl\":\"langoustine-split-1620-pearlmark-15487\",\"sn\":\"langoustines\",\"idxP\":77},{\"mq\":\"Fjord Oceanic\",\"nm\":\"Longe aiglefin 4oz surgel\u00E9e\",\"nme\":\"Frozen Haddock 4oz Loin\",\"attr\":\"\",\"sku\":\"34590\",\"l2\":\"Poisson surgel\u00E9\",\"sl\":\"longe-aiglefin-4oz-surgelee-fjord-oceanic-34590\",\"sn\":\"\",\"idxP\":100},{\"mq\":\"Fjord Oceanic\",\"nm\":\"Filet de pangasius\",\"nme\":\"Pangasius fillet\",\"attr\":\"\",\"sku\":\"33748\",\"l2\":\"Poisson surgel\u00E9\",\"sl\":\"filet-de-pangasius-fjord-oceanic-33748\",\"sn\":\"\",\"idxP\":100},{\"mq\":\"Mayrand CHEF\",\"nm\":\"Ailes de poulet \u00E9pic\u00E9es pr\u00E9-cuites congel\u00E9es\",\"nme\":\"Frozen Precooked Spicy Chicken Wings\",\"attr\":\"\",\"sku\":\"34927\",\"l2\":\"Viande surgel\u00E9e\",\"sl\":\"ailes-de-poulet-epicees-pre-cuites-congelees-mayrand-chef-34927\",\"sn\":\"\",\"idxP\":86},{\"mq\":\"Aqua Gems\",\"nm\":\"Crevettes crue 41\\\/50 surgel\u00E9es\",\"nme\":\"Frozen Raw Shrimp 41\\\/50\",\"attr\":\"\",\"sku\":\"27542\",\"l2\":\"Fruit de mer surgel\u00E9\",\"sl\":\"crevettes-crue-4150-surgelees-aqua-gems-27542\",\"sn\":\"crevettes\",\"idxP\":86},{\"mq\":\"Caravelle\",\"nm\":\"Crevettes nordiques 250\\\/350 congel\u00E9es\",\"nme\":\"Frozen Cold Water Shrimp 250\\\/350\",\"attr\":\"Aliment du Qu\u00E9bec\",\"sku\":\"35244\",\"l2\":\"Fruit de mer surgel\u00E9\",\"sl\":\"crevettes-nordiques-250350-congelees-caravelle-35244\",\"sn\":\"crevettes\",\"idxP\":67},{\"mq\":\"Grizzly\",\"nm\":\"Saumon sockeye fum\u00E9 tranch\u00E9 surgel\u00E9\",\"nme\":\"Frozen Smoked Sliced Sockeye Salmon\",\"attr\":\"\",\"sku\":\"35334\",\"l2\":\"Poisson surgel\u00E9\",\"sl\":\"saumon-sockeye-fume-tranche-surgele-grizzly-35334\",\"sn\":\"\",\"idxP\":56},{\"mq\":\"Grizzly\",\"nm\":\"Saumon atlantique fum\u00E9 tranch\u00E9 surgel\u00E9\",\"nme\":\"Frozen Smoked Sliced Atlantic Salmon\",\"attr\":\"\",\"sku\":\"35328\",\"l2\":\"Poisson surgel\u00E9\",\"sl\":\"saumon-atlantique-fume-tranche-surgele-grizzly-35328\",\"sn\":\"\",\"idxP\":67},{\"mq\":\"Grizzly\",\"nm\":\"Saumon coho surgel\u00E9\",\"nme\":\"Frozen Smoked Coho Salmon\",\"attr\":\"\",\"sku\":\"35327\",\"l2\":\"Poisson surgel\u00E9\",\"sl\":\"saumon-coho-surgele-grizzly-35327\",\"sn\":\"\",\"idxP\":88},{\"mq\":\"Stromboli\",\"nm\":\"Pizza toute garnie congel\u00E9e\",\"nme\":\"Frozen all dressed Pizza\",\"attr\":\"\",\"sku\":\"35503\",\"l2\":\"Pizza surgel\u00E9e\",\"sl\":\"pizza-toute-garnie-congelee-stromboli-35503\",\"sn\":\"\",\"idxP\":43},{\"mq\":\"Stromboli\",\"nm\":\"Pizza fromage et fines herbes congel\u00E9e\",\"nme\":\"Frozen cheese and herbs Pizza\",\"attr\":\"\",\"sku\":\"35504\",\"l2\":\"Pizza surgel\u00E9e\",\"sl\":\"pizza-fromage-et-fines-herbes-congelee-stromboli-35504\",\"sn\":\"fromages\",\"idxP\":61},{\"mq\":\"Stromboli\",\"nm\":\"Pizza pepperoni et fromage congel\u00E9e\",\"nme\":\"Frozen Pepperoni and Cheese Pizza\",\"attr\":\"\",\"sku\":\"35507\",\"l2\":\"Pizza surgel\u00E9e\",\"sl\":\"pizza-pepperoni-et-fromage-congelee-stromboli-35507\",\"sn\":\"fromages\",\"idxP\":54},{\"mq\":\"Chapman\",\"nm\":\"Cr\u00E8me glac\u00E9e cerise noire premium\",\"nme\":\"Black cherry ice cream premium\",\"attr\":\"\",\"sku\":\"36150\",\"l2\":\"Cr\u00E8me glac\u00E9e et sorbet\",\"sl\":\"creme-glacee-cerise-noire-premium-chapman-36150\",\"sn\":\"\",\"idxP\":3},{\"mq\":\"Chapman\",\"nm\":\"Cr\u00E8me glac\u00E9e au chocolat\",\"nme\":\"Chocolate ice cream\",\"attr\":\"\",\"sku\":\"36115\",\"l2\":\"Cr\u00E8me glac\u00E9e et sorbet\",\"sl\":\"creme-glacee-au-chocolat-chapman-36115\",\"sn\":\"\",\"idxP\":5},{\"mq\":\"Chapman\",\"nm\":\"Cr\u00E8me glac\u00E9e brownies au chocolat premium\",\"nme\":\"Chocolate brownies ice cream premium\",\"attr\":\"\",\"sku\":\"36152\",\"l2\":\"Cr\u00E8me glac\u00E9e et sorbet\",\"sl\":\"creme-glacee-brownies-au-chocolat-premium-chapman-36152\",\"sn\":\"\",\"idxP\":4},{\"mq\":\"Chapman\",\"nm\":\"Yogourt glac\u00E9 tourbillon au fraise\",\"nme\":\"Strawberry swirl frozen yogurt\",\"attr\":\"\",\"sku\":\"36227\",\"l2\":\"Cr\u00E8me glac\u00E9e et sorbet\",\"sl\":\"yogourt-glace-tourbillon-au-fraise-chapman-36227\",\"sn\":\"fraises\",\"idxP\":5},{\"mq\":\"Chapman\",\"nm\":\"Rondelle de yogourt glac\u00E9e \u00E0 la vanille\",\"nme\":\"Frozen vanilla yogurt puck\",\"attr\":\"\",\"sku\":\"36104\",\"l2\":\"Cr\u00E8me glac\u00E9e et sorbet\",\"sl\":\"rondelle-de-yogourt-glacee-a-la-vanille-chapman-36104\",\"sn\":\"\",\"idxP\":47},{\"mq\":\"Chapman\",\"nm\":\"Cr\u00E8me glac\u00E9e \u00E0 la gomme balloune\",\"nme\":\"Bubble gum ice cream\",\"attr\":\"\",\"sku\":\"36133\",\"l2\":\"Cr\u00E8me glac\u00E9e et sorbet\",\"sl\":\"creme-glacee-a-la-gomme-balloune-chapman-36133\",\"sn\":\"\",\"idxP\":6},{\"mq\":\"Chapman\",\"nm\":\"Cr\u00E8me glac\u00E9e \u00E0 la mangue\",\"nme\":\"Mango ice cream\",\"attr\":\"\",\"sku\":\"36139\",\"l2\":\"Cr\u00E8me glac\u00E9e et sorbet\",\"sl\":\"creme-glacee-a-la-mangue-chapman-36139\",\"sn\":\"mangues\",\"idxP\":8},{\"mq\":\"Chapman\",\"nm\":\"Cr\u00E8me glac\u00E9e pistache sel amande premium\",\"nme\":\"Pistachio and almond ice cream premium\",\"attr\":\"\",\"sku\":\"36174\",\"l2\":\"Cr\u00E8me glac\u00E9e et sorbet\",\"sl\":\"creme-glacee-pistache-sel-amande-premium-chapman-36174\",\"sn\":\"amandes\",\"idxP\":5},{\"mq\":\"Chapman\",\"nm\":\"Sorbet aux framboises\",\"nme\":\"Raspberry sorbet\",\"attr\":\"\",\"sku\":\"36224\",\"l2\":\"Cr\u00E8me glac\u00E9e et sorbet\",\"sl\":\"sorbet-aux-framboises-chapman-36224\",\"sn\":\"framboises\",\"idxP\":5},{\"mq\":\"Chapman\",\"nm\":\"Cr\u00E8me glac\u00E9e \u00E0 la barbe \u00E0 papa\",\"nme\":\"Cotton candy ice cream\",\"attr\":\"\",\"sku\":\"36137\",\"l2\":\"Cr\u00E8me glac\u00E9e et sorbet\",\"sl\":\"creme-glacee-a-la-barbe-a-papa-chapman-36137\",\"sn\":\"\",\"idxP\":5},{\"mq\":\"Chapman\",\"nm\":\"Sorbet arc-en-ciel\",\"nme\":\"Rainbow sorbet\",\"attr\":\"\",\"sku\":\"36223\",\"l2\":\"Cr\u00E8me glac\u00E9e et sorbet\",\"sl\":\"sorbet-arc-en-ciel-chapman-36223\",\"sn\":\"\",\"idxP\":4},{\"mq\":\"Chapman\",\"nm\":\"Cr\u00E8me glac\u00E9e arc-en-ciel\",\"nme\":\"Rainbow ice cream\",\"attr\":\"\",\"sku\":\"36122\",\"l2\":\"Cr\u00E8me glac\u00E9e et sorbet\",\"sl\":\"creme-glacee-arc-en-ciel-chapman-36122\",\"sn\":\"\",\"idxP\":6},{\"mq\":\"Chapman\",\"nm\":\"Cr\u00E8me glac\u00E9e \u00E0 la vanille fran\u00E7aise premium\",\"nme\":\"French vanilla ice cream premium\",\"attr\":\"\",\"sku\":\"36140\",\"l2\":\"Cr\u00E8me glac\u00E9e et sorbet\",\"sl\":\"creme-glacee-a-la-vanille-francaise-premium-chapman-36140\",\"sn\":\"\",\"idxP\":7},{\"mq\":\"Chapman\",\"nm\":\"Cr\u00E8me glac\u00E9e \u00E0 la vanille\",\"nme\":\"Vanilla ice cream\",\"attr\":\"\",\"sku\":\"36105\",\"l2\":\"Cr\u00E8me glac\u00E9e et sorbet\",\"sl\":\"creme-glacee-a-la-vanille-chapman-36105\",\"sn\":\"\",\"idxP\":14},{\"mq\":\"Chapman\",\"nm\":\"Cr\u00E8me glac\u00E9e super h\u00E9ros\",\"nme\":\"Super hero ice cream\",\"attr\":\"\",\"sku\":\"36138\",\"l2\":\"Cr\u00E8me glac\u00E9e et sorbet\",\"sl\":\"creme-glacee-super-heros-chapman-36138\",\"sn\":\"\",\"idxP\":5},{\"mq\":\"Chapman\",\"nm\":\"Cr\u00E8me glac\u00E9e p\u00E2te \u00E0 biscuit brisures de choco prem\",\"nme\":\"Chocolate chips cookie dough ice cream premium\",\"attr\":\"\",\"sku\":\"36153\",\"l2\":\"Cr\u00E8me glac\u00E9e et sorbet\",\"sl\":\"creme-glacee-pate-a-biscuit-brisures-de-choco-prem-chapman-36153\",\"sn\":\"\",\"idxP\":6},{\"mq\":\"Chapman\",\"nm\":\"Cr\u00E8me glac\u00E9e \u00E9rable et noix premium\",\"nme\":\"Maple and nuts ice cream premium\",\"attr\":\"\",\"sku\":\"36151\",\"l2\":\"Cr\u00E8me glac\u00E9e et sorbet\",\"sl\":\"creme-glacee-erable-et-noix-premium-chapman-36151\",\"sn\":\"\",\"idxP\":4},{\"mq\":\"Chapman\",\"nm\":\"Cr\u00E8me glac\u00E9e biscuit cr\u00E8me premium\",\"nme\":\"Cream cookie ice cream premium\",\"attr\":\"\",\"sku\":\"36188\",\"l2\":\"Cr\u00E8me glac\u00E9e et sorbet\",\"sl\":\"creme-glacee-biscuit-creme-premium-chapman-36188\",\"sn\":\"\",\"idxP\":5},{\"mq\":\"Chapman\",\"nm\":\"Yogourt glac\u00E9 vanille\",\"nme\":\"Vanilla frozen yogurt\",\"attr\":\"\",\"sku\":\"36226\",\"l2\":\"Cr\u00E8me glac\u00E9e et sorbet\",\"sl\":\"yogourt-glace-vanille-chapman-36226\",\"sn\":\"\",\"idxP\":5},{\"mq\":\"Festin\",\"nm\":\"Cr\u00E8me glac\u00E9e gomme balloune\",\"nme\":\"Bubble gum ice cream\",\"attr\":\"\",\"sku\":\"36285\",\"l2\":\"Cr\u00E8me glac\u00E9e et sorbet\",\"sl\":\"creme-glacee-gomme-balloune-festin-36285\",\"sn\":\"\",\"idxP\":16},{\"mq\":\"Aqua Gems\",\"nm\":\"Crevettes blanches sans queue 51\\\/60 surgel\u00E9es\",\"nme\":\"Frozen white shrimps without tail 51\\\/60\",\"attr\":\"\",\"sku\":\"36228\",\"l2\":\"Fruit de mer surgel\u00E9\",\"sl\":\"crevettes-blanches-sans-queue-5160-surgelees-aqua-gems-36228\",\"sn\":\"crevettes\",\"idxP\":83},{\"mq\":\"Chapman\",\"nm\":\"Sorbet \u00E0 l'orange\",\"nme\":\"Orange sorbet\",\"attr\":\"\",\"sku\":\"36225\",\"l2\":\"Cr\u00E8me glac\u00E9e et sorbet\",\"sl\":\"sorbet-a-lorange-chapman-36225\",\"sn\":\"\",\"idxP\":4},{\"mq\":\"Shawbridge\",\"nm\":\"Pizza margarita surgel\u00E9e\",\"nme\":\"Frozen margarita pizza\",\"attr\":\"Produit local\",\"sku\":\"36062\",\"l2\":\"Pizza surgel\u00E9e\",\"sl\":\"pizza-margarita-surgelee-shawbridge-36062\",\"sn\":\"\",\"idxP\":44},{\"mq\":\"Shawbridge\",\"nm\":\"Pizza pepperoni surgel\u00E9e\",\"nme\":\"Frozen pepperoni pizza\",\"attr\":\"Produit local\",\"sku\":\"36048\",\"l2\":\"Pizza surgel\u00E9e\",\"sl\":\"pizza-pepperoni-surgelee-shawbridge-36048\",\"sn\":\"\",\"idxP\":54},{\"mq\":\"Cavendish\",\"nm\":\"Galette de pomme de terre surgel\u00E9e\",\"nme\":\"Frozen Patties\",\"attr\":\"\",\"sku\":\"33962\",\"l2\":\"L\u00E9gumes surgel\u00E9s\",\"sl\":\"galette-de-pomme-de-terre-surgelee-cavendish-33962\",\"sn\":\"pommes\",\"idxP\":100},{\"mq\":\"Shawbridge\",\"nm\":\"Pizza toute garnie surgel\u00E9e\",\"nme\":\"Frozen all dressed pizza\",\"attr\":\"Produit local\",\"sku\":\"36003\",\"l2\":\"Pizza surgel\u00E9e\",\"sl\":\"pizza-toute-garnie-surgelee-shawbridge-36003\",\"sn\":\"\",\"idxP\":56},{\"mq\":\"Shawbridge\",\"nm\":\"Pizza v\u00E9g\u00E9tarienne surgel\u00E9e\",\"nme\":\"Frozen vegetarian pizza\",\"attr\":\"Produit local\",\"sku\":\"36049\",\"l2\":\"Pizza surgel\u00E9e\",\"sl\":\"pizza-vegetarienne-surgelee-shawbridge-36049\",\"sn\":\"\",\"idxP\":28},{\"mq\":\"Chapman\",\"nm\":\"Lolly triple d\u00E9lice\",\"nme\":\"Triple treat lolly\",\"attr\":\"\",\"sku\":\"36687\",\"l2\":\"Cr\u00E8me glac\u00E9e et sorbet\",\"sl\":\"lolly-triple-delice-chapman-36687\",\"sn\":\"\",\"idxP\":18},{\"mq\":\"Como\",\"nm\":\"Pizza au fromage congel\u00E9e\",\"nme\":\"Frozen Cheese Pizza\",\"attr\":\"\",\"sku\":\"36476\",\"l2\":\"Pizza surgel\u00E9e\",\"sl\":\"pizza-au-fromage-congelee-como-36476\",\"sn\":\"fromages\",\"idxP\":31},{\"mq\":\"Chapman\",\"nm\":\"Yogourt glac\u00E9 vanille et caramel et morc. chocolat\",\"nme\":\"Vanilla and caramel and chocolate chunk yogurt\",\"attr\":\"\",\"sku\":\"36785\",\"l2\":\"Cr\u00E8me glac\u00E9e et sorbet\",\"sl\":\"yogourt-glace-vanille-et-caramel-et-morc.-chocolat-chapman-36785\",\"sn\":\"croustille\",\"idxP\":10},{\"mq\":\"Chapman\",\"nm\":\"Yogourt glac\u00E9 cerise noire casino\",\"nme\":\"Black jack cherry yogurt\",\"attr\":\"\",\"sku\":\"36814\",\"l2\":\"Cr\u00E8me glac\u00E9e et sorbet\",\"sl\":\"yogourt-glace-cerise-noire-casino-chapman-36814\",\"sn\":\"\",\"idxP\":16},{\"mq\":\"Tio Jorge\",\"nm\":\"Feuilles de banane congel\u00E9es\",\"nme\":\"Frozen Banana Leaves\",\"attr\":\"\",\"sku\":\"36607\",\"l2\":\"Fruits et pur\u00E9e surgel\u00E9s\",\"sl\":\"feuilles-de-banane-congelees-tio-jorge-36607\",\"sn\":\"ananas, bananes\",\"idxP\":19},{\"mq\":\"Chapman\",\"nm\":\"Super sandwich cr\u00E8me glac\u00E9e napolitaine\",\"nme\":\"Super ice cream sandwch neapolitan\",\"attr\":\"\",\"sku\":\"36616\",\"l2\":\"Cr\u00E8me glac\u00E9e et sorbet\",\"sl\":\"super-sandwich-creme-glacee-napolitaine-chapman-36616\",\"sn\":\"\",\"idxP\":14},{\"mq\":\"Chapman\",\"nm\":\"Sorbet mangue\",\"nme\":\"Mango sorbet\",\"attr\":\"\",\"sku\":\"36815\",\"l2\":\"Cr\u00E8me glac\u00E9e et sorbet\",\"sl\":\"sorbet-mangue-chapman-36815\",\"sn\":\"mangues\",\"idxP\":23},{\"mq\":\"Shawbridge\",\"nm\":\"Boule de p\u00E2te \u00E0 pizza surgel\u00E9e\",\"nme\":\"Frozen Pizza Dough Ball\",\"attr\":\"Aliment du Qu\u00E9bec, Produit local\",\"sku\":\"36002\",\"l2\":\"Pizza surgel\u00E9e\",\"sl\":\"boule-de-pate-a-pizza-surgelee-shawbridge-36002\",\"sn\":\"\",\"idxP\":55},{\"mq\":\"Chapman\",\"nm\":\"Yogourt glac\u00E9 \u00E9rable et noix\",\"nme\":\"Maple walnut yogurt\",\"attr\":\"\",\"sku\":\"36783\",\"l2\":\"Cr\u00E8me glac\u00E9e et sorbet\",\"sl\":\"yogourt-glace-erable-et-noix-chapman-36783\",\"sn\":\"\",\"idxP\":9},{\"mq\":\"Chapman\",\"nm\":\"Super sandwich cr\u00E8me glac\u00E9e en sauce caramel\",\"nme\":\"Super ice cream sandwch saucy caramel\",\"attr\":\"\",\"sku\":\"36615\",\"l2\":\"Cr\u00E8me glac\u00E9e et sorbet\",\"sl\":\"super-sandwich-creme-glacee-en-sauce-caramel-chapman-36615\",\"sn\":\"\",\"idxP\":22},{\"mq\":\"Chapman\",\"nm\":\"Lolly aux fruits\",\"nme\":\"Fruity lolly\",\"attr\":\"\",\"sku\":\"36694\",\"l2\":\"Cr\u00E8me glac\u00E9e et sorbet\",\"sl\":\"lolly-aux-fruits-chapman-36694\",\"sn\":\"\",\"idxP\":25},{\"mq\":\"Chapman\",\"nm\":\"Sorbet arc-en-ciel\",\"nme\":\"Rainbow sorbet\",\"attr\":\"\",\"sku\":\"36818\",\"l2\":\"Cr\u00E8me glac\u00E9e et sorbet\",\"sl\":\"sorbet-arc-en-ciel-chapman-36818\",\"sn\":\"\",\"idxP\":22},{\"mq\":\"Chapman\",\"nm\":\"Sorbet petits fruits triple\",\"nme\":\"Triple berry sorbet\",\"attr\":\"\",\"sku\":\"36817\",\"l2\":\"Cr\u00E8me glac\u00E9e et sorbet\",\"sl\":\"sorbet-petits-fruits-triple-chapman-36817\",\"sn\":\"\",\"idxP\":19},{\"mq\":\"Chapman\",\"nm\":\"Yogourt glac\u00E9 cappuccino\",\"nme\":\"Cappuccino yogurt\",\"attr\":\"\",\"sku\":\"36766\",\"l2\":\"Cr\u00E8me glac\u00E9e et sorbet\",\"sl\":\"yogourt-glace-cappuccino-chapman-36766\",\"sn\":\"\",\"idxP\":15},{\"mq\":\"Alasko\",\"nm\":\"M\u00E9lange Paradiso surgel\u00E9\",\"nme\":\"Frozen Paradiso mix\",\"attr\":\"\",\"sku\":\"33888\",\"l2\":\"Fruits et pur\u00E9e surgel\u00E9s\",\"sl\":\"melange-paradiso-surgele-alasko-33888\",\"sn\":\"\",\"idxP\":79},{\"mq\":\"High Liner\",\"nm\":\"Fricadelle de poisson surgel\u00E9e\",\"nme\":\"Frozen Fish Cake\",\"attr\":\"\",\"sku\":\"22181\",\"l2\":\"Poisson surgel\u00E9\",\"sl\":\"fricadelle-de-poisson-surgelee-high-liner-22181\",\"sn\":\"\",\"idxP\":47},{\"mq\":\"Below Zero\",\"nm\":\"Fruits m\u00E9lang\u00E9s 4 fruits surgel\u00E9s\",\"nme\":\"Frozen 4  fruits mix\",\"attr\":\"\",\"sku\":\"32275\",\"l2\":\"Fruits et pur\u00E9e surgel\u00E9s\",\"sl\":\"fruits-melanges-4-fruits-surgeles-below-zero-32275\",\"sn\":\"\",\"idxP\":78},{\"mq\":\"Flamingo\",\"nm\":\"Morceaux de poulet style poulet frit d\u00E9soss\u00E9s\",\"nme\":\"Southern Style Boneless Crispy Chicken\",\"attr\":\"\",\"sku\":\"31691\",\"l2\":\"Viande surgel\u00E9e\",\"sl\":\"morceaux-de-poulet-style-poulet-frit-desosses-flamingo-31691\",\"sn\":\"\",\"idxP\":37},{\"mq\":\"Flamingo\",\"nm\":\"Bouch\u00E9e de poulet nature pan\u00E9e cuite surgel\u00E9e\",\"nme\":\"Frozen plain breaded chicken chunkies cooked\",\"attr\":\"\",\"sku\":\"31692\",\"l2\":\"Viande surgel\u00E9e\",\"sl\":\"bouchee-de-poulet-nature-panee-cuite-surgelee-flamingo-31692\",\"sn\":\"\",\"idxP\":38},{\"mq\":\"Uptime\",\"nm\":\"Wonton au porc et \u00E9chalotes congel\u00E9\",\"nme\":\"Frozen pork and green onion wonton\",\"attr\":\"\",\"sku\":\"40635\",\"l2\":\"Mets surgel\u00E9s\",\"sl\":\"wonton-au-porc-et-echalotes-congele-uptime-40635\",\"sn\":\"onions\",\"idxP\":71},{\"mq\":\"Uptime\",\"nm\":\"Wonton au poulet, crevettes et c\u00E9leri congel\u00E9\",\"nme\":\"Frozen chicken, shrimps and celery wonton\",\"attr\":\"\",\"sku\":\"40633\",\"l2\":\"Mets surgel\u00E9s\",\"sl\":\"wonton-au-poulet-crevettes-et-celeri-congele-uptime-40633\",\"sn\":\"crevettes\",\"idxP\":62},{\"mq\":\"Uptime\",\"nm\":\"Wonton au porc et aux crevettes congel\u00E9\",\"nme\":\"Frozen pork and shrimps wonton\",\"attr\":\"\",\"sku\":\"40634\",\"l2\":\"Mets surgel\u00E9s\",\"sl\":\"wonton-au-porc-et-aux-crevettes-congele-uptime-40634\",\"sn\":\"crevettes\",\"idxP\":67},{\"mq\":\"Uptime\",\"nm\":\"Wonton au poulet et coriandre congel\u00E9\",\"nme\":\"Frozen chicken and coriander wonton\",\"attr\":\"\",\"sku\":\"40637\",\"l2\":\"Mets surgel\u00E9s\",\"sl\":\"wonton-au-poulet-et-coriandre-congele-uptime-40637\",\"sn\":\"\",\"idxP\":75},{\"mq\":\"Uptime\",\"nm\":\"Wonton au poulet et \u00E9chalotes congel\u00E9\",\"nme\":\"Frozen chicken and green onion wonton\",\"attr\":\"\",\"sku\":\"40636\",\"l2\":\"Mets surgel\u00E9s\",\"sl\":\"wonton-au-poulet-et-echalotes-congele-uptime-40636\",\"sn\":\"onions\",\"idxP\":73},{\"mq\":\"Olymel\",\"nm\":\"Morceaux poitrine poulet style tempura, halal CG\",\"nme\":\"Tempura Halal Chicken Breast Pieces FZ\",\"attr\":\"\",\"sku\":\"41200\",\"l2\":\"Viande surgel\u00E9e\",\"sl\":\"morceaux-poitrine-poulet-style-tempura-halal-cg-olymel-41200\",\"sn\":\"\",\"idxP\":36},{\"mq\":\"Maple Lodge\",\"nm\":\"Saucisse enrob\u00E9 de p\u00E2te sur b\u00E2ton halal\",\"nme\":\"Zabiha Halal Corn Dog\",\"attr\":\"\",\"sku\":\"26157\",\"l2\":\"Mets surgel\u00E9s\",\"sl\":\"saucisse-enrobe-de-pate-sur-baton-halal-maple-lodge-26157\",\"sn\":\"\",\"idxP\":32},{\"mq\":\"Aqua Gems\",\"nm\":\"Crevettes blanches crues Pacifique 31\\\/40 surgel\u00E9es\",\"nme\":\"Frozen Raw White Shrimps 31\\\/40\",\"attr\":\"\",\"sku\":\"27534\",\"l2\":\"Fruit de mer surgel\u00E9\",\"sl\":\"crevettes-blanches-crues-pacifique-3140-surgelees-aqua-gems-27534\",\"sn\":\"crevettes\",\"idxP\":76},{\"mq\":\"Como\",\"nm\":\"Pizza au pepperoni et fromage congel\u00E9e\",\"nme\":\"Frozen Pepperoni and Cheese Pizza\",\"attr\":\"\",\"sku\":\"36478\",\"l2\":\"Pizza surgel\u00E9e\",\"sl\":\"pizza-au-pepperoni-et-fromage-congelee-como-36478\",\"sn\":\"fromages\",\"idxP\":46},{\"mq\":\"Como\",\"nm\":\"Pizza toute garnie congel\u00E9e\",\"nme\":\"Frozen All Dressed Pizza\",\"attr\":\"\",\"sku\":\"36484\",\"l2\":\"Pizza surgel\u00E9e\",\"sl\":\"pizza-toute-garnie-congelee-como-36484\",\"sn\":\"\",\"idxP\":75},{\"mq\":\"Bridor\",\"nm\":\"Panini pr\u00E9-cuit surgel\u00E9\",\"nme\":\"Frozen Pre-Cooked Panini\",\"attr\":\"\",\"sku\":\"48181\",\"l2\":\"Boulangerie surgel\u00E9e\",\"sl\":\"panini-pre-cuit-surgele-bridor-48181\",\"sn\":\"\",\"idxP\":100},{\"mq\":\"Mirabel\",\"nm\":\"Crevettes tigr\u00E9es noires crues 6-8\\\/lb CG\",\"nme\":\"Black Tiger Shrimp Raw  6-8\\\/lb FZ\",\"attr\":\"\",\"sku\":\"11259\",\"l2\":\"Fruit de mer surgel\u00E9\",\"sl\":\"crevettes-tigrees-noires-crues-6-8lb-cg-mirabel-11259\",\"sn\":\"crevettes\",\"idxP\":20},{\"mq\":\"Mirabel\",\"nm\":\"Crevettes tigr\u00E9es noires crues 8-12\\\/lb CG\",\"nme\":\"Black Tiger Shrimp Raw 8-12\\\/lb CG\",\"attr\":\"\",\"sku\":\"11260\",\"l2\":\"Fruit de mer surgel\u00E9\",\"sl\":\"crevettes-tigrees-noires-crues-8-12lb-cg-mirabel-11260\",\"sn\":\"crevettes\",\"idxP\":47},{\"mq\":\"Fjord oceanic\",\"nm\":\"Truite arc-en-ciel filet congel\u00E9\",\"nme\":\"Frozen rainbow trout fillet\",\"attr\":\"\",\"sku\":\"11266\",\"l2\":\"Poisson surgel\u00E9\",\"sl\":\"truite-arc-en-ciel-filet-congele-fjord-oceanic-11266\",\"sn\":\"\",\"idxP\":74},{\"mq\":\"Bridor\",\"nm\":\"Croissant au beurre pr\u00EAt-\u00E0-cuire surgel\u00E9\",\"nme\":\"Frozen Ready to Cook Butter Croissant\",\"attr\":\"\",\"sku\":\"35879\",\"l2\":\"Boulangerie surgel\u00E9e\",\"sl\":\"croissant-au-beurre-pret-a-cuire-surgele-bridor-35879\",\"sn\":\"croissants\",\"idxP\":100},{\"mq\":\"Aqua Gems\",\"nm\":\"Crevettes blanches crues Pacifique 26\\\/30 surgel\u00E9es\",\"nme\":\"Frozen White Raw Shrimps 26\\\/30\",\"attr\":\"\",\"sku\":\"27535\",\"l2\":\"Fruit de mer surgel\u00E9\",\"sl\":\"crevettes-blanches-crues-pacifique-2630-surgelees-aqua-gems-27535\",\"sn\":\"crevettes\",\"idxP\":0},{\"mq\":\"Bridor\",\"nm\":\"Chocolatine au beurre pr\u00EAt-\u00E0-cuire surgel\u00E9e\",\"nme\":\"Frozen Ready to Cook Butter Chocolatine\",\"attr\":\"\",\"sku\":\"29156\",\"l2\":\"P\u00E2tisserie surgel\u00E9e\",\"sl\":\"chocolatine-au-beurre-pret-a-cuire-surgelee-bridor-29156\",\"sn\":\"\",\"idxP\":91},{\"mq\":\"Bridor\",\"nm\":\"Panier de mini danoises \u00E0 l'\u00E9rable surgel\u00E9es\",\"nme\":\"Frozen Mini Maple Danish Basket\",\"attr\":\"\",\"sku\":\"33092\",\"l2\":\"Boulangerie surgel\u00E9e\",\"sl\":\"panier-de-mini-danoises-a-lerable-surgelees-bridor-33092\",\"sn\":\"\",\"idxP\":23},{\"mq\":\"Blue Tide\",\"nm\":\"M\u00E9lange de fruits de mer cultiv\u00E9s CG\",\"nme\":\"Farm seafood mix FZ\",\"attr\":\"\",\"sku\":\"10570\",\"l2\":\"Fruit de mer surgel\u00E9\",\"sl\":\"melange-de-fruits-de-mer-cultives-cg-blue-tide-10570\",\"sn\":\"\",\"idxP\":85},{\"mq\":\"Novali\",\"nm\":\"Galette d'avoine congel\u00E9e\",\"nme\":\"Frozen Oat Cooked Cake\",\"attr\":\"\",\"sku\":\"13622\",\"l2\":\"P\u00E2tisserie surgel\u00E9e\",\"sl\":\"galette-davoine-congelee-novali-13622\",\"sn\":\"\",\"idxP\":5},{\"mq\":\"Aqua Gems\",\"nm\":\"Crevettes crues surgel\u00E9es 90\\\/130\",\"nme\":\"Frozen Raw Shrimps 90\\\/130\",\"attr\":\"\",\"sku\":\"28214\",\"l2\":\"Fruit de mer surgel\u00E9\",\"sl\":\"crevettes-crues-surgelees-90130-aqua-gems-28214\",\"sn\":\"crevettes\",\"idxP\":89},{\"mq\":\"Bridor\",\"nm\":\"Brioche \u00E0 la cannelle surgel\u00E9e 6un\",\"nme\":\"Frozen Cinnamon Bun\",\"attr\":\"\",\"sku\":\"25266\",\"l2\":\"Boulangerie surgel\u00E9e\",\"sl\":\"brioche-a-la-cannelle-surgelee-6un-bridor-25266\",\"sn\":\"\",\"idxP\":67},{\"mq\":\"Como\",\"nm\":\"Pizza aux l\u00E9gumes congel\u00E9e\",\"nme\":\"Frozen Vegetables Pizza\",\"attr\":\"\",\"sku\":\"36490\",\"l2\":\"Pizza surgel\u00E9e\",\"sl\":\"pizza-aux-legumes-congelee-como-36490\",\"sn\":\"\",\"idxP\":23},{\"mq\":\"Como\",\"nm\":\"Pizza Margherita congel\u00E9e\",\"nme\":\"Frozen Margherita Pizza\",\"attr\":\"\",\"sku\":\"01369\",\"l2\":\"Pizza surgel\u00E9e\",\"sl\":\"pizza-margherita-congelee-como-01369\",\"sn\":\"\",\"idxP\":44},{\"mq\":\"Anchors Bay\",\"nm\":\"Tilapia entier nettoy\u00E9 350\\\/550 CG\",\"nme\":\"Whole Cleaned Tilapia 350\\\/550 FZ\",\"attr\":\"\",\"sku\":\"10576\",\"l2\":\"Poisson surgel\u00E9\",\"sl\":\"tilapia-entier-nettoye-350550-cg-anchors-bay-10576\",\"sn\":\"\",\"idxP\":36},{\"mq\":\"SAVO\",\"nm\":\"Sorbet fraise - panne\",\"nme\":\"Strawberry sorbet - pan\",\"attr\":\"Sans gluten, Sans lactose, Produit local\",\"sku\":\"01632\",\"l2\":\"Cr\u00E8me glac\u00E9e et sorbet\",\"sl\":\"sorbet-fraise-panne-savo-01632\",\"sn\":\"fraises\",\"idxP\":12},{\"mq\":\"SAVO\",\"nm\":\"Sorbet citron - panne\",\"nme\":\"Lemon sorbet - pan\",\"attr\":\"Sans gluten, Sans lactose, Produit local\",\"sku\":\"01635\",\"l2\":\"Cr\u00E8me glac\u00E9e et sorbet\",\"sl\":\"sorbet-citron-panne-savo-01635\",\"sn\":\"citrons\",\"idxP\":12},{\"mq\":\"SAVO\",\"nm\":\"Sorbet framboise - panne\",\"nme\":\"Raspberry sorbet - pan\",\"attr\":\"\",\"sku\":\"01682\",\"l2\":\"Cr\u00E8me glac\u00E9e et sorbet\",\"sl\":\"sorbet-framboise-panne-savo-01682\",\"sn\":\"framboises\",\"idxP\":18},{\"mq\":\"SAVO\",\"nm\":\"Gelato chocolat noir - panne\",\"nme\":\"Dark chocolate gelato - pan\",\"attr\":\"\",\"sku\":\"01684\",\"l2\":\"Cr\u00E8me glac\u00E9e et sorbet\",\"sl\":\"gelato-chocolat-noir-panne-savo-01684\",\"sn\":\"\",\"idxP\":10},{\"mq\":\"SAVO\",\"nm\":\"Sorbet mangue - panne\",\"nme\":\"Mango sorbet - pan\",\"attr\":\"\",\"sku\":\"01683\",\"l2\":\"Cr\u00E8me glac\u00E9e et sorbet\",\"sl\":\"sorbet-mangue-panne-savo-01683\",\"sn\":\"mangues\",\"idxP\":18},{\"mq\":\"Alasko\",\"nm\":\"Bananes tranch\u00E9es surgel\u00E9es\",\"nme\":\"Frozen Sliced Bananas\",\"attr\":\"\",\"sku\":\"30671\",\"l2\":\"Fruits et pur\u00E9e surgel\u00E9s\",\"sl\":\"bananes-tranchees-surgelees-alasko-30671\",\"sn\":\"ananas, bananes\",\"idxP\":50},{\"mq\":\"Lesters\",\"nm\":\"Saucisses fum\u00E9es hot-dog #12 surgel\u00E9es\",\"nme\":\"Frozen Hot-dog Wiener Sausages #12\",\"attr\":\"\",\"sku\":\"29953\",\"l2\":\"Viande surgel\u00E9e\",\"sl\":\"saucisses-fumees-hot-dog-12-surgelees-lesters-29953\",\"sn\":\"\",\"idxP\":65},{\"mq\":\"Aqua Gems\",\"nm\":\"Crevettes cuites pel\u00E9es a\\\/queue 16\\\/20 surgel\u00E9es\",\"nme\":\"Shrimps cooked, peeled w\\\/tail 16\\\/20 FZ\",\"attr\":\"\",\"sku\":\"10578\",\"l2\":\"Fruit de mer surgel\u00E9\",\"sl\":\"crevettes-cuites-pelees-aqueue-1620-surgelees-aqua-gems-10578\",\"sn\":\"crevettes\",\"idxP\":85},{\"mq\":\"Pearlmark\",\"nm\":\"Grenouille cuisses 16-20 Indon\u00E9sie\",\"nme\":\"Frog Legs 16-20 Indonesia\",\"attr\":\"\",\"sku\":\"10583\",\"l2\":\"Autre\",\"sl\":\"grenouille-cuisses-16-20-indonesie-pearlmark-10583\",\"sn\":\"\",\"idxP\":12},{\"mq\":\"Aqua Gems\",\"nm\":\"Crevettes cuites pel\u00E9es a\\\/queue 26\\\/30 surgel\u00E9es\",\"nme\":\"Shrimps cooked, peeled w\\\/tail 26\\\/30 FZ\",\"attr\":\"\",\"sku\":\"10580\",\"l2\":\"Fruit de mer surgel\u00E9\",\"sl\":\"crevettes-cuites-pelees-aqueue-2630-surgelees-aqua-gems-10580\",\"sn\":\"crevettes\",\"idxP\":62},{\"mq\":\"Pearlmark\",\"nm\":\"Espadon steak 6oz S-V CG\",\"nme\":\"Swordfish Steak 6oz IVP CG\",\"attr\":\"\",\"sku\":\"10582\",\"l2\":\"Poisson surgel\u00E9\",\"sl\":\"espadon-steak-6oz-s-v-cg-pearlmark-10582\",\"sn\":\"\",\"idxP\":34},{\"mq\":\"Novali\",\"nm\":\"Cro\u00FBtes sal\u00E9es 8\\\" surgel\u00E9es\",\"nme\":\"Unsweetened 8\\\" Frozen Pie Shell\",\"attr\":\"\",\"sku\":\"42929\",\"l2\":\"P\u00E2tisserie surgel\u00E9e\",\"sl\":\"croutes-salees-8-surgelees-novali-42929\",\"sn\":\"\",\"idxP\":9},{\"mq\":\"Flamingo\",\"nm\":\"Ailes de poulet Buffalo r\u00F4ties au four surgel\u00E9e\",\"nme\":\"Frozen Oven Roasted Buffalo Chicken Wings\",\"attr\":\"\",\"sku\":\"02116\",\"l2\":\"Viande surgel\u00E9e\",\"sl\":\"ailes-de-poulet-buffalo-roties-au-four-surgelee-flamingo-02116\",\"sn\":\"\",\"idxP\":44},{\"mq\":\"Antico forno\",\"nm\":\"Cro\u00FBtes pinsa romana\",\"nme\":\"Pinsa romana crust\",\"attr\":\"\",\"sku\":\"02130\",\"l2\":\"Pizza surgel\u00E9e\",\"sl\":\"croutes-pinsa-romana-antico-forno-02130\",\"sn\":\"\",\"idxP\":43},{\"mq\":\"Flamingo\",\"nm\":\"Filets poitrine poulet assaisonn\u00E9s,pan\u00E9s ent. cuit\",\"nme\":\"Seasoned chicken breast fillets, breaded ent. cook\",\"attr\":\"\",\"sku\":\"02194\",\"l2\":\"Viande surgel\u00E9e\",\"sl\":\"filets-poitrine-poulet-assaisonnespanes-ent.-cuit-flamingo-02194\",\"sn\":\"\",\"idxP\":22},{\"mq\":\"Flamingo\",\"nm\":\"Ailes de poulet BBQ r\u00F4ties au four surgel\u00E9e\",\"nme\":\"Frozen Oven Roasted BBQ Chicken Wings\",\"attr\":\"\",\"sku\":\"02113\",\"l2\":\"Viande surgel\u00E9e\",\"sl\":\"ailes-de-poulet-bbq-roties-au-four-surgelee-flamingo-02113\",\"sn\":\"\",\"idxP\":47},{\"mq\":\"Flamingo\",\"nm\":\"Ailes poulet Miel et Ail r\u00F4ties au four surgel\u00E9e\",\"nme\":\"Frozen Honey Garlic Oven Roasted Chicken Wings\",\"attr\":\"\",\"sku\":\"02115\",\"l2\":\"Viande surgel\u00E9e\",\"sl\":\"ailes-poulet-miel-et-ail-roties-au-four-surgelee-flamingo-02115\",\"sn\":\"\",\"idxP\":35},{\"mq\":\"Flamingo\",\"nm\":\"Lani\u00E8res poitrine poulet pan\u00E9es et enti\u00E8re. cuites\",\"nme\":\"Breaded and whole chicken breast strips. cooked\",\"attr\":\"\",\"sku\":\"02192\",\"l2\":\"Viande surgel\u00E9e\",\"sl\":\"lanieres-poitrine-poulet-panees-et-entiere.-cuites-flamingo-02192\",\"sn\":\"\",\"idxP\":38},{\"mq\":\"Plaisirs Gastronomiques\",\"nm\":\"Tourti\u00E8re surgel\u00E9e\",\"nme\":\"Frozen Meat Pie\",\"attr\":\"\",\"sku\":\"29400\",\"l2\":\"Mets surgel\u00E9s\",\"sl\":\"tourtiere-surgelee-plaisirs-gastronomiques-29400\",\"sn\":\"\",\"idxP\":52},{\"mq\":\"Plaisirs Gastronomiques\",\"nm\":\"Pat\u00E9 au poulet surgel\u00E9\",\"nme\":\"Frozen Chicken Pie\",\"attr\":\"\",\"sku\":\"29401\",\"l2\":\"Mets surgel\u00E9s\",\"sl\":\"pate-au-poulet-surgele-plaisirs-gastronomiques-29401\",\"sn\":\"\",\"idxP\":33},{\"mq\":\"Taterchef\",\"nm\":\"Rondelle oignon p\u00E2te congel\u00E9e\",\"nme\":\"Frozen Battered Onion Ring\",\"attr\":\"\",\"sku\":\"02595\",\"l2\":\"Mets surgel\u00E9s\",\"sl\":\"rondelle-oignon-pate-congelee-taterchef-02595\",\"sn\":\"onions, oignons\",\"idxP\":49},{\"mq\":\"Janes\",\"nm\":\"Morceaux de poisson pan\u00E9s congel\u00E9s\",\"nme\":\"Battered fish bites\",\"attr\":\"\",\"sku\":\"34497\",\"l2\":\"Poisson surgel\u00E9\",\"sl\":\"morceaux-de-poisson-panes-congeles-janes-34497\",\"sn\":\"\",\"idxP\":16},{\"mq\":\"Janes\",\"nm\":\"Burgers de poisson p\u00E2te \u00E0 la bi\u00E8re congel\u00E9s\",\"nme\":\"Frozen eer battered fish burgers\",\"attr\":\"\",\"sku\":\"34499\",\"l2\":\"Poisson surgel\u00E9\",\"sl\":\"burgers-de-poisson-pate-a-la-biere-congeles-janes-34499\",\"sn\":\"\",\"idxP\":14},{\"mq\":\"Janes\",\"nm\":\"Poisson en p\u00E2te style anglais congel\u00E9\",\"nme\":\"English style breaded fish\",\"attr\":\"\",\"sku\":\"34491\",\"l2\":\"Poisson surgel\u00E9\",\"sl\":\"poisson-en-pate-style-anglais-congele-janes-34491\",\"sn\":\"\",\"idxP\":13},{\"mq\":\"Bridor\",\"nm\":\"Avalanche de chocolat pr\u00EAt-\u00E0-cuire surgel\u00E9\",\"nme\":\"Frozen Ready to Cook Chocolate Avalanche\",\"attr\":\"\",\"sku\":\"29136\",\"l2\":\"Boulangerie surgel\u00E9e\",\"sl\":\"avalanche-de-chocolat-pret-a-cuire-surgele-bridor-29136\",\"sn\":\"\",\"idxP\":73},{\"mq\":\"Rio Grande\",\"nm\":\"Galettes de ma\u00EFs sucr\u00E9es chirilagua congel\u00E9es\",\"nme\":\"Frozen green corn chirilagua tamales\",\"attr\":\"\",\"sku\":\"31468\",\"l2\":\"Fruits et pur\u00E9e surgel\u00E9s\",\"sl\":\"galettes-de-mais-sucrees-chirilagua-congelees-rio-grande-31468\",\"sn\":\"\",\"idxP\":25},{\"mq\":\"Cavendish\",\"nm\":\"Frites coupe double julienne surgel\u00E9es\",\"nme\":\"Frozen Potato Double Julienne Cut\",\"attr\":\"\",\"sku\":\"24879\",\"l2\":\"L\u00E9gumes surgel\u00E9s\",\"sl\":\"frites-coupe-double-julienne-surgelees-cavendish-24879\",\"sn\":\"\",\"idxP\":100},{\"mq\":\"Bridor\",\"nm\":\"Pain baguette pr\u00E9-cuite\",\"nme\":\"Pre-Cooked Baguette Bread\",\"attr\":\"\",\"sku\":\"49961\",\"l2\":\"Boulangerie surgel\u00E9e\",\"sl\":\"pain-baguette-pre-cuite-bridor-49961\",\"sn\":\"\",\"idxP\":100},{\"mq\":\"Alasko\",\"nm\":\"Kiwi tranch\u00E9 surgel\u00E9 individuellement\",\"nme\":\"Individually wrapped frozen sliced kiwi\",\"attr\":\"\",\"sku\":\"36464\",\"l2\":\"Fruits et pur\u00E9e surgel\u00E9s\",\"sl\":\"kiwi-tranche-surgele-individuellement-alasko-36464\",\"sn\":\"\",\"idxP\":57},{\"mq\":\"Alasko\",\"nm\":\"M\u00E9lange smoothie surgel\u00E9\",\"nme\":\"Frozen smoothie mix\",\"attr\":\"\",\"sku\":\"33894\",\"l2\":\"Fruits et pur\u00E9e surgel\u00E9s\",\"sl\":\"melange-smoothie-surgele-alasko-33894\",\"sn\":\"\",\"idxP\":50},{\"mq\":\"Shawbridge\",\"nm\":\"Sauce pizza congel\u00E9e\",\"nme\":\"Frozen Pizza sauce\",\"attr\":\"Produit local\",\"sku\":\"36001\",\"l2\":\"Pizza surgel\u00E9e\",\"sl\":\"sauce-pizza-congelee-shawbridge-36001\",\"sn\":\"\",\"idxP\":23},{\"mq\":\"Bridor\",\"nm\":\"Macarons assortis cg\",\"nme\":\"Frozen Assorted Macarons\",\"attr\":\"\",\"sku\":\"02824\",\"l2\":\"P\u00E2tisserie surgel\u00E9e\",\"sl\":\"macarons-assortis-cg-bridor-02824\",\"sn\":\"\",\"idxP\":25},{\"mq\":\"Alasko\",\"nm\":\"Poivrons verts en d\u00E9s surgel\u00E9s IQF\",\"nme\":\"IQF Frozen Diced Green Peppers\",\"attr\":\"\",\"sku\":\"41967\",\"l2\":\"L\u00E9gumes surgel\u00E9s\",\"sl\":\"poivrons-verts-en-des-surgeles-iqf-alasko-41967\",\"sn\":\"\",\"idxP\":68},{\"mq\":\"Oc\u00E9anic\",\"nm\":\"Crevettes roses d'Argentine P&D crues16\\\/20\",\"nme\":\"Argentina Raw 16\\\/20 Pink P&D Shrimp\",\"attr\":\"\",\"sku\":\"03029\",\"l2\":\"Fruit de mer surgel\u00E9\",\"sl\":\"crevettes-roses-dargentine-pd-crues1620-oceanic-03029\",\"sn\":\"crevettes\",\"idxP\":100},{\"mq\":\"Alasko\",\"nm\":\"M\u00E9lange fraise p\u00EAche m\u00FBre fiesta surgel\u00E9\",\"nme\":\"Frozen Strawberry Peach Blackberry Blend\",\"attr\":\"\",\"sku\":\"24754\",\"l2\":\"Fruits et pur\u00E9e surgel\u00E9s\",\"sl\":\"melange-fraise-peche-mure-fiesta-surgele-alasko-24754\",\"sn\":\"\",\"idxP\":51},{\"mq\":\"Phil & Fred pizzeria\",\"nm\":\"Pizza pepperoni-bacon congel\u00E9e\",\"nme\":\"Frozen pepperoni-bacon pizza\",\"attr\":\"\",\"sku\":\"03306\",\"l2\":\"Pizza surgel\u00E9e\",\"sl\":\"pizza-pepperoni-bacon-congelee-phil-fred-pizzeria-03306\",\"sn\":\"\",\"idxP\":73},{\"mq\":\"Phil & Fred pizzeria\",\"nm\":\"Pizza mediterraneenne congel\u00E9e\",\"nme\":\"Frozen mediterranean pizza\",\"attr\":\"\",\"sku\":\"03307\",\"l2\":\"Pizza surgel\u00E9e\",\"sl\":\"pizza-mediterraneenne-congelee-phil-fred-pizzeria-03307\",\"sn\":\"\",\"idxP\":58},{\"mq\":\"Phil & Fred pizzeria\",\"nm\":\"Pizza toute garnie congel\u00E9e\",\"nme\":\"Frozen all-dressed pizza\",\"attr\":\"\",\"sku\":\"03305\",\"l2\":\"Pizza surgel\u00E9e\",\"sl\":\"pizza-toute-garnie-congelee-phil-fred-pizzeria-03305\",\"sn\":\"\",\"idxP\":89}], [{\"mq\":\"Olymel\",\"nm\":\"Poitrine de poulet lani\u00E8re cuite congel\u00E9e\",\"nme\":\"Frozen Cooked Chicken Breast Strip\",\"attr\":\"\",\"sku\":\"11000\",\"l2\":\"Viande surgel\u00E9e\",\"sl\":\"poitrine-de-poulet-laniere-cuite-congelee-olymel-11000\",\"sn\":\"\",\"idxP\":6},{\"mq\":\"Olymel\",\"nm\":\"Aile de poulet buffalo cuite (110-140) congel\u00E9e\",\"nme\":\"Frozen Baked Buffalo Chicken Wing (110-140)\",\"attr\":\"\",\"sku\":\"10994\",\"l2\":\"Viande surgel\u00E9e\",\"sl\":\"aile-de-poulet-buffalo-cuite-110-140-congelee-olymel-10994\",\"sn\":\"\",\"idxP\":7},{\"mq\":\"Olymel\",\"nm\":\"Poitrine de poulet croque-tonnerre 35 morceaux cg\",\"nme\":\"35 Pieces Frozen Croque-Tonnerre Chicken Breast\",\"attr\":\"\",\"sku\":\"65020\",\"l2\":\"Viande surgel\u00E9e\",\"sl\":\"poitrine-de-poulet-croque-tonnerre-35-morceaux-cg-olymel-65020\",\"sn\":\"\",\"idxP\":9},{\"mq\":\"Mayrand CHEF\",\"nm\":\"Ailes de poulet cuites bbq congel\u00E9es\",\"nme\":\"Frozen Bbq Cooked Chicken Wings\",\"attr\":\"\",\"sku\":\"30911\",\"l2\":\"Viande surgel\u00E9e\",\"sl\":\"ailes-de-poulet-cuites-bbq-congelees-mayrand-chef-30911\",\"sn\":\"\",\"idxP\":100},{\"mq\":\"Flamingo\",\"nm\":\"Poulet doigt pan\u00E9 croque-tonnerre crousti cg\",\"nme\":\"Frozen Croque-Tonnerre Breaded Chicken Finger\",\"attr\":\"\",\"sku\":\"11017\",\"l2\":\"Viande surgel\u00E9e\",\"sl\":\"poulet-doigt-pane-croque-tonnerre-crousti-cg-flamingo-11017\",\"sn\":\"\",\"idxP\":16},{\"mq\":\"Olymel\",\"nm\":\"Poitrine de poulet lani\u00E8re pan\u00E9e ass. non cuite cg\",\"nme\":\"Assorted Frozen Raw Breaded Chicken Breast Strip\",\"attr\":\"\",\"sku\":\"65287\",\"l2\":\"Viande surgel\u00E9e\",\"sl\":\"poitrine-de-poulet-laniere-panee-ass.-non-cuite-cg-olymel-65287\",\"sn\":\"\",\"idxP\":7},{\"mq\":\"Bridor\",\"nm\":\"Pain panini fran\u00E7ais surgel\u00E9\",\"nme\":\"Frozen French Panini Bread\",\"attr\":\"\",\"sku\":\"11168\",\"l2\":\"Boulangerie surgel\u00E9e\",\"sl\":\"pain-panini-francais-surgele-bridor-11168\",\"sn\":\"\",\"idxP\":3},{\"mq\":\"Phil & Fred pizzeria\",\"nm\":\"Pizza margherita congel\u00E9e\",\"nme\":\"Frozen Margherita Pizza\",\"attr\":\"\",\"sku\":\"11300\",\"l2\":\"Pizza surgel\u00E9e\",\"sl\":\"pizza-margherita-congelee-phil-fred-pizzeria-11300\",\"sn\":\"\",\"idxP\":50},{\"mq\":\"Exceldor\",\"nm\":\"Poulet aile ass. nature (90-110) cuite CG\",\"nme\":\"Plain cooked chicken wing frozen\",\"attr\":\"\",\"sku\":\"11372\",\"l2\":\"Viande surgel\u00E9e\",\"sl\":\"poulet-aile-ass.-nature-90-110-cuite-cg-exceldor-11372\",\"sn\":\"\",\"idxP\":7},{\"mq\":\"High Liner\",\"nm\":\"Longe de Morue Atl. 6-8oz surgel\u00E9e\",\"nme\":\"Frozen Atl. Cod Loin 6-8oz\",\"attr\":\"\",\"sku\":\"11373\",\"l2\":\"Poisson surgel\u00E9\",\"sl\":\"longe-de-morue-atl.-6-8oz-surgelee-high-liner-11373\",\"sn\":\"\",\"idxP\":10},{\"mq\":\"Bridor\",\"nm\":\"Pastel de nata cuit surgel\u00E9\",\"nme\":\"Baked Pastel De Nata\",\"attr\":\"\",\"sku\":\"67365\",\"l2\":\"Boulangerie surgel\u00E9e\",\"sl\":\"pastel-de-nata-cuit-surgele-bridor-67365\",\"sn\":\"\",\"idxP\":1},{\"mq\":\"Novali\",\"nm\":\"M\u00E9lange \u00E0 muffin g\u00E2teau de f\u00EAte CG\",\"nme\":\"Frozen Birthday Cake Muffin Mix\",\"attr\":\"\",\"sku\":\"67353\",\"l2\":\"P\u00E2tisserie surgel\u00E9e\",\"sl\":\"melange-a-muffin-gateau-de-fete-cg-novali-67353\",\"sn\":\"\",\"idxP\":0},{\"mq\":\"SAVO\",\"nm\":\"Gelato or\u00E9o - panne\",\"nme\":\"Oreo gelato - pan\",\"attr\":\"\",\"sku\":\"66799\",\"l2\":\"Cr\u00E8me glac\u00E9e et sorbet\",\"sl\":\"gelato-oreo-panne-savo-66799\",\"sn\":\"\",\"idxP\":2},{\"mq\":\"SAVO\",\"nm\":\"Gelato p\u00E2te \u00E0 biscuits - panne\",\"nme\":\"Cookie dough gelato - pan\",\"attr\":\"\",\"sku\":\"65645\",\"l2\":\"Cr\u00E8me glac\u00E9e et sorbet\",\"sl\":\"gelato-pate-a-biscuits-panne-savo-65645\",\"sn\":\"\",\"idxP\":2},{\"mq\":\"Mirabel\",\"nm\":\"Crevettes blanches 31\\\/40 avec queue surgel\u00E9es\",\"nme\":\"Frozen shrimp 31\\\/40 tail-on\",\"attr\":\"\",\"sku\":\"11366\",\"l2\":\"Fruit de mer surgel\u00E9\",\"sl\":\"crevettes-blanches-3140-avec-queue-surgelees-mirabel-11366\",\"sn\":\"crevettes\",\"idxP\":69},{\"mq\":\"Lesters\",\"nm\":\"Pepperoni tranch\u00E9 3.5\\\" congel\u00E9\",\"nme\":\"3.5\\\" Frozen Sliced Pepperoni\",\"attr\":\"\",\"sku\":\"41958\",\"l2\":\"Viande surgel\u00E9e\",\"sl\":\"pepperoni-tranche-3.5-congele-lesters-41958\",\"sn\":\"\",\"idxP\":4},{\"mq\":\"Salamina\",\"nm\":\"Bacon pr\u00E9-cuit \u00E0 pizza 70% cg\",\"nme\":\"Frozen Pre-Cooked 70% Pizza Bacon\",\"attr\":\"\",\"sku\":\"11046\",\"l2\":\"Viande surgel\u00E9e\",\"sl\":\"bacon-pre-cuit-a-pizza-70-cg-salamina-11046\",\"sn\":\"\",\"idxP\":0},{\"mq\":\"Below Zero\",\"nm\":\"\u00C9pinard hach\u00E9 surgel\u00E9\",\"nme\":\"Frozen Chopped Spinach\",\"attr\":\"\",\"sku\":\"29656\",\"l2\":\"L\u00E9gumes surgel\u00E9s\",\"sl\":\"epinard-hache-surgele-below-zero-29656\",\"sn\":\"\",\"idxP\":84},{\"mq\":\"Martinucci - Cuore Di Mamma\",\"nm\":\"Dessert glac\u00E9 pistache\\\/noisette\\\/chocolat\",\"nme\":\"Pistachio\\\/Hazelnut\\\/Chocolate Frozen Dessert\",\"attr\":\"\",\"sku\":\"11405\",\"l2\":\"Cr\u00E8me glac\u00E9e et sorbet\",\"sl\":\"dessert-glace-pistachenoisettechocolat-martinucci-cuore-di-mamma-11405\",\"sn\":\"\",\"idxP\":11},{\"mq\":\"Martinucci - Cuore Di Mamma\",\"nm\":\"Dessert glac\u00E9 p\u00E9pites de choco\\\/cacao\\\/caf\u00E9\",\"nme\":\"Choco\\\/Cocoa\\\/Coffee Chips Frozen Dessert\",\"attr\":\"\",\"sku\":\"11404\",\"l2\":\"Cr\u00E8me glac\u00E9e et sorbet\",\"sl\":\"dessert-glace-pepites-de-chococacaocafe-martinucci-cuore-di-mamma-11404\",\"sn\":\"croustille\",\"idxP\":8},{\"mq\":\"Martinucci - Cuore Di Mamma\",\"nm\":\"Dessert glac\u00E9 fraise\\\/citron\\\/p\u00EAche\",\"nme\":\"Strawberry\\\/Lemon\\\/Peach Frozen Dessert\",\"attr\":\"\",\"sku\":\"11406\",\"l2\":\"Cr\u00E8me glac\u00E9e et sorbet\",\"sl\":\"dessert-glace-fraisecitronpeche-martinucci-cuore-di-mamma-11406\",\"sn\":\"citrons, fraises\",\"idxP\":11},{\"mq\":\"Below Zero\",\"nm\":\"Rhubarbe tranch\u00E9e IQF surgel\u00E9e\",\"nme\":\"Frozen sliced rhubarb IQF\",\"attr\":\"\",\"sku\":\"33413\",\"l2\":\"Fruits et pur\u00E9e surgel\u00E9s\",\"sl\":\"rhubarbe-tranchee-iqf-surgelee-below-zero-33413\",\"sn\":\"\",\"idxP\":45},{\"mq\":\"Pearlmark\",\"nm\":\"Crevettes nordiques 125-175 CG\",\"nme\":\"Frozen Cooked Coldwater Shrimps 125-175\",\"attr\":\"\",\"sku\":\"11445\",\"l2\":\"Fruit de mer surgel\u00E9\",\"sl\":\"crevettes-nordiques-125-175-cg-pearlmark-11445\",\"sn\":\"crevettes\",\"idxP\":0},{\"mq\":\"Martin dessert\",\"nm\":\"Croustillant au sucre \u00E0 la cr\u00E8me surgel\u00E9\",\"nme\":\"Frozen Crispy Sugar Fudge\",\"attr\":\"\",\"sku\":\"67492\",\"l2\":\"P\u00E2tisserie surgel\u00E9e\",\"sl\":\"croustillant-au-sucre-a-la-creme-surgele-martin-dessert-67492\",\"sn\":\"\",\"idxP\":53},{\"mq\":\"Martinucci - Cuore Di Mamma\",\"nm\":\"Dessert glac\u00E9 vanille\\\/chocolat\\\/noisette\",\"nme\":\"Vanilla\\\/Chocolate\\\/Hazelnut Frozen Dessert\",\"attr\":\"\",\"sku\":\"11409\",\"l2\":\"Cr\u00E8me glac\u00E9e et sorbet\",\"sl\":\"dessert-glace-vanillechocolatnoisette-martinucci-cuore-di-mamma-11409\",\"sn\":\"\",\"idxP\":11},{\"mq\":\"Martin dessert\",\"nm\":\"G\u00E2teau millefeuille traditionnel surgel\u00E9\",\"nme\":\"Frozen Traditionnal Mille-Feuille Cake\",\"attr\":\"\",\"sku\":\"67487\",\"l2\":\"P\u00E2tisserie surgel\u00E9e\",\"sl\":\"gateau-millefeuille-traditionnel-surgele-martin-dessert-67487\",\"sn\":\"\",\"idxP\":46},{\"mq\":\"Martin dessert\",\"nm\":\"Mignon au fromage New-York surgel\u00E9\",\"nme\":\"Frozen New-York Cheesecake\",\"attr\":\"\",\"sku\":\"67489\",\"l2\":\"P\u00E2tisserie surgel\u00E9e\",\"sl\":\"mignon-au-fromage-new-york-surgele-martin-dessert-67489\",\"sn\":\"fromages\",\"idxP\":59},{\"mq\":\"Martin dessert\",\"nm\":\"Croustillant choco-caramel surgel\u00E9\",\"nme\":\"Frozen Crispy Choco-Caramel\",\"attr\":\"\",\"sku\":\"67491\",\"l2\":\"P\u00E2tisserie surgel\u00E9e\",\"sl\":\"croustillant-choco-caramel-surgele-martin-dessert-67491\",\"sn\":\"\",\"idxP\":54},{\"mq\":\"SAVO\",\"nm\":\"Sorbet framboise lime\",\"nme\":\"Raspberry lime sorbet\",\"attr\":\"\",\"sku\":\"65988\",\"l2\":\"Cr\u00E8me glac\u00E9e et sorbet\",\"sl\":\"sorbet-framboise-lime-savo-65988\",\"sn\":\"framboises\",\"idxP\":0},{\"mq\":\"Below Zero\",\"nm\":\"Fraise enti\u00E8re surgel\u00E9e\",\"nme\":\"Frozen Whole Strawberry\",\"attr\":\"\",\"sku\":\"11466\",\"l2\":\"Fruits et pur\u00E9e surgel\u00E9s\",\"sl\":\"fraise-entiere-surgelee-below-zero-11466\",\"sn\":\"fraises\",\"idxP\":0},{\"mq\":\"SAVO\",\"nm\":\"Sorbet mangue\",\"nme\":\"Mango sorbet\",\"attr\":\"\",\"sku\":\"65989\",\"l2\":\"Cr\u00E8me glac\u00E9e et sorbet\",\"sl\":\"sorbet-mangue-savo-65989\",\"sn\":\"mangues\",\"idxP\":0},{\"mq\":\"Martin dessert\",\"nm\":\"Croustillant mousse chocolat surgel\u00E9\",\"nme\":\"Frozen Crispy Chocolate Mousse\",\"attr\":\"\",\"sku\":\"67488\",\"l2\":\"P\u00E2tisserie surgel\u00E9e\",\"sl\":\"croustillant-mousse-chocolat-surgele-martin-dessert-67488\",\"sn\":\"\",\"idxP\":58},{\"mq\":\"SAVO\",\"nm\":\"Gelato chocolat 54%\",\"nme\":\"54% chocolate gelato\",\"attr\":\"\",\"sku\":\"65983\",\"l2\":\"Cr\u00E8me glac\u00E9e et sorbet\",\"sl\":\"gelato-chocolat-54-savo-65983\",\"sn\":\"\",\"idxP\":0},{\"mq\":\"Martin dessert\",\"nm\":\"Croustillant aux trois chocolats surgel\u00E9\",\"nme\":\"Frozen Crispy Three Chocolatte\",\"attr\":\"\",\"sku\":\"67490\",\"l2\":\"P\u00E2tisserie surgel\u00E9e\",\"sl\":\"croustillant-aux-trois-chocolats-surgele-martin-dessert-67490\",\"sn\":\"\",\"idxP\":46},{\"mq\":\"SAVO\",\"nm\":\"Sorbet fraise basilic\",\"nme\":\"Strawberry basil sorbet\",\"attr\":\"\",\"sku\":\"65987\",\"l2\":\"Cr\u00E8me glac\u00E9e et sorbet\",\"sl\":\"sorbet-fraise-basilic-savo-65987\",\"sn\":\"fraises\",\"idxP\":0},{\"mq\":\"El Tomas taqueria\",\"nm\":\"Burrito haricots et fromage congel\u00E9\",\"nme\":\"Frozen Bean & Cheese Burrito\",\"attr\":\"\",\"sku\":\"03704\",\"l2\":\"Mets surgel\u00E9s\",\"sl\":\"burrito-haricots-et-fromage-congele-el-tomas-taqueria-03704\",\"sn\":\"fromages\",\"idxP\":13},{\"mq\":\"El Tomas taqueria\",\"nm\":\"Burrito boeuf et haricots congel\u00E9\",\"nme\":\"Frozen Beef & Bean Burrito\",\"attr\":\"\",\"sku\":\"03705\",\"l2\":\"Mets surgel\u00E9s\",\"sl\":\"burrito-boeuf-et-haricots-congele-el-tomas-taqueria-03705\",\"sn\":\"oeufs\",\"idxP\":16},{\"mq\":\"High Liner\",\"nm\":\"Crevettes crues 16\\\/20 surgel\u00E9es\",\"nme\":\"Frozen Raw Shrimps 16\\\/20\",\"attr\":\"\",\"sku\":\"10577\",\"l2\":\"Fruit de mer surgel\u00E9\",\"sl\":\"crevettes-crues-1620-surgelees-high-liner-10577\",\"sn\":\"crevettes\",\"idxP\":70},{\"mq\":\"El Tomas taqueria\",\"nm\":\"Burrito piquant au boeuf congel\u00E9\",\"nme\":\"Frozen Red Hot Beef Burrito\",\"attr\":\"\",\"sku\":\"03706\",\"l2\":\"Mets surgel\u00E9s\",\"sl\":\"burrito-piquant-au-boeuf-congele-el-tomas-taqueria-03706\",\"sn\":\"oeufs\",\"idxP\":16},{\"mq\":\"Martin dessert\",\"nm\":\"Croustillant mousse au chocolat blanc et fraises\",\"nme\":\"Crispy White Chocolate Mousse And Strawberries\",\"attr\":\"\",\"sku\":\"67668\",\"l2\":\"P\u00E2tisserie surgel\u00E9e\",\"sl\":\"croustillant-mousse-au-chocolat-blanc-et-fraises-martin-dessert-67668\",\"sn\":\"fraises\",\"idxP\":18},{\"mq\":\"Below Zero\",\"nm\":\"Canneberges enti\u00E8res surgel\u00E9es\",\"nme\":\"Frozen Whole Cranberries\",\"attr\":\"\",\"sku\":\"11622\",\"l2\":\"Fruits et pur\u00E9e surgel\u00E9s\",\"sl\":\"canneberges-entieres-surgelees-below-zero-11622\",\"sn\":\"\",\"idxP\":87},{\"mq\":\"Cavendish\",\"nm\":\"Pommes de terre rissol\u00E9es\",\"nme\":\"Hash Browns\",\"attr\":\"\",\"sku\":\"67724\",\"l2\":\"L\u00E9gumes surgel\u00E9s\",\"sl\":\"pommes-de-terre-rissolees-cavendish-67724\",\"sn\":\"pommes\",\"idxP\":31},{\"mq\":\"Cavendish\",\"nm\":\"Frites en quartiers ail et romarin\",\"nme\":\"Garlic And Rosemary Potato Wedge\",\"attr\":\"\",\"sku\":\"67723\",\"l2\":\"L\u00E9gumes surgel\u00E9s\",\"sl\":\"frites-en-quartiers-ail-et-romarin-cavendish-67723\",\"sn\":\"\",\"idxP\":0},{\"mq\":\"Below Zero\",\"nm\":\"Asperge turion\",\"nme\":\"Asparagus Spear\",\"attr\":\"\",\"sku\":\"11607\",\"l2\":\"L\u00E9gumes surgel\u00E9s\",\"sl\":\"asperge-turion-below-zero-11607\",\"sn\":\"\",\"idxP\":27},{\"mq\":\"Alfa\",\"nm\":\"Mini torsade spanakopita\",\"nme\":\"Mini Twist Spanakopita\",\"attr\":\"\",\"sku\":\"11743\",\"l2\":\"Mets surgel\u00E9s\",\"sl\":\"mini-torsade-spanakopita-alfa-11743\",\"sn\":\"\",\"idxP\":0},{\"mq\":\"Alfa\",\"nm\":\"Rollini tyropita\",\"nme\":\"Rollini Tyropita\",\"attr\":\"\",\"sku\":\"11754\",\"l2\":\"Mets surgel\u00E9s\",\"sl\":\"rollini-tyropita-alfa-11754\",\"sn\":\"\",\"idxP\":0},{\"mq\":\"Alfa\",\"nm\":\"Mini rollitos 4 fromages\",\"nme\":\"Mini Rollitos 4 Cheeses\",\"attr\":\"\",\"sku\":\"11758\",\"l2\":\"Mets surgel\u00E9s\",\"sl\":\"mini-rollitos-4-fromages-alfa-11758\",\"sn\":\"fromages\",\"idxP\":0},{\"mq\":\"Alfa\",\"nm\":\"Torsade spanakopita\",\"nme\":\"Twist Spanakopita\",\"attr\":\"\",\"sku\":\"11753\",\"l2\":\"Mets surgel\u00E9s\",\"sl\":\"torsade-spanakopita-alfa-11753\",\"sn\":\"\",\"idxP\":0},{\"mq\":\"Alfa\",\"nm\":\"Rollini spanakopita\",\"nme\":\"Rollini Spanakopita\",\"attr\":\"\",\"sku\":\"11751\",\"l2\":\"Mets surgel\u00E9s\",\"sl\":\"rollini-spanakopita-alfa-11751\",\"sn\":\"\",\"idxP\":0},{\"mq\":\"Alfa\",\"nm\":\"Mini torsade tyropita\",\"nme\":\"Mini Twist Tyropita\",\"attr\":\"\",\"sku\":\"11756\",\"l2\":\"Mets surgel\u00E9s\",\"sl\":\"mini-torsade-tyropita-alfa-11756\",\"sn\":\"\",\"idxP\":0},{\"mq\":\"Alfa\",\"nm\":\"Rollini cr\u00E8me\",\"nme\":\"Rollini Cream\",\"attr\":\"\",\"sku\":\"11757\",\"l2\":\"Mets surgel\u00E9s\",\"sl\":\"rollini-creme-alfa-11757\",\"sn\":\"\",\"idxP\":0},{\"mq\":\"Alfa\",\"nm\":\"Torsade tyropita\",\"nme\":\"Twist Tyropita\",\"attr\":\"\",\"sku\":\"11759\",\"l2\":\"Mets surgel\u00E9s\",\"sl\":\"torsade-tyropita-alfa-11759\",\"sn\":\"\",\"idxP\":0},{\"mq\":\"Alfa\",\"nm\":\"Rollitos barbecue\",\"nme\":\"Rollitos Barbecue\",\"attr\":\"\",\"sku\":\"11755\",\"l2\":\"Mets surgel\u00E9s\",\"sl\":\"rollitos-barbecue-alfa-11755\",\"sn\":\"BBQ\",\"idxP\":0},{\"mq\":\"Alfa\",\"nm\":\"Mini triangles spanakopita\",\"nme\":\"Mini Triangles Spanakopita\",\"attr\":\"\",\"sku\":\"11749\",\"l2\":\"Mets surgel\u00E9s\",\"sl\":\"mini-triangles-spanakopita-alfa-11749\",\"sn\":\"\",\"idxP\":0},{\"mq\":\"Martin dessert\",\"nm\":\"Mignon au fromage \u00E0 la framboise\",\"nme\":\"Raspberry-Flavored Cheesecake\",\"attr\":\"\",\"sku\":\"67818\",\"l2\":\"P\u00E2tisserie surgel\u00E9e\",\"sl\":\"mignon-au-fromage-a-la-framboise-martin-dessert-67818\",\"sn\":\"framboises, fromages\",\"idxP\":14},{\"mq\":\"Quaker\",\"nm\":\"M\u00E9lange \u00E0 muffin bleuet sauvage\",\"nme\":\"Wild Blueberry Frozen Muffin Mix\",\"attr\":\"\",\"sku\":\"11810\",\"l2\":\"P\u00E2tisserie surgel\u00E9e\",\"sl\":\"melange-a-muffin-bleuet-sauvage-quaker-11810\",\"sn\":\"\",\"idxP\":0},{\"mq\":\"Quaker\",\"nm\":\"M\u00E9lange \u00E0 muffin carotte\",\"nme\":\"Carrot Frozen Muffin Mix\",\"attr\":\"\",\"sku\":\"11811\",\"l2\":\"P\u00E2tisserie surgel\u00E9e\",\"sl\":\"melange-a-muffin-carotte-quaker-11811\",\"sn\":\"carottes\",\"idxP\":0},{\"mq\":\"Alfa\",\"nm\":\"Mini rollitos pizza marguerita\",\"nme\":\"Mini Rollitos Pizza Marguerita\",\"attr\":\"\",\"sku\":\"11760\",\"l2\":\"Mets surgel\u00E9s\",\"sl\":\"mini-rollitos-pizza-marguerita-alfa-11760\",\"sn\":\"\",\"idxP\":0},{\"mq\":\"Alfa\",\"nm\":\"Rollini spanakopita vegan\",\"nme\":\"Rollini Vegan Spanakopita\",\"attr\":\"\",\"sku\":\"11752\",\"l2\":\"Mets surgel\u00E9s\",\"sl\":\"rollini-spanakopita-vegan-alfa-11752\",\"sn\":\"v\u00E9g\u00E9talien\",\"idxP\":0},{\"mq\":\"Martin dessert\",\"nm\":\"Croustillant passion-framboise\",\"nme\":\"Crispy Raspberry-Passion\",\"attr\":\"\",\"sku\":\"67819\",\"l2\":\"P\u00E2tisserie surgel\u00E9e\",\"sl\":\"croustillant-passion-framboise-martin-dessert-67819\",\"sn\":\"framboises\",\"idxP\":8},{\"mq\":\"Aqua Gems\",\"nm\":\"Thon bloc saku 10oz\",\"nme\":\"10oz Saku Tuna Block\",\"attr\":\"\",\"sku\":\"11845\",\"l2\":\"Poisson surgel\u00E9\",\"sl\":\"thon-bloc-saku-10oz-aqua-gems-11845\",\"sn\":\"\",\"idxP\":0},{\"mq\":\"Aqua Gems\",\"nm\":\"Thon bloc saku 10oz\",\"nme\":\"10oz Saku Tuna Block\",\"attr\":\"\",\"sku\":\"67824\",\"l2\":\"Poisson surgel\u00E9\",\"sl\":\"thon-bloc-saku-10oz-aqua-gems-67824\",\"sn\":\"\",\"idxP\":1},{\"mq\":\"Cavendish\",\"nm\":\"Frite coupe gaufr\u00E9e croustillante avec pelure\",\"nme\":\"Crispy Waffle Cut Fries with Peel\",\"attr\":\"\",\"sku\":\"11987\",\"l2\":\"L\u00E9gumes surgel\u00E9s\",\"sl\":\"frite-coupe-gaufree-croustillante-avec-pelure-cavendish-11987\",\"sn\":\"\",\"idxP\":0},{\"mq\":\"Chasiotis\",\"nm\":\"Pain pita bl\u00E9\",\"nme\":\"Wheat Pita Bred\",\"attr\":\"\",\"sku\":\"12006\",\"l2\":\"Boulangerie surgel\u00E9e\",\"sl\":\"pain-pita-ble-chasiotis-12006\",\"sn\":\"\",\"idxP\":0},{\"mq\":\"Novali\",\"nm\":\"Fond et dessus de tarte 9\\\"\",\"nme\":\"9\\\" Bottom and Top Pie Shells\",\"attr\":\"\",\"sku\":\"12048\",\"l2\":\"P\u00E2tisserie surgel\u00E9e\",\"sl\":\"fond-et-dessus-de-tarte-9-novali-12048\",\"sn\":\"\",\"idxP\":0},{\"mq\":\"Martin Dessert\",\"nm\":\"B\u00FBche au sucre \u00E0 la cr\u00E8me et \u00E9rable\",\"nme\":\"Maple & Sugar Cream Log\",\"attr\":\"\",\"sku\":\"02211\",\"l2\":\"P\u00E2tisserie surgel\u00E9e\",\"sl\":\"buche-au-sucre-a-la-creme-et-erable-martin-dessert-02211\",\"sn\":\"\",\"idxP\":33},{\"mq\":\"Martin Dessert\",\"nm\":\"B\u00FBche roul\u00E9e aux trois chocolats\",\"nme\":\"Three Chocolate Yule Log\",\"attr\":\"\",\"sku\":\"02213\",\"l2\":\"P\u00E2tisserie surgel\u00E9e\",\"sl\":\"buche-roulee-aux-trois-chocolats-martin-dessert-02213\",\"sn\":\"\",\"idxP\":46},{\"mq\":\"Oceanic\",\"nm\":\"P\u00E9toncle g\u00E9ante Hokkaido 10-20 IQF\",\"nme\":\"IQF 10-20 Giant Hokkaido Scallop\",\"attr\":\"\",\"sku\":\"70374\",\"l2\":\"Fruit de mer surgel\u00E9\",\"sl\":\"petoncle-geante-hokkaido-10-20-iqf-oceanic-70374\",\"sn\":\"\",\"idxP\":0},{\"mq\":\"Fjord Oc\u00E9anic\",\"nm\":\"Calmar pan\u00E9 sel et poivre\",\"nme\":\"Salt and Pepper Breaded Squid\",\"attr\":\"\",\"sku\":\"70373\",\"l2\":\"Fruit de mer surgel\u00E9\",\"sl\":\"calmar-pane-sel-et-poivre-fjord-oceanic-70373\",\"sn\":\"\",\"idxP\":1},{\"mq\":\"Watson Ridge\",\"nm\":\"Burger de poulet cuit\",\"nme\":\"Cooked Chicken Burger\",\"attr\":\"\",\"sku\":\"68199\",\"l2\":\"Viande surgel\u00E9e\",\"sl\":\"burger-de-poulet-cuit-watson-ridge-68199\",\"sn\":\"\",\"idxP\":0},{\"mq\":\"Watson Ridge\",\"nm\":\"Lani\u00E8re de poulet cuite\",\"nme\":\"Cooked Chicken Strip\",\"attr\":\"\",\"sku\":\"68195\",\"l2\":\"Viande surgel\u00E9e\",\"sl\":\"laniere-de-poulet-cuite-watson-ridge-68195\",\"sn\":\"\",\"idxP\":0},{\"mq\":\"Watson Ridge\",\"nm\":\"P\u00E9pite de poulet cuite\",\"nme\":\"Cooked Chicken Nugget\",\"attr\":\"\",\"sku\":\"68198\",\"l2\":\"Viande surgel\u00E9e\",\"sl\":\"pepite-de-poulet-cuite-watson-ridge-68198\",\"sn\":\"\",\"idxP\":0},{\"mq\":\"Pearlmark\",\"nm\":\"Steak de thon yellowfin 6 oz surgel\u00E9 x4\",\"nme\":\"Frozen Yellowfin Tuna Steak 6 oz x4\",\"attr\":\"\",\"sku\":\"29456\",\"l2\":\"Poisson surgel\u00E9\",\"sl\":\"steak-de-thon-yellowfin-6-oz-surgele-x4-pearlmark-29456\",\"sn\":\"\",\"idxP\":84},{\"mq\":\"Blue Tide\",\"nm\":\"M\u00E9lange crevettes\\\/p\u00E9toncles cultiv\u00E9es naturelles\",\"nme\":\"Frozen farm shrimps and scallops mix natural\",\"attr\":\"\",\"sku\":\"03552\",\"l2\":\"Fruit de mer surgel\u00E9\",\"sl\":\"melange-crevettespetoncles-cultivees-naturelles-03552\",\"sn\":\"crevettes\",\"idxP\":30},{\"mq\":\"High Liner\",\"nm\":\"Crevettes blanches crues 41\\\/50 avec queue\",\"nme\":\"Raw White Shrimp with Tail 41\\\/50\",\"attr\":\"\",\"sku\":\"12384\",\"l2\":\"Fruit de mer surgel\u00E9\",\"sl\":\"crevettes-blanches-crues-4150-avec-queue-12384\",\"sn\":\"crevettes\",\"idxP\":33},{\"mq\":\"Pearlmark\",\"nm\":\"Portions de mahi mahi\",\"nme\":\"Mahi Mahi Potions\",\"attr\":\"\",\"sku\":\"12478\",\"l2\":\"Poisson surgel\u00E9\",\"sl\":\"portions-de-mahi-mahi-12478\",\"sn\":\"\",\"idxP\":18},{\"mq\":\"Pearlmark\",\"nm\":\"Chair de thon hach\u00E9e\",\"nme\":\"Ground Tuna Meat\",\"attr\":\"\",\"sku\":\"12479\",\"l2\":\"Poisson surgel\u00E9\",\"sl\":\"chair-de-thon-hachee-12479\",\"sn\":\"\",\"idxP\":15},{\"mq\":\"Pearlmark\",\"nm\":\"Filets de morue bleue\",\"nme\":\"Blue Cod Fillets\",\"attr\":\"\",\"sku\":\"12480\",\"l2\":\"Poisson surgel\u00E9\",\"sl\":\"filets-de-morue-bleue-12480\",\"sn\":\"\",\"idxP\":33},{\"mq\":\"Pearlmark\",\"nm\":\"Filets de sole\",\"nme\":\"Sole Fillets\",\"attr\":\"\",\"sku\":\"12481\",\"l2\":\"Poisson surgel\u00E9\",\"sl\":\"filets-de-sole-12481\",\"sn\":\"\",\"idxP\":27},{\"mq\":\"La Gasp\u00E9sienne\",\"nm\":\"P\u00E9toncle Hokkaido 20-30 IQF\",\"nme\":\"IQF 20\\\/30 Hokkaido Scallop\",\"attr\":\"\",\"sku\":\"12482\",\"l2\":\"Fruit de mer surgel\u00E9\",\"sl\":\"petoncle-hokkaido-20-30-iqf-12482\",\"sn\":\"\",\"idxP\":13},{\"mq\":\"C-Gen\",\"nm\":\"Chair de crabe bris\u00E9e\",\"nme\":\"Broken Snow Crab Meat\",\"attr\":\"\",\"sku\":\"12477\",\"l2\":\"Fruit de mer surgel\u00E9\",\"sl\":\"chair-de-crabe-brisee-12477\",\"sn\":\"\",\"idxP\":32},{\"mq\":\"Coaticook\",\"nm\":\"Cr\u00E8me glac\u00E9e banane\",\"nme\":\"Banana Ice Cream\",\"attr\":\"\",\"sku\":\"12540\",\"l2\":\"Cr\u00E8me glac\u00E9e et sorbet\",\"sl\":\"creme-glacee-banane-12540\",\"sn\":\"ananas, bananes\",\"idxP\":2},{\"mq\":\"Coaticook\",\"nm\":\"Cr\u00E8me glac\u00E9e chocolat\",\"nme\":\"Chocolate Ice Cream\",\"attr\":\"\",\"sku\":\"12541\",\"l2\":\"Cr\u00E8me glac\u00E9e et sorbet\",\"sl\":\"creme-glacee-chocolat-12541\",\"sn\":\"\",\"idxP\":3},{\"mq\":\"Coaticook\",\"nm\":\"Cr\u00E8me glac\u00E9e double fraise\",\"nme\":\"Double Strawberry Ice Cream\",\"attr\":\"\",\"sku\":\"12542\",\"l2\":\"Cr\u00E8me glac\u00E9e et sorbet\",\"sl\":\"creme-glacee-double-fraise-12542\",\"sn\":\"fraises\",\"idxP\":3},{\"mq\":\"Coaticook\",\"nm\":\"Cr\u00E8me glac\u00E9e \u00E9rable et noix\",\"nme\":\"Maple and Walnut Ice Cream\",\"attr\":\"\",\"sku\":\"12548\",\"l2\":\"Cr\u00E8me glac\u00E9e et sorbet\",\"sl\":\"creme-glacee-erable-et-noix-12548\",\"sn\":\"\",\"idxP\":1},{\"mq\":\"Coaticook\",\"nm\":\"Cr\u00E8me glac\u00E9e gomme balloune\",\"nme\":\"Bubblegum Ice Cream\",\"attr\":\"\",\"sku\":\"12549\",\"l2\":\"Cr\u00E8me glac\u00E9e et sorbet\",\"sl\":\"creme-glacee-gomme-balloune-12549\",\"sn\":\"\",\"idxP\":1},{\"mq\":\"Coaticook\",\"nm\":\"Cr\u00E8me glac\u00E9e cerise noire\",\"nme\":\"Black Cherry Ice Cream\",\"attr\":\"\",\"sku\":\"12552\",\"l2\":\"Cr\u00E8me glac\u00E9e et sorbet\",\"sl\":\"creme-glacee-cerise-noire-12552\",\"sn\":\"\",\"idxP\":0},{\"mq\":\"Coaticook\",\"nm\":\"Cr\u00E8me glac\u00E9e vanille\",\"nme\":\"Vanilla Ice Cream\",\"attr\":\"\",\"sku\":\"12553\",\"l2\":\"Cr\u00E8me glac\u00E9e et sorbet\",\"sl\":\"creme-glacee-vanille-12553\",\"sn\":\"\",\"idxP\":4},{\"mq\":\"Coaticook\",\"nm\":\"Cr\u00E8me glac\u00E9e double choco brownie\",\"nme\":\"Double Choco Brownie Ice Cream\",\"attr\":\"\",\"sku\":\"12554\",\"l2\":\"Cr\u00E8me glac\u00E9e et sorbet\",\"sl\":\"creme-glacee-double-choco-brownie-12554\",\"sn\":\"\",\"idxP\":1},{\"mq\":\"Coaticook\",\"nm\":\"Cr\u00E8me glac\u00E9e brisure choco fudge p\u00E2te biscuit\",\"nme\":\"Chocolate Chip Fudge Cookie Dough Ice Cream\",\"attr\":\"\",\"sku\":\"12569\",\"l2\":\"Cr\u00E8me glac\u00E9e et sorbet\",\"sl\":\"creme-glacee-brisure-choco-fudge-pate-biscuit-12569\",\"sn\":\"\",\"idxP\":1},{\"mq\":\"Maximum\",\"nm\":\"Crevette crue 31\\\/40 d\u00E9cortiqu\u00E9e avec queue\",\"nme\":\"Tail-on Peeled and Deveined 31\\\/40 Raw Shrimp\",\"attr\":\"\",\"sku\":\"12641\",\"l2\":\"Fruit de mer surgel\u00E9\",\"sl\":\"crevette-crue-3140-decortiquee-avec-queue-12641\",\"sn\":\"crevettes\",\"idxP\":0},{\"mq\":\"Maximum\",\"nm\":\"Crevette crue 41\\\/50 d\u00E9cortiqu\u00E9e avec queue\",\"nme\":\"Tail-on Peeled and Deveined 41\\\/50 Raw Shrimp\",\"attr\":\"\",\"sku\":\"12642\",\"l2\":\"Fruit de mer surgel\u00E9\",\"sl\":\"crevette-crue-4150-decortiquee-avec-queue-12642\",\"sn\":\"crevettes\",\"idxP\":0},{\"mq\":\"Pinzza Romana\",\"nm\":\"Pizza Pinsa fromage\",\"nme\":\"Pinsa Cheese Pizza\",\"attr\":\"\",\"sku\":\"12654\",\"l2\":\"Pizza surgel\u00E9e\",\"sl\":\"pizza-pinsa-fromage-12654\",\"sn\":\"fromages\",\"idxP\":33},{\"mq\":\"Hafner\",\"nm\":\"Boule No\u00EBl chocolat blanc framboise\",\"nme\":\"White Chocolate Raspberry Christmas Ornament\",\"attr\":\"\",\"sku\":\"68717\",\"l2\":\"P\u00E2tisserie surgel\u00E9e\",\"sl\":\"boule-noel-chocolat-blanc-framboise-68717\",\"sn\":\"framboises\",\"idxP\":0},{\"mq\":\"Hafner\",\"nm\":\"B\u00FBche chocolat caramel sal\u00E9 14 un\",\"nme\":\"Chocolat Caramel Christmas Log 14 un\",\"attr\":\"\",\"sku\":\"68718\",\"l2\":\"P\u00E2tisserie surgel\u00E9e\",\"sl\":\"buche-chocolat-caramel-sale-68718\",\"sn\":\"\",\"idxP\":0},{\"mq\":\"Pearlmark\",\"nm\":\"Langoustines papillons 21\\\/25\",\"nme\":\"Scampi split 21\\\/25\",\"attr\":\"\",\"sku\":\"25445\",\"l2\":\"Fruit de mer surgel\u00E9\",\"sl\":\"langoustines-papillons-2125-25445\",\"sn\":\"langoustines\",\"idxP\":26},{\"mq\":\"Manicouagan\",\"nm\":\"Fl\u00E9tan portion QC\",\"nme\":\"QC Halibut Portion\",\"attr\":\"\",\"sku\":\"12987\",\"l2\":\"Poisson surgel\u00E9\",\"sl\":\"fletan-portion-qc-12987\",\"sn\":\"\",\"idxP\":1},{\"nm\":\"Crevettes crues avec queue 21\\\/25\",\"nme\":\"21\\\/25 Raw Tail-On Shrimp\",\"attr\":\"\",\"sku\":\"13185\",\"l2\":\"Fruit de mer surgel\u00E9\",\"sl\":\"crevettes-crues-avec-queue-2125-13185\",\"sn\":\"crevettes\",\"idxP\":0},{\"mq\":\"Watson Ridge\",\"nm\":\"P\u00E9pite de poulet\",\"nme\":\"Chicken Nuggets\",\"attr\":\"\",\"sku\":\"13194\",\"l2\":\"Viande surgel\u00E9e\",\"sl\":\"pepite-de-poulet-13194\",\"sn\":\"\",\"idxP\":0},{\"mq\":\"Watson Ridge\",\"nm\":\"Burger au poulet\",\"nme\":\"Chicken Burger\",\"attr\":\"\",\"sku\":\"13195\",\"l2\":\"Viande surgel\u00E9e\",\"sl\":\"burger-au-poulet-13195\",\"sn\":\"\",\"idxP\":0},{\"mq\":\"Watson Ridge\",\"nm\":\"Lani\u00E8re de poulet cuite\",\"nme\":\"Coocked Chicken Strips\",\"attr\":\"\",\"sku\":\"13197\",\"l2\":\"Viande surgel\u00E9e\",\"sl\":\"laniere-de-poulet-cuite-13197\",\"sn\":\"\",\"idxP\":0},{\"mq\":\"Watson Ridge\",\"nm\":\"Poulet pop-corn\",\"nme\":\"Pop-Corn Chicken\",\"attr\":\"\",\"sku\":\"13198\",\"l2\":\"Viande surgel\u00E9e\",\"sl\":\"poulet-pop-corn-13198\",\"sn\":\"ma\u00EFs souffl\u00E9\",\"idxP\":0},{\"mq\":\"Watson Ridge\",\"nm\":\"Ailes de poulet buffalo\",\"nme\":\"Buffalo Chicken Wings\",\"attr\":\"\",\"sku\":\"13199\",\"l2\":\"Viande surgel\u00E9e\",\"sl\":\"ailes-de-poulet-buffalo-13199\",\"sn\":\"\",\"idxP\":0},{\"mq\":\"Watson Ridge\",\"nm\":\"Ailes de poulet BBQ\",\"nme\":\"BBQ Chicken Wings\",\"attr\":\"\",\"sku\":\"13200\",\"l2\":\"Viande surgel\u00E9e\",\"sl\":\"ailes-de-poulet-bbq-13200\",\"sn\":\"\",\"idxP\":0},{\"mq\":\"Butcher Selection\",\"nm\":\"C\u00F4te dos porc BBQ\",\"nme\":\"BBQ Pork Back Ribs\",\"attr\":\"\",\"sku\":\"13202\",\"l2\":\"Viande surgel\u00E9e\",\"sl\":\"cote-dos-porc-bbq-13202\",\"sn\":\"\",\"idxP\":0},{\"mq\":\"Como\",\"nm\":\"Lasagne moyenne\",\"nme\":\"Medium Lasagna\",\"attr\":\"\",\"sku\":\"13276\",\"l2\":\"Mets surgel\u00E9s\",\"sl\":\"lasagne-moyenne-13276\",\"sn\":\"\",\"idxP\":0},{\"mq\":\"McCain\",\"nm\":\"Pizza pochette pepperoni\",\"nme\":\"Pepperoni Pizza Pocket\",\"attr\":\"\",\"sku\":\"13369\",\"l2\":\"Pizza surgel\u00E9e\",\"sl\":\"pizza-pochette-pepperoni-13369\",\"sn\":\"\",\"idxP\":0},{\"mq\":\"McCain\",\"nm\":\"Pizza pochette 3 fromages\",\"nme\":\"3 Cheese Pizza Pocket\",\"attr\":\"\",\"sku\":\"13370\",\"l2\":\"Pizza surgel\u00E9e\",\"sl\":\"pizza-pochette-3-fromages-13370\",\"sn\":\"fromages\",\"idxP\":0},{\"mq\":\"McCain\",\"nm\":\"Frites spirale extra croustillantes\",\"nme\":\"Extra Crispy Spiral Fries\",\"attr\":\"\",\"sku\":\"13371\",\"l2\":\"L\u00E9gumes surgel\u00E9s\",\"sl\":\"frites-spirale-extra-croustillantes-13371\",\"sn\":\"\",\"idxP\":0},{\"mq\":\"McCain\",\"nm\":\"Frites ondul\u00E9es extra croustillantes bi\u00E8re\",\"nme\":\"Extra Crispy Beer Batter Crinkle Cut Fries\",\"attr\":\"\",\"sku\":\"13372\",\"l2\":\"L\u00E9gumes surgel\u00E9s\",\"sl\":\"frites-ondulees-extra-croustillantes-biere-13372\",\"sn\":\"\",\"idxP\":0},{\"mq\":\"McCain\",\"nm\":\"Frites bistro coupe r\u00E9guli\u00E8re\",\"nme\":\"Regular Cut Bistro Fries\",\"attr\":\"\",\"sku\":\"13373\",\"l2\":\"L\u00E9gumes surgel\u00E9s\",\"sl\":\"frites-bistro-coupe-reguliere-13373\",\"sn\":\"\",\"idxP\":0},{\"mq\":\"McCain\",\"nm\":\"Frites julienne 5 minutes\",\"nme\":\"5 Minutes Shoestring Fries\",\"attr\":\"\",\"sku\":\"13374\",\"l2\":\"L\u00E9gumes surgel\u00E9s\",\"sl\":\"frites-julienne-5-minutes-13374\",\"sn\":\"\",\"idxP\":0},{\"mq\":\"McCain\",\"nm\":\"Frites \u00E9pic\u00E9es coupe r\u00E9g extra croustillantes\",\"nme\":\"Extra Crispy Spicy Straight Cut Fries\",\"attr\":\"\",\"sku\":\"13375\",\"l2\":\"L\u00E9gumes surgel\u00E9s\",\"sl\":\"frites-epicees-coupe-reg-extra-croustillantes-13375\",\"sn\":\"\",\"idxP\":0},{\"mq\":\"McCain\",\"nm\":\"Frites ondul\u00E9es extra croustillantes\",\"nme\":\"Extra Crispy Crinkle Cut Fries\",\"attr\":\"\",\"sku\":\"13376\",\"l2\":\"L\u00E9gumes surgel\u00E9s\",\"sl\":\"frites-ondulees-extra-croustillantes-13376\",\"sn\":\"\",\"idxP\":0},{\"mq\":\"McCain\",\"nm\":\"Frites coupe r\u00E9guli\u00E8re extra croustillantes\",\"nme\":\"Extra Crispy Straight Cut Fries\",\"attr\":\"\",\"sku\":\"13378\",\"l2\":\"L\u00E9gumes surgel\u00E9s\",\"sl\":\"frites-coupe-reguliere-extra-croustillantes-13378\",\"sn\":\"\",\"idxP\":0},{\"mq\":\"McCain\",\"nm\":\"Frites bistro quartiers savoureux\",\"nme\":\"Bistro Savoury Wedges Fries\",\"attr\":\"\",\"sku\":\"13379\",\"l2\":\"L\u00E9gumes surgel\u00E9s\",\"sl\":\"frites-bistro-quartiers-savoureux-13379\",\"sn\":\"\",\"idxP\":0},{\"mq\":\"McCain\",\"nm\":\"Frites bouch\u00E9es Tasti Taters\",\"nme\":\"Tasti Taters Tater Tot Fries\",\"attr\":\"\",\"sku\":\"13381\",\"l2\":\"L\u00E9gumes surgel\u00E9s\",\"sl\":\"frites-bouchees-tasti-taters-13381\",\"sn\":\"\",\"idxP\":0},{\"mq\":\"McCain\",\"nm\":\"Galettes pomme de terre 9 minutes\",\"nme\":\"9 Minutes Potato Patties\",\"attr\":\"\",\"sku\":\"13382\",\"l2\":\"L\u00E9gumes surgel\u00E9s\",\"sl\":\"galettes-pomme-de-terre-9-minutes-13382\",\"sn\":\"pommes\",\"idxP\":0},{\"mq\":\"McCain\",\"nm\":\"Rondelles d'oignon extra croustillantes\",\"nme\":\"Extra Crispy Onion Rings\",\"attr\":\"\",\"sku\":\"13383\",\"l2\":\"L\u00E9gumes surgel\u00E9s\",\"sl\":\"rondelles-doignon-extra-croustillantes-13383\",\"sn\":\"onions, oignons\",\"idxP\":0},{\"mq\":\"McCain\",\"nm\":\"Frites coupe r\u00E9guli\u00E8re\",\"nme\":\"Straight Cut Fries\",\"attr\":\"\",\"sku\":\"13384\",\"l2\":\"L\u00E9gumes surgel\u00E9s\",\"sl\":\"frites-coupe-reguliere-13384\",\"sn\":\"\",\"idxP\":0},{\"mq\":\"McCain\",\"nm\":\"Frites coupe julienne\",\"nme\":\"Shoestring Fries\",\"attr\":\"\",\"sku\":\"13385\",\"l2\":\"L\u00E9gumes surgel\u00E9s\",\"sl\":\"frites-coupe-julienne-13385\",\"sn\":\"\",\"idxP\":0},{\"mq\":\"McCain\",\"nm\":\"Frites coupe ondul\u00E9e\",\"nme\":\"Crinkle Cut Fries\",\"attr\":\"\",\"sku\":\"13386\",\"l2\":\"L\u00E9gumes surgel\u00E9s\",\"sl\":\"frites-coupe-ondulee-13386\",\"sn\":\"\",\"idxP\":0},{\"mq\":\"Phil & Fred pizzeria\",\"nm\":\"Pizza toute garnie bambino congel\u00E9e\",\"nme\":\"Frozen Bambino All-Dressed Pizza\",\"attr\":\"\",\"sku\":\"13399\",\"l2\":\"Pizza surgel\u00E9e\",\"sl\":\"pizza-toute-garnie-bambino-congelee-13399\",\"sn\":\"\",\"idxP\":0},{\"mq\":\"Cavendish\",\"nm\":\"Rondelle d'oignon tempura\",\"nme\":\"Tempura Onion Ring\",\"attr\":\"\",\"sku\":\"13475\",\"l2\":\"Mets surgel\u00E9s\",\"sl\":\"rondelle-doignon-tempura-13475\",\"sn\":\"onions, oignons\",\"idxP\":0},{\"mq\":\"Cavendish\",\"nm\":\"Galette de pomme de terre\",\"nme\":\"Potato Patties\",\"attr\":\"\",\"sku\":\"13476\",\"l2\":\"L\u00E9gumes surgel\u00E9s\",\"sl\":\"galette-de-pomme-de-terre-13476\",\"sn\":\"pommes\",\"idxP\":0},{\"mq\":\"Blue Tide\",\"nm\":\"Crevettes blanches 2.0 cuites P&D a\\\/queue 26\\\/30\",\"nme\":\"Cooked 26\\\/30 2.0 P&D Tail-On White Shrimp\",\"attr\":\"\",\"sku\":\"13644\",\"l2\":\"Fruit de mer surgel\u00E9\",\"sl\":\"crevettes-blanches-20-cuites-pd-aqueue-2630-13644\",\"sn\":\"crevettes\",\"idxP\":0},{\"mq\":\"Blue Tide\",\"nm\":\"Crevettes blanches 2.0 cuites P&D a\\\/queue 16\\\/20\",\"nme\":\"Cooked 16\\\/20 2.0 P&D Tail-On White Shrimp\",\"attr\":\"\",\"sku\":\"13645\",\"l2\":\"Fruit de mer surgel\u00E9\",\"sl\":\"crevettes-blanches-20-cuites-pd-aqueue-1620-13645\",\"sn\":\"crevettes\",\"idxP\":0},{\"mq\":\"Blue Tide\",\"nm\":\"Crevettes papillon non pel\u00E9es 21\\\/25\",\"nme\":\"21\\\/25 Shell-On Butterfly Shrimp\",\"attr\":\"\",\"sku\":\"13646\",\"l2\":\"Fruit de mer surgel\u00E9\",\"sl\":\"crevettes-papillon-non-pelees-2125-13646\",\"sn\":\"crevettes\",\"idxP\":0},{\"mq\":\"Blue Tide\",\"nm\":\"Crevettes papillon non pel\u00E9es 16\\\/20\",\"nme\":\"16\\\/20 Shell-On Butterfly Shrimp\",\"attr\":\"\",\"sku\":\"13647\",\"l2\":\"Fruit de mer surgel\u00E9\",\"sl\":\"crevettes-papillon-non-pelees-1620-13647\",\"sn\":\"crevettes\",\"idxP\":0},{\"mq\":\"Blue Tide\",\"nm\":\"Crevettes blanches P&D a\\\/queue 26\\\/30\",\"nme\":\"26\\\/30 P&D Tail-On White Shrimp\",\"attr\":\"\",\"sku\":\"13649\",\"l2\":\"Fruit de mer surgel\u00E9\",\"sl\":\"crevettes-blanches-pd-aqueue-2630-13649\",\"sn\":\"crevettes\",\"idxP\":0},{\"mq\":\"Blue Tide\",\"nm\":\"Crevettes blanches P&D a\\\/queue 51\\\/60\",\"nme\":\"51\\\/60 P&D Tail-On White Shrimp\",\"attr\":\"\",\"sku\":\"13650\",\"l2\":\"Fruit de mer surgel\u00E9\",\"sl\":\"crevettes-blanches-pd-aqueue-5160-13650\",\"sn\":\"crevettes\",\"idxP\":0},{\"mq\":\"Blue Tide\",\"nm\":\"Crevettes blanches 2.0 P&D a\\\/queue 16\\\/20\",\"nme\":\"16\\\/20 2.0 P&D Tail-On White Shrimp\",\"attr\":\"\",\"sku\":\"13651\",\"l2\":\"Fruit de mer surgel\u00E9\",\"sl\":\"crevettes-blanches-20-pd-aqueue-1620-13651\",\"sn\":\"crevettes\",\"idxP\":0},{\"mq\":\"Blue Tide\",\"nm\":\"Crevettes sauvages cuites pel\u00E9es 250\\\/350\",\"nme\":\"Cooked 250\\\/350 Peeled Wild Shrimp\",\"attr\":\"\",\"sku\":\"13652\",\"l2\":\"Fruit de mer surgel\u00E9\",\"sl\":\"crevettes-sauvages-cuites-pelees-250350-13652\",\"sn\":\"crevettes\",\"idxP\":0},{\"mq\":\"Blue Tide\",\"nm\":\"Calmar sauvage pr\u00E9-frit s\\\/peau a\\\/tentacules\",\"nme\":\"S&P R&T Wild Par-Fried Calamari\",\"attr\":\"\",\"sku\":\"13654\",\"l2\":\"Fruit de mer surgel\u00E9\",\"sl\":\"calmar-sauvage-pre-frit-speau-atentacules-13654\",\"sn\":\"\",\"idxP\":0},{\"mq\":\"Blue Tide\",\"nm\":\"Saumon Atlantique cubes pour poke\",\"nme\":\"Atlantic Salmon Poke Cubes\",\"attr\":\"\",\"sku\":\"13656\",\"l2\":\"Poisson surgel\u00E9\",\"sl\":\"saumon-atlantique-cubes-pour-poke-13656\",\"sn\":\"\",\"idxP\":0},{\"mq\":\"Blue Tide\",\"nm\":\"Thon sauvage cubes pour poke assaisonn\u00E9s\",\"nme\":\"Seasoned Wild Tuna Poke Cubes\",\"attr\":\"\",\"sku\":\"13657\",\"l2\":\"Poisson surgel\u00E9\",\"sl\":\"thon-sauvage-cubes-pour-poke-assaisonnes-13657\",\"sn\":\"\",\"idxP\":0},{\"mq\":\"Farmer's Basket\",\"nm\":\"Ma\u00EFs en grains IQF\",\"nme\":\"IQF Corn\",\"attr\":\"\",\"sku\":\"13830\",\"l2\":\"L\u00E9gumes surgel\u00E9s\",\"sl\":\"mais-en-grains-iqf-13830\",\"sn\":\"\",\"idxP\":0},{\"mq\":\"Farmer's Basket\",\"nm\":\"Pois IQF\",\"nme\":\"IQF Peas\",\"attr\":\"\",\"sku\":\"13831\",\"l2\":\"L\u00E9gumes surgel\u00E9s\",\"sl\":\"pois-iqf-13831\",\"sn\":\"\",\"idxP\":0},{\"mq\":\"Alasko\",\"nm\":\"Haricots verts coup\u00E9s IQF\",\"nme\":\"IQF Cut Green Beans\",\"attr\":\"\",\"sku\":\"13832\",\"l2\":\"L\u00E9gumes surgel\u00E9s\",\"sl\":\"haricots-verts-coupes-iqf-13832\",\"sn\":\"\",\"idxP\":0},{\"mq\":\"Alasko\",\"nm\":\"Haricots verts extra-fins IQF\",\"nme\":\"IQF Extra-Fine Green Beans\",\"attr\":\"\",\"sku\":\"13834\",\"l2\":\"L\u00E9gumes surgel\u00E9s\",\"sl\":\"haricots-verts-extra-fins-iqf-13834\",\"sn\":\"\",\"idxP\":0},{\"mq\":\"Alasko\",\"nm\":\"Brocoli fleurons IQF\",\"nme\":\"IQF Broccoli Florets\",\"attr\":\"\",\"sku\":\"13835\",\"l2\":\"L\u00E9gumes surgel\u00E9s\",\"sl\":\"brocoli-fleurons-iqf-13835\",\"sn\":\"\",\"idxP\":0},{\"mq\":\"Alasko\",\"nm\":\"M\u00E9lange pois carottes IQF\",\"nme\":\"IQF Peas Carrots Mix\",\"attr\":\"\",\"sku\":\"13836\",\"l2\":\"L\u00E9gumes surgel\u00E9s\",\"sl\":\"melange-pois-carottes-iqf-13836\",\"sn\":\"carottes\",\"idxP\":0},{\"mq\":\"Alasko\",\"nm\":\"M\u00E9lange spaghetti IQF\",\"nme\":\"IQF Spaghetti Mix\",\"attr\":\"\",\"sku\":\"13839\",\"l2\":\"L\u00E9gumes surgel\u00E9s\",\"sl\":\"melange-spaghetti-iqf-13839\",\"sn\":\"\",\"idxP\":0},{\"mq\":\"Alasko\",\"nm\":\"Oignons blancs d\u00E9s 3\\\/8\\\" IQF\",\"nme\":\"IQF 3\\\/8\\\" Diced White Onions\",\"attr\":\"\",\"sku\":\"13841\",\"l2\":\"L\u00E9gumes surgel\u00E9s\",\"sl\":\"oignons-blancs-des-38-iqf-13841\",\"sn\":\"onions, oignons\",\"idxP\":0},{\"mq\":\"Alasko\",\"nm\":\"M\u00E9lange mirepoix IQF\",\"nme\":\"IQF Mirepoix Mix\",\"attr\":\"\",\"sku\":\"13842\",\"l2\":\"L\u00E9gumes surgel\u00E9s\",\"sl\":\"melange-mirepoix-iqf-13842\",\"sn\":\"\",\"idxP\":0},{\"mq\":\"Alasko\",\"nm\":\"\u00C9pinards hach\u00E9s IQF\",\"nme\":\"IQF Chopped Spinach\",\"attr\":\"\",\"sku\":\"13843\",\"l2\":\"L\u00E9gumes surgel\u00E9s\",\"sl\":\"epinards-haches-iqf-13843\",\"sn\":\"\",\"idxP\":0},{\"mq\":\"Alasko\",\"nm\":\"F\u00E8ves edamame \u00E9coss\u00E9es IQF\",\"nme\":\"IQF Shelled Edamame Beans\",\"attr\":\"\",\"sku\":\"13844\",\"l2\":\"L\u00E9gumes surgel\u00E9s\",\"sl\":\"feves-edamame-ecossees-iqf-13844\",\"sn\":\"\",\"idxP\":0},{\"mq\":\"Alasko\",\"nm\":\"Courge musqu\u00E9e d\u00E9s 3\\\/8\\\" IQF\",\"nme\":\"IQF 3\\\/8\\\" Diced Butternut Squash\",\"attr\":\"\",\"sku\":\"13846\",\"l2\":\"L\u00E9gumes surgel\u00E9s\",\"sl\":\"courge-musquee-des-38-iqf-13846\",\"sn\":\"courges\",\"idxP\":0},{\"mq\":\"Alasko\",\"nm\":\"M\u00E9lange l\u00E9gumes italien IQF\",\"nme\":\"IQF Italian Vegetable Mix\",\"attr\":\"\",\"sku\":\"13848\",\"l2\":\"L\u00E9gumes surgel\u00E9s\",\"sl\":\"melange-legumes-italien-iqf-13848\",\"sn\":\"\",\"idxP\":0},{\"mq\":\"Alasko\",\"nm\":\"M\u00E9lange l\u00E9gumes californien IQF\",\"nme\":\"IQF Californian Vegetable Mix\",\"attr\":\"\",\"sku\":\"13854\",\"l2\":\"L\u00E9gumes surgel\u00E9s\",\"sl\":\"melange-legumes-californien-iqf-13854\",\"sn\":\"\",\"idxP\":0},{\"mq\":\"Alasko\",\"nm\":\"M\u00E9lange l\u00E9gumes IPE IQF\",\"nme\":\"IQF PEI Vegetable Mix\",\"attr\":\"\",\"sku\":\"13857\",\"l2\":\"L\u00E9gumes surgel\u00E9s\",\"sl\":\"melange-legumes-ipe-iqf-13857\",\"sn\":\"\",\"idxP\":0},{\"mq\":\"Alasko\",\"nm\":\"M\u00E9lange l\u00E9gumes r\u00E9gulier IQF\",\"nme\":\"IQF Regular Vegetable Mix\",\"attr\":\"\",\"sku\":\"13858\",\"l2\":\"L\u00E9gumes surgel\u00E9s\",\"sl\":\"melange-legumes-regulier-iqf-13858\",\"sn\":\"\",\"idxP\":0},{\"mq\":\"Alasko\",\"nm\":\"Chou-fleur fleurons IQF\",\"nme\":\"IQF Cauliflower Florets\",\"attr\":\"\",\"sku\":\"13859\",\"l2\":\"L\u00E9gumes surgel\u00E9s\",\"sl\":\"chou-fleur-fleurons-iqf-13859\",\"sn\":\"\",\"idxP\":0},{\"mq\":\"Alasko\",\"nm\":\"Haricots jaunes coup\u00E9s IQF\",\"nme\":\"IQF Cut Wax Beans\",\"attr\":\"\",\"sku\":\"13860\",\"l2\":\"L\u00E9gumes surgel\u00E9s\",\"sl\":\"haricots-jaunes-coupes-iqf-13860\",\"sn\":\"\",\"idxP\":0},{\"mq\":\"Alasko\",\"nm\":\"M\u00E9lange l\u00E9gumes oriental IQF\",\"nme\":\"IQF Oriental Vegetable Mix\",\"attr\":\"\",\"sku\":\"13861\",\"l2\":\"L\u00E9gumes surgel\u00E9s\",\"sl\":\"melange-legumes-oriental-iqf-13861\",\"sn\":\"\",\"idxP\":0},{\"mq\":\"Ardo\",\"nm\":\"M\u00E9lange l\u00E9gumes romanesco IQF\",\"nme\":\"IQF Romanesco Vegetable Mix\",\"attr\":\"\",\"sku\":\"13862\",\"l2\":\"L\u00E9gumes surgel\u00E9s\",\"sl\":\"melange-legumes-romanesco-iqf-13862\",\"sn\":\"\",\"idxP\":0},{\"mq\":\"Alasko\",\"nm\":\"Brocolis coup\u00E9s IQF\",\"nme\":\"IQF Chopped Brocoli\",\"attr\":\"\",\"sku\":\"13863\",\"l2\":\"L\u00E9gumes surgel\u00E9s\",\"sl\":\"brocolis-coupes-iqf-13863\",\"sn\":\"\",\"idxP\":0},{\"mq\":\"Alasko\",\"nm\":\"Haricots verts fins IQF\",\"nme\":\"IQF Fine Green Beans\",\"attr\":\"\",\"sku\":\"13864\",\"l2\":\"L\u00E9gumes surgel\u00E9s\",\"sl\":\"haricots-verts-fins-iqf-13864\",\"sn\":\"\",\"idxP\":0},{\"mq\":\"Novali\",\"nm\":\"Dessus de tarte neutre 9\\\"\",\"nme\":\"9\\\" Unsweetened Pie Top\",\"attr\":\"\",\"sku\":\"13898\",\"l2\":\"P\u00E2tisserie surgel\u00E9e\",\"sl\":\"dessus-de-tarte-neutre-9-13898\",\"sn\":\"\",\"idxP\":0},{\"mq\":\"Olymel\",\"nm\":\"Ailes de poulet nature cuites\",\"nme\":\"Cooked Plain Chicken Wings\",\"attr\":\"\",\"sku\":\"14027\",\"l2\":\"Viande surgel\u00E9e\",\"sl\":\"ailes-de-poulet-nature-cuites-14027\",\"sn\":\"\",\"idxP\":0},{\"mq\":\"Olymel\",\"nm\":\"Ailes de poulet assaisonn\u00E9es cuites\",\"nme\":\"Cooked Seasoned Chicken Wings\",\"attr\":\"\",\"sku\":\"14028\",\"l2\":\"Viande surgel\u00E9e\",\"sl\":\"ailes-de-poulet-assaisonnees-cuites-14028\",\"sn\":\"\",\"idxP\":0},{\"nm\":\"Mahi mahi portion 2\\\/4oz\",\"nme\":\"2\\\/4oz Mahi Mahi Portion\",\"attr\":\"\",\"sku\":\"14034\",\"l2\":\"Poisson surgel\u00E9\",\"sl\":\"mahi-mahi-portion-24oz-14034\",\"sn\":\"\",\"idxP\":0},{\"mq\":\"Top-Dessert\",\"nm\":\"G\u00E2teau sandwich red velvet fromage cr\u00E8me\",\"nme\":\"Red Velvet Cream Cheese Sandwich Cake\",\"attr\":\"\",\"sku\":\"14041\",\"l2\":\"P\u00E2tisserie surgel\u00E9e\",\"sl\":\"gateau-sandwich-red-velvet-fromage-creme-14041\",\"sn\":\"fromages\",\"idxP\":0},{\"mq\":\"Top-Dessert\",\"nm\":\"G\u00E2teau sandwich chocolat\",\"nme\":\"Chocolate Sandwich Cake\",\"attr\":\"\",\"sku\":\"14044\",\"l2\":\"P\u00E2tisserie surgel\u00E9e\",\"sl\":\"gateau-sandwich-chocolat-14044\",\"sn\":\"\",\"idxP\":0},{\"mq\":\"Top-Dessert\",\"nm\":\"G\u00E2teau sandwich chocolat vanille\",\"nme\":\"Chocolate Vanilla Sandwich Cake\",\"attr\":\"\",\"sku\":\"14056\",\"l2\":\"P\u00E2tisserie surgel\u00E9e\",\"sl\":\"gateau-sandwich-chocolat-vanille-14056\",\"sn\":\"\",\"idxP\":0},{\"mq\":\"Top-Dessert\",\"nm\":\"G\u00E2teau carotte\",\"nme\":\"Carrot Cake\",\"attr\":\"\",\"sku\":\"14060\",\"l2\":\"P\u00E2tisserie surgel\u00E9e\",\"sl\":\"gateau-carotte-14060\",\"sn\":\"carottes\",\"idxP\":0},{\"mq\":\"Top-Dessert\",\"nm\":\"G\u00E2teau crumble bleuet\",\"nme\":\"Blueberry Crumble Cake\",\"attr\":\"\",\"sku\":\"14061\",\"l2\":\"P\u00E2tisserie surgel\u00E9e\",\"sl\":\"gateau-crumble-bleuet-14061\",\"sn\":\"\",\"idxP\":0},{\"mq\":\"Top-Dessert\",\"nm\":\"G\u00E2teau crumble framboise\",\"nme\":\"Raspberry Crumble Cake\",\"attr\":\"\",\"sku\":\"14062\",\"l2\":\"P\u00E2tisserie surgel\u00E9e\",\"sl\":\"gateau-crumble-framboise-14062\",\"sn\":\"framboises\",\"idxP\":0},{\"mq\":\"Top-Dessert\",\"nm\":\"G\u00E2teau banane\",\"nme\":\"Banana Cake\",\"attr\":\"\",\"sku\":\"14063\",\"l2\":\"P\u00E2tisserie surgel\u00E9e\",\"sl\":\"gateau-banane-14063\",\"sn\":\"ananas, bananes\",\"idxP\":0},{\"mq\":\"Alasko\",\"nm\":\"Cerise IQF\",\"nme\":\"IQF Cherry\",\"attr\":\"\",\"sku\":\"14106\",\"l2\":\"Fruits et pur\u00E9e surgel\u00E9s\",\"sl\":\"cerise-iqf-14106\",\"sn\":\"\",\"idxP\":0},{\"mq\":\"Blue Tide\",\"nm\":\"Couronne de crevettes 26\\\/30\",\"nme\":\"26\\\/30 Shrimp Ring\",\"attr\":\"\",\"sku\":\"14236\",\"l2\":\"Fruit de mer surgel\u00E9\",\"sl\":\"couronne-de-crevettes-2630-14236\",\"sn\":\"crevettes\",\"idxP\":0},{\"mq\":\"Flamingo\",\"nm\":\"Ailes de poulet chili doux lime\",\"nme\":\"Mild Chili Lime Chicken Wings\",\"attr\":\"\",\"sku\":\"14542\",\"l2\":\"Viande surgel\u00E9e\",\"sl\":\"ailes-de-poulet-chili-doux-lime-14542\",\"sn\":\"\",\"idxP\":2},{\"mq\":\"Lavazza\",\"nm\":\"Caf\u00E9 moulu qualit\u00E9 or\",\"nme\":\"Gold quality ground coffee\",\"attr\":\"\",\"sku\":\"17045\",\"l2\":\"Caf\u00E9, th\u00E9 et chocolat\",\"sl\":\"cafe-moulu-qualite-or-lavazza-17045\",\"sn\":\"\",\"idxP\":88},{\"mq\":\"Tim Horton\",\"nm\":\"Caf\u00E9 moulu mouture fine\",\"nme\":\"Fine Ground Coffee\",\"attr\":\"\",\"sku\":\"15315\",\"l2\":\"Caf\u00E9, th\u00E9 et chocolat\",\"sl\":\"cafe-moulu-mouture-fine-tim-horton-15315\",\"sn\":\"\",\"idxP\":83},{\"mq\":\"Lavazza\",\"nm\":\"Caf\u00E9 grain grand crema espresso barista\",\"nme\":\"Grand crema espresso barista grain coffee\",\"attr\":\"\",\"sku\":\"17257\",\"l2\":\"Caf\u00E9, th\u00E9 et chocolat\",\"sl\":\"cafe-grain-grand-crema-espresso-barista-lavazza-17257\",\"sn\":\"\",\"idxP\":87},{\"mq\":\"Lavazza\",\"nm\":\"Caf\u00E9 grain espresso qualit\u00E9 rouge\",\"nme\":\"Red quality espresso coffee beans\",\"attr\":\"\",\"sku\":\"28231\",\"l2\":\"Caf\u00E9, th\u00E9 et chocolat\",\"sl\":\"cafe-grain-espresso-qualite-rouge-lavazza-28231\",\"sn\":\"\",\"idxP\":84},{\"mq\":\"Lavazza\",\"nm\":\"Caf\u00E9 moulu espresso qualit\u00E9 rouge\",\"nme\":\"Red quality espresso ground coffee\",\"attr\":\"\",\"sku\":\"28245\",\"l2\":\"Caf\u00E9, th\u00E9 et chocolat\",\"sl\":\"cafe-moulu-espresso-qualite-rouge-lavazza-28245\",\"sn\":\"\",\"idxP\":100},{\"mq\":\"Lavazza\",\"nm\":\"Caf\u00E9 grain espresso super cr\u00E8me\",\"nme\":\"Espresso super cream coffee beans\",\"attr\":\"\",\"sku\":\"46869\",\"l2\":\"Caf\u00E9, th\u00E9 et chocolat\",\"sl\":\"cafe-grain-espresso-super-creme-lavazza-46869\",\"sn\":\"\",\"idxP\":46},{\"mq\":\"La Courtisane\",\"nm\":\"Tisane poire gingembre\",\"nme\":\"Pear Ginger Herbal Tea\",\"attr\":\"Sans gluten, Produit local\",\"sku\":\"26264\",\"l2\":\"Caf\u00E9, th\u00E9 et chocolat\",\"sl\":\"tisane-poire-gingembre-la-courtisane-26264\",\"sn\":\"poires\",\"idxP\":30},{\"mq\":\"Four O'Clock\",\"nm\":\"Tisane menthe rafra\u00EEchissante biologique \u00E9quitable\",\"nme\":\"Organic fairtrade refreshing mint herbal tea\",\"attr\":\"Sans gluten, Biologique\",\"sku\":\"26265\",\"l2\":\"Caf\u00E9, th\u00E9 et chocolat\",\"sl\":\"tisane-menthe-rafraichissante-biologique-equitable-four-oclock-26265\",\"sn\":\"biologique, bio, organic, organique\",\"idxP\":31},{\"mq\":\"Four O'Clock\",\"nm\":\"Th\u00E9 vert japonais sencha biologique \u00E9quitable\",\"nme\":\"Organic fairtrade sencha green tea\",\"attr\":\"Sans gluten, Biologique\",\"sku\":\"26266\",\"l2\":\"Caf\u00E9, th\u00E9 et chocolat\",\"sl\":\"the-vert-japonais-sencha-biologique-equitable-four-oclock-26266\",\"sn\":\"biologique, bio, organic, organique\",\"idxP\":23},{\"mq\":\"Four O'Clock\",\"nm\":\"Th\u00E9 noir earl grey biologique \u00E9quitable\",\"nme\":\"Organic fairtrade earl grey black tea\",\"attr\":\"Biologique, Produit local\",\"sku\":\"26267\",\"l2\":\"Caf\u00E9, th\u00E9 et chocolat\",\"sl\":\"the-noir-earl-grey-biologique-equitable-four-oclock-26267\",\"sn\":\"biologique, bio, organic, organique\",\"idxP\":41},{\"mq\":\"Four O'Clock\",\"nm\":\"Tisane citron gingembre biologique \u00E9quitable\",\"nme\":\"Organic fairtrade lemon ginger herbal tea\",\"attr\":\"Sans gluten, Biologique\",\"sku\":\"26268\",\"l2\":\"Caf\u00E9, th\u00E9 et chocolat\",\"sl\":\"tisane-citron-gingembre-biologique-equitable-four-oclock-26268\",\"sn\":\"biologique, bio, organic, organique, citrons\",\"idxP\":41},{\"mq\":\"Four O'Clock\",\"nm\":\"Tisane menthe poivr\u00E9e biologique \u00E9quitable\",\"nme\":\"Organic fairtrade peppermint herbal tea\",\"attr\":\"Sans gluten, Biologique\",\"sku\":\"26269\",\"l2\":\"Caf\u00E9, th\u00E9 et chocolat\",\"sl\":\"tisane-menthe-poivree-biologique-equitable-four-oclock-26269\",\"sn\":\"biologique, bio, organic, organique\",\"idxP\":38},{\"mq\":\"Four O'Clock\",\"nm\":\"Tisane r\u00EAves harmonieux biologique \u00E9quitable\",\"nme\":\"Organic fairtrade peaceful dreams herbal tea\",\"attr\":\"Sans gluten, Biologique\",\"sku\":\"26270\",\"l2\":\"Caf\u00E9, th\u00E9 et chocolat\",\"sl\":\"tisane-reves-harmonieux-biologique-equitable-four-oclock-26270\",\"sn\":\"biologique, bio, organic, organique\",\"idxP\":22},{\"mq\":\"Salada\",\"nm\":\"Th\u00E9 orange pekoe sachet\",\"nme\":\"Orange Pekoe Tea Bag\",\"attr\":\"\",\"sku\":\"24456\",\"l2\":\"Caf\u00E9, th\u00E9 et chocolat\",\"sl\":\"the-orange-pekoe-sachet-salada-24456\",\"sn\":\"\",\"idxP\":51},{\"mq\":\"Four O'Clock\",\"nm\":\"Tisane camomille citronnelle bio. \u00E9quitable\",\"nme\":\"Organic fairtrade chamomille herbal tea\",\"attr\":\"Sans gluten, Biologique\",\"sku\":\"26271\",\"l2\":\"Caf\u00E9, th\u00E9 et chocolat\",\"sl\":\"tisane-camomille-citronnelle-bio.-equitable-four-oclock-26271\",\"sn\":\"biologique, bio, organic, organique, citrons\",\"idxP\":33},{\"mq\":\"Four O'Clock\",\"nm\":\"Th\u00E9 vert japonais biologique \u00E9quitable\",\"nme\":\"Organic fairtrade japanese green tea\",\"attr\":\"Sans gluten, Biologique\",\"sku\":\"26272\",\"l2\":\"Caf\u00E9, th\u00E9 et chocolat\",\"sl\":\"the-vert-japonais-biologique-equitable-four-oclock-26272\",\"sn\":\"biologique, bio, organic, organique\",\"idxP\":33},{\"mq\":\"Four O'Clock\",\"nm\":\"Th\u00E9 noir espresso cha\u00EF biologique \u00E9quitable\",\"nme\":\"Organic fairtrade chai espresso black tea\",\"attr\":\"Sans gluten, Biologique\",\"sku\":\"26274\",\"l2\":\"Caf\u00E9, th\u00E9 et chocolat\",\"sl\":\"the-noir-espresso-chai-biologique-equitable-four-oclock-26274\",\"sn\":\"biologique, bio, organic, organique\",\"idxP\":30},{\"mq\":\"Four O'Clock\",\"nm\":\"Th\u00E9 vert sencha matcha biologique \u00E9quitable\",\"nme\":\"Organic fairtrade sencha matcha green tea\",\"attr\":\"Sans gluten, Biologique\",\"sku\":\"26275\",\"l2\":\"Caf\u00E9, th\u00E9 et chocolat\",\"sl\":\"the-vert-sencha-matcha-biologique-equitable-four-oclock-26275\",\"sn\":\"biologique, bio, organic, organique\",\"idxP\":40},{\"mq\":\"Four O'Clock\",\"nm\":\"Th\u00E9 vert jasmin biologique \u00E9quitable\",\"nme\":\"Organic fairtrade jasmine green tea\",\"attr\":\"Sans gluten, Biologique\",\"sku\":\"26273\",\"l2\":\"Caf\u00E9, th\u00E9 et chocolat\",\"sl\":\"the-vert-jasmin-biologique-equitable-four-oclock-26273\",\"sn\":\"biologique, bio, organic, organique\",\"idxP\":30},{\"mq\":\"Mott's\",\"nm\":\"M\u00E9lange cocktail daiquiri fraise\",\"nme\":\"Strawberry Daiquiri Cocktail Mix\",\"attr\":\"\",\"sku\":\"35035\",\"l2\":\"Cristal et sirop\",\"sl\":\"melange-cocktail-daiquiri-fraise-motts-35035\",\"sn\":\"fraises\",\"idxP\":50},{\"mq\":\"Acqua Panna\",\"nm\":\"Eau de source naturelle\",\"nme\":\"Natural Spring Water\",\"attr\":\"\",\"sku\":\"00567\",\"l2\":\"Eau\",\"sl\":\"eau-de-source-naturelle-acqua-panna-00567\",\"sn\":\"\",\"idxP\":38},{\"mq\":\"Naya\",\"nm\":\"Eau de source naturelle\",\"nme\":\"Spring Water\",\"attr\":\"Aliment du Qu\u00E9bec, Produit local\",\"sku\":\"16529\",\"l2\":\"Eau\",\"sl\":\"eau-de-source-naturelle-naya-16529\",\"sn\":\"\",\"idxP\":100},{\"mq\":\"San Benedetto\",\"nm\":\"Eau de source naturelle\",\"nme\":\"Natural Spring Water\",\"attr\":\"\",\"sku\":\"34655\",\"l2\":\"Eau\",\"sl\":\"eau-de-source-naturelle-san-benedetto-34655\",\"sn\":\"\",\"idxP\":76},{\"mq\":\"St-Justin\",\"nm\":\"Eau min\u00E9rale naturelle gaz\u00E9ifi\u00E9e\",\"nme\":\"Carbonated Natural Water\",\"attr\":\"Aliment du Qu\u00E9bec, Produit local\",\"sku\":\"18133\",\"l2\":\"Eau\",\"sl\":\"eau-minerale-naturelle-gazeifiee-st-justin-18133\",\"sn\":\"\",\"idxP\":65},{\"mq\":\"San Benedetto\",\"nm\":\"Eau de source gaz\u00E9ifi\u00E9e\",\"nme\":\"Carbonated Natural Spring Water\",\"attr\":\"\",\"sku\":\"49670\",\"l2\":\"Eau\",\"sl\":\"eau-de-source-gazeifiee-san-benedetto-49670\",\"sn\":\"\",\"idxP\":99},{\"mq\":\"San Pellegrino\",\"nm\":\"Eau min\u00E9rale gaz\u00E9ifi\u00E9e\",\"nme\":\"Sparkling Natural Spring Water\",\"attr\":\"\",\"sku\":\"03993\",\"l2\":\"Eau\",\"sl\":\"eau-minerale-gazeifiee-san-pellegrino-03993\",\"sn\":\"\",\"idxP\":100},{\"mq\":\"Agga\",\"nm\":\"Caf\u00E9 grain noir Kenya AA\",\"nme\":\"Kenya AA Black Coffee Beans\",\"attr\":\"Produit local\",\"sku\":\"26431\",\"l2\":\"Caf\u00E9, th\u00E9 et chocolat\",\"sl\":\"cafe-grain-noir-kenya-aa-agga-26431\",\"sn\":\"\",\"idxP\":56},{\"mq\":\"Agga\",\"nm\":\"Caf\u00E9 grain colombien premium\",\"nme\":\"Premium Columbian Coffee Beans\",\"attr\":\"Produit local\",\"sku\":\"26433\",\"l2\":\"Caf\u00E9, th\u00E9 et chocolat\",\"sl\":\"cafe-grain-colombien-premium-agga-26433\",\"sn\":\"\",\"idxP\":38},{\"mq\":\"Agga\",\"nm\":\"Caf\u00E9 grain m\u00E9lange parisien\",\"nme\":\"Parisian Blend Coffee Beans\",\"attr\":\"Produit local\",\"sku\":\"26434\",\"l2\":\"Caf\u00E9, th\u00E9 et chocolat\",\"sl\":\"cafe-grain-melange-parisien-agga-26434\",\"sn\":\"\",\"idxP\":32},{\"mq\":\"Agga\",\"nm\":\"Capsules caf\u00E9 K-cup m\u00E9lange maison\",\"nme\":\"House Blend K-cup Coffee Caps\",\"attr\":\"Produit local\",\"sku\":\"26438\",\"l2\":\"Caf\u00E9, th\u00E9 et chocolat\",\"sl\":\"capsules-cafe-k-cup-melange-maison-agga-26438\",\"sn\":\"\",\"idxP\":32},{\"mq\":\"Agga\",\"nm\":\"Caf\u00E9 Expresso en grain d\u00E9caf\u00E9in\u00E9\",\"nme\":\"Expresso Decafeinated Grain Coffee\",\"attr\":\"Produit local\",\"sku\":\"26435\",\"l2\":\"Caf\u00E9, th\u00E9 et chocolat\",\"sl\":\"cafe-expresso-en-grain-decafeine-agga-26435\",\"sn\":\"\",\"idxP\":46},{\"mq\":\"Agga\",\"nm\":\"Capsules caf\u00E9 K-cup intenso\",\"nme\":\"Intenso K-cup Coffee Caps\",\"attr\":\"Produit local\",\"sku\":\"26439\",\"l2\":\"Caf\u00E9, th\u00E9 et chocolat\",\"sl\":\"capsules-cafe-k-cup-intenso-agga-26439\",\"sn\":\"\",\"idxP\":54},{\"mq\":\"Agga\",\"nm\":\"Capsules caf\u00E9 K-cup colombien gourmet\",\"nme\":\"Columbian Gourmet K-cup Coffee\",\"attr\":\"Produit local\",\"sku\":\"26437\",\"l2\":\"Caf\u00E9, th\u00E9 et chocolat\",\"sl\":\"capsules-cafe-k-cup-colombien-gourmet-agga-26437\",\"sn\":\"\",\"idxP\":33},{\"mq\":\"Agga\",\"nm\":\"Caf\u00E9 grain noir Arabie\",\"nme\":\"Arabie Black Coffee Beans\",\"attr\":\"Produit local\",\"sku\":\"26432\",\"l2\":\"Caf\u00E9, th\u00E9 et chocolat\",\"sl\":\"cafe-grain-noir-arabie-agga-26432\",\"sn\":\"\",\"idxP\":36},{\"mq\":\"Best Way\",\"nm\":\"Sirop de grenadine\",\"nme\":\"Grenadine Syrup\",\"attr\":\"\",\"sku\":\"16932\",\"l2\":\"Cristal et sirop\",\"sl\":\"sirop-de-grenadine-best-way-16932\",\"sn\":\"\",\"idxP\":23},{\"mq\":\"Coke\",\"nm\":\"Soda Coca-Cola original\",\"nme\":\"Classic Coca-Cola soft drink\",\"attr\":\"\",\"sku\":\"13352\",\"l2\":\"Boisson gazeuse\",\"sl\":\"soda-coca-cola-original-coke-13352\",\"sn\":\"liqueur, breuvage, softdrink, soft drink\",\"idxP\":73},{\"mq\":\"Oasis\",\"nm\":\"Jus pamplemousse ruby red\",\"nme\":\"Ruby Red Grapefruit Juice\",\"attr\":\"\",\"sku\":\"26539\",\"l2\":\"Jus et boisson\",\"sl\":\"jus-pamplemousse-ruby-red-oasis-26539\",\"sn\":\"\",\"idxP\":30},{\"mq\":\"Gatorade\",\"nm\":\"Boisson sportive raisin\",\"nme\":\"Grape energy drink\",\"attr\":\"\",\"sku\":\"46585\",\"l2\":\"Boisson \u00E9nergisante\",\"sl\":\"boisson-sportive-raisin-gatorade-46585\",\"sn\":\"raisins\",\"idxP\":35},{\"mq\":\"Gatorade\",\"nm\":\"Boisson sportive orange\",\"nme\":\"Orange energy drink\",\"attr\":\"\",\"sku\":\"46587\",\"l2\":\"Boisson \u00E9nergisante\",\"sl\":\"boisson-sportive-orange-gatorade-46587\",\"sn\":\"\",\"idxP\":30},{\"mq\":\"Heinz\",\"nm\":\"Jus de tomate\",\"nme\":\"Tomato Juice\",\"attr\":\"\",\"sku\":\"00275\",\"l2\":\"Jus et boisson\",\"sl\":\"jus-de-tomate-heinz-00275\",\"sn\":\"tomates\",\"idxP\":91},{\"mq\":\"Oasis\",\"nm\":\"Jus pomme\",\"nme\":\"Apple Juice\",\"attr\":\"\",\"sku\":\"01434\",\"l2\":\"Jus et boisson\",\"sl\":\"jus-pomme-oasis-01434\",\"sn\":\"apples, pommes\",\"idxP\":95},{\"mq\":\"Oasis\",\"nm\":\"Jus mangue exotique\",\"nme\":\"Exotic Mango Juice\",\"attr\":\"\",\"sku\":\"01439\",\"l2\":\"Jus et boisson\",\"sl\":\"jus-mangue-exotique-oasis-01439\",\"sn\":\"tropical, mangues\",\"idxP\":83},{\"mq\":\"Heinz\",\"nm\":\"Jus de tomate\",\"nme\":\"Tomato Juice\",\"attr\":\"\",\"sku\":\"00277\",\"l2\":\"Jus et boisson\",\"sl\":\"jus-de-tomate-heinz-00277\",\"sn\":\"tomates\",\"idxP\":76},{\"mq\":\"Oasis\",\"nm\":\"Jus passion tropicale\",\"nme\":\"Tropical Passion Juice\",\"attr\":\"\",\"sku\":\"01438\",\"l2\":\"Jus et boisson\",\"sl\":\"jus-passion-tropicale-oasis-01438\",\"sn\":\"exotic, exotique, tropical\",\"idxP\":80},{\"mq\":\"V-8\",\"nm\":\"Cocktail aux l\u00E9gumes\",\"nme\":\"Vegetable Cocktail\",\"attr\":\"\",\"sku\":\"02752\",\"l2\":\"Jus et boisson\",\"sl\":\"cocktail-aux-legumes-v-8-02752\",\"sn\":\"\",\"idxP\":69},{\"mq\":\"V-8\",\"nm\":\"Cocktail aux l\u00E9gumes\",\"nme\":\"Vegetable Cocktail\",\"attr\":\"\",\"sku\":\"02755\",\"l2\":\"Jus et boisson\",\"sl\":\"cocktail-aux-legumes-v-8-02755\",\"sn\":\"\",\"idxP\":38},{\"mq\":\"Gatorade\",\"nm\":\"Boisson sportive fraicheur glacier\",\"nme\":\"Iceberg freeze sport drink\",\"attr\":\"\",\"sku\":\"46586\",\"l2\":\"Boisson \u00E9nergisante\",\"sl\":\"boisson-sportive-fraicheur-glacier-gatorade-46586\",\"sn\":\"\",\"idxP\":36},{\"mq\":\"Gatorade\",\"nm\":\"Boisson sportive punch fruit\",\"nme\":\"Fruit punch energy drink\",\"attr\":\"\",\"sku\":\"46584\",\"l2\":\"Boisson \u00E9nergisante\",\"sl\":\"boisson-sportive-punch-fruit-gatorade-46584\",\"sn\":\"\",\"idxP\":65},{\"mq\":\"Earth's own\",\"nm\":\"Boisson soya m\u00E9lange barista\",\"nme\":\"Barista blend soy beverage\",\"attr\":\"Sans gluten, Sans lactose\",\"sku\":\"22720\",\"l2\":\"Lait et boisson v\u00E9g\u00E9tale\",\"sl\":\"boisson-soya-melange-barista-earths-own-22720\",\"sn\":\"\",\"idxP\":100},{\"mq\":\"Gatorade\",\"nm\":\"Boisson sportive bleu cool\",\"nme\":\"Cool Blue Drink\",\"attr\":\"\",\"sku\":\"46583\",\"l2\":\"Boisson \u00E9nergisante\",\"sl\":\"boisson-sportive-bleu-cool-gatorade-46583\",\"sn\":\"\",\"idxP\":79},{\"mq\":\"Brio\",\"nm\":\"Soda italien chinotto\",\"nme\":\"Chinotto italian soft drink\",\"attr\":\"\",\"sku\":\"24321\",\"l2\":\"Boisson gazeuse\",\"sl\":\"soda-italien-chinotto-brio-24321\",\"sn\":\"liqueur, breuvage, softdrink, soft drink\",\"idxP\":100},{\"mq\":\"Stewarts\",\"nm\":\"Soda \u00E0 l'orange\",\"nme\":\"Orange Soft Drink\",\"attr\":\"\",\"sku\":\"23972\",\"l2\":\"Boisson gazeuse\",\"sl\":\"soda-a-lorange-stewarts-23972\",\"sn\":\"liqueur, breuvage, softdrink, soft drink\",\"idxP\":67},{\"mq\":\"Blue Diamond\",\"nm\":\"Boisson amande non sucr\u00E9e\",\"nme\":\"Unsweetened almond beverage\",\"attr\":\"Sans gluten\",\"sku\":\"35795\",\"l2\":\"Lait et boisson v\u00E9g\u00E9tale\",\"sl\":\"boisson-amande-non-sucree-blue-diamond-35795\",\"sn\":\"amandes\",\"idxP\":81},{\"mq\":\"Stewarts\",\"nm\":\"Racinette\",\"nme\":\"Root Beer\",\"attr\":\"\",\"sku\":\"23974\",\"l2\":\"Boisson gazeuse\",\"sl\":\"racinette-stewarts-23974\",\"sn\":\"\",\"idxP\":52},{\"mq\":\"Natur-a\",\"nm\":\"Boisson soya biologique\",\"nme\":\"Organic Soy Beverage\",\"attr\":\"Sans gluten, Biologique, Sans lactose, Produit local\",\"sku\":\"36686\",\"l2\":\"Lait et boisson v\u00E9g\u00E9tale\",\"sl\":\"boisson-soya-biologique-natur-a-36686\",\"sn\":\"biologique, bio, organic, organique\",\"idxP\":91},{\"mq\":\"Blue Diamond\",\"nm\":\"Boisson amande vanille non sucr\u00E9e\",\"nme\":\"Unsweetenend almond vanilla beverage\",\"attr\":\"Sans gluten\",\"sku\":\"38705\",\"l2\":\"Lait et boisson v\u00E9g\u00E9tale\",\"sl\":\"boisson-amande-vanille-non-sucree-blue-diamond-38705\",\"sn\":\"amandes\",\"idxP\":76},{\"mq\":\"Stewarts\",\"nm\":\"Soda \u00E0 la cerise noire 4\",\"nme\":\"Black Cherry Soft Drink\",\"attr\":\"\",\"sku\":\"23975\",\"l2\":\"Boisson gazeuse\",\"sl\":\"soda-a-la-cerise-noire-4-stewarts-23975\",\"sn\":\"liqueur, breuvage, softdrink, soft drink\",\"idxP\":79},{\"mq\":\"Blue Diamond\",\"nm\":\"Boisson amande originale\",\"nme\":\"Original almond beverage\",\"attr\":\"Sans gluten\",\"sku\":\"38706\",\"l2\":\"Lait et boisson v\u00E9g\u00E9tale\",\"sl\":\"boisson-amande-originale-blue-diamond-38706\",\"sn\":\"amandes\",\"idxP\":68},{\"mq\":\"Nesquik\",\"nm\":\"Sirop chocolat\",\"nme\":\"Chocolate Syrup\",\"attr\":\"\",\"sku\":\"10865\",\"l2\":\"Caf\u00E9, th\u00E9 et chocolat\",\"sl\":\"sirop-chocolat-nesquik-10865\",\"sn\":\"\",\"idxP\":87},{\"mq\":\"Nesquik\",\"nm\":\"M\u00E9lange chocolat chaud poudre\",\"nme\":\"Hot Chocolate Mix Powder\",\"attr\":\"\",\"sku\":\"35953\",\"l2\":\"Caf\u00E9, th\u00E9 et chocolat\",\"sl\":\"melange-chocolat-chaud-poudre-nesquik-35953\",\"sn\":\"\",\"idxP\":92},{\"mq\":\"Nesquik\",\"nm\":\"Sirop chocolat\",\"nme\":\"Chocolate Syrup\",\"attr\":\"\",\"sku\":\"25442\",\"l2\":\"Caf\u00E9, th\u00E9 et chocolat\",\"sl\":\"sirop-chocolat-nesquik-25442\",\"sn\":\"\",\"idxP\":96},{\"mq\":\"Heinz\",\"nm\":\"Jus de tomate\",\"nme\":\"Tomato Juice\",\"attr\":\"\",\"sku\":\"00407\",\"l2\":\"Jus et boisson\",\"sl\":\"jus-de-tomate-heinz-00407\",\"sn\":\"tomates\",\"idxP\":86},{\"mq\":\"Heinz\",\"nm\":\"Jus de tomate\",\"nme\":\"Tomato Juice\",\"attr\":\"\",\"sku\":\"31039\",\"l2\":\"Jus et boisson\",\"sl\":\"jus-de-tomate-heinz-31039\",\"sn\":\"tomates\",\"idxP\":100},{\"mq\":\"Canada Dry\",\"nm\":\"Soda gingembre\",\"nme\":\"Ginger ale soft drink\",\"attr\":\"\",\"sku\":\"13687\",\"l2\":\"Boisson gazeuse\",\"sl\":\"soda-gingembre-canada-dry-13687\",\"sn\":\"liqueur, breuvage, softdrink, soft drink\",\"idxP\":67},{\"mq\":\"Coke\",\"nm\":\"Soda Coca-Cola di\u00E8te\",\"nme\":\"Diet Coca-Cola soft drink\",\"attr\":\"\",\"sku\":\"13586\",\"l2\":\"Boisson gazeuse\",\"sl\":\"soda-coca-cola-diete-coke-13586\",\"sn\":\"liqueur, breuvage, softdrink, soft drink\",\"idxP\":69},{\"mq\":\"Canada Dry\",\"nm\":\"Soda tonique\",\"nme\":\"Tonic water\",\"attr\":\"\",\"sku\":\"42526\",\"l2\":\"Boisson gazeuse\",\"sl\":\"soda-tonique-canada-dry-42526\",\"sn\":\"liqueur, breuvage, softdrink, soft drink\",\"idxP\":73},{\"mq\":\"Cola Couronne\",\"nm\":\"Boisson gazeuse Cola champagne\",\"nme\":\"Cola champagne soft drink\",\"attr\":\"\",\"sku\":\"36837\",\"l2\":\"Boisson gazeuse\",\"sl\":\"boisson-gazeuse-cola-champagne-cola-couronne-36837\",\"sn\":\"liqueur\",\"idxP\":100},{\"mq\":\"Cola Couronne\",\"nm\":\"Boisson gazeuse Cola champagne\",\"nme\":\"Cola champagne soft drink\",\"attr\":\"\",\"sku\":\"36836\",\"l2\":\"Boisson gazeuse\",\"sl\":\"boisson-gazeuse-cola-champagne-cola-couronne-36836\",\"sn\":\"liqueur\",\"idxP\":100},{\"mq\":\"Fanta\",\"nm\":\"Soda orange\",\"nme\":\"Orange Soft Drink\",\"attr\":\"\",\"sku\":\"07674\",\"l2\":\"Boisson gazeuse\",\"sl\":\"soda-orange-fanta-07674\",\"sn\":\"liqueur, breuvage, softdrink, soft drink\",\"idxP\":61},{\"mq\":\"Ch\u00E2teau Thierry\",\"nm\":\"Sirop menthe splash\",\"nme\":\"Splash mint Syrup\",\"attr\":\"\",\"sku\":\"10471\",\"l2\":\"Cristal et sirop\",\"sl\":\"sirop-menthe-splash-chateau-thierry-10471\",\"sn\":\"\",\"idxP\":33},{\"mq\":\"Brisk\",\"nm\":\"Th\u00E9 glac\u00E9 citron\",\"nme\":\"Lemon iced tea\",\"attr\":\"\",\"sku\":\"00072\",\"l2\":\"Jus et boisson\",\"sl\":\"the-glace-citron-brisk-00072\",\"sn\":\"citrons\",\"idxP\":52},{\"mq\":\"Stappino\",\"nm\":\"Boisson gazeuse Stappi jaune\",\"nme\":\"Yellow Stappi Soft Drink\",\"attr\":\"\",\"sku\":\"11747\",\"l2\":\"Boisson gazeuse\",\"sl\":\"boisson-gazeuse-stappi-jaune-stappino-11747\",\"sn\":\"liqueur, gaz\u00E9ifi\u00E9\",\"idxP\":92},{\"mq\":\"Labrador Source\",\"nm\":\"Eau de source naturelle\",\"nme\":\"Natural Spring Water\",\"attr\":\"\",\"sku\":\"11131\",\"l2\":\"Eau\",\"sl\":\"eau-de-source-naturelle-labrador-source-11131\",\"sn\":\"\",\"idxP\":100},{\"mq\":\"Pepsi\",\"nm\":\"Boisson gazeuse pepsi\",\"nme\":\"Pepsi Soft Drink\",\"attr\":\"\",\"sku\":\"13300\",\"l2\":\"Boisson gazeuse\",\"sl\":\"boisson-gazeuse-pepsi-pepsi-13300\",\"sn\":\"liqueur\",\"idxP\":70},{\"mq\":\"Marie Brizard\",\"nm\":\"Sirop de grenadine\",\"nme\":\"Grenadine syrup\",\"attr\":\"\",\"sku\":\"14335\",\"l2\":\"Cristal et sirop\",\"sl\":\"sirop-de-grenadine-marie-brizard-14335\",\"sn\":\"\",\"idxP\":38},{\"mq\":\"Ch\u00E2teau Thierry\",\"nm\":\"Sirop grenadine splash\",\"nme\":\"Splash grenadine syrup\",\"attr\":\"\",\"sku\":\"08678\",\"l2\":\"Cristal et sirop\",\"sl\":\"sirop-grenadine-splash-chateau-thierry-08678\",\"sn\":\"\",\"idxP\":71},{\"mq\":\"7up\",\"nm\":\"Boisson gazeuse 7up\",\"nme\":\"7up Soft Drink\",\"attr\":\"\",\"sku\":\"13630\",\"l2\":\"Boisson gazeuse\",\"sl\":\"boisson-gazeuse-7up-7up-13630\",\"sn\":\"liqueur\",\"idxP\":71},{\"mq\":\"Sprite\",\"nm\":\"Boisson gazeuse Sprite x24\",\"nme\":\"Sprite Soft Drink x24\",\"attr\":\"\",\"sku\":\"13639\",\"l2\":\"Boisson gazeuse\",\"sl\":\"boisson-gazeuse-sprite-x24-sprite-13639\",\"sn\":\"liqueur\",\"idxP\":69},{\"mq\":\"Marie Brizard\",\"nm\":\"Sirop de lime\",\"nme\":\"Lime syrup\",\"attr\":\"\",\"sku\":\"14338\",\"l2\":\"Cristal et sirop\",\"sl\":\"sirop-de-lime-marie-brizard-14338\",\"sn\":\"citrons\",\"idxP\":17},{\"mq\":\"A&W\",\"nm\":\"Boisson gazeuse racinette\",\"nme\":\"Racinette Soft Drink\",\"attr\":\"\",\"sku\":\"07675\",\"l2\":\"Boisson gazeuse\",\"sl\":\"boisson-gazeuse-racinette-aw-07675\",\"sn\":\"\",\"idxP\":33},{\"mq\":\"Pepsi\",\"nm\":\"Boisson gazeuse pepsi di\u00E8te\",\"nme\":\"Diet Pepsi Soft Drink\",\"attr\":\"\",\"sku\":\"13628\",\"l2\":\"Boisson gazeuse\",\"sl\":\"boisson-gazeuse-pepsi-diete-pepsi-13628\",\"sn\":\"liqueur\",\"idxP\":68},{\"mq\":\"Brio\",\"nm\":\"Soda italien chinotto\",\"nme\":\"Chinotto italian soft drink\",\"attr\":\"\",\"sku\":\"32603\",\"l2\":\"Boisson gazeuse\",\"sl\":\"soda-italien-chinotto-brio-32603\",\"sn\":\"liqueur, breuvage, softdrink, soft drink\",\"idxP\":77},{\"mq\":\"Marie Brizard\",\"nm\":\"Sirop de pomme verte\",\"nme\":\"Green apple syrup\",\"attr\":\"\",\"sku\":\"14340\",\"l2\":\"Cristal et sirop\",\"sl\":\"sirop-de-pomme-verte-marie-brizard-14340\",\"sn\":\"apples, pommes\",\"idxP\":25},{\"mq\":\"Stappi\",\"nm\":\"Boisson gazeuse Stappi rouge\",\"nme\":\"Red Stappi Soft Drink\",\"attr\":\"\",\"sku\":\"32056\",\"l2\":\"Boisson gazeuse\",\"sl\":\"boisson-gazeuse-stappi-rouge-stappi-32056\",\"sn\":\"liqueur, gaz\u00E9ifi\u00E9\",\"idxP\":100},{\"mq\":\"Guru\",\"nm\":\"Boisson \u00E9nergisante biologique\",\"nme\":\"Organic energy drink\",\"attr\":\"\",\"sku\":\"37677\",\"l2\":\"Boisson \u00E9nergisante\",\"sl\":\"boisson-energisante-biologique-guru-37677\",\"sn\":\"biologique, bio, organic, organique\",\"idxP\":75},{\"mq\":\"Mug\",\"nm\":\"Boisson gazeuse racinette\",\"nme\":\"Root Beer\",\"attr\":\"Aliment du Qu\u00E9bec, Produit local\",\"sku\":\"29344\",\"l2\":\"Boisson gazeuse\",\"sl\":\"boisson-gazeuse-racinette-mug-29344\",\"sn\":\"\",\"idxP\":1},{\"mq\":\"Marie Brizard\",\"nm\":\"Sirop de cassis\",\"nme\":\"Blackcurrant Syrup\",\"attr\":\"\",\"sku\":\"36242\",\"l2\":\"Cristal et sirop\",\"sl\":\"sirop-de-cassis-marie-brizard-36242\",\"sn\":\"\",\"idxP\":25},{\"mq\":\"Schweppes\",\"nm\":\"Boisson gazeuse club soda\",\"nme\":\"Club Soda Soft Drink\",\"attr\":\"\",\"sku\":\"41378\",\"l2\":\"Boisson gazeuse\",\"sl\":\"boisson-gazeuse-club-soda-schweppes-41378\",\"sn\":\"liqueur, breuvage, softdrink, soft drink\",\"idxP\":25},{\"mq\":\"San Pellegrino\",\"nm\":\"Boisson p\u00E9tillante Aranciata Rosa\",\"nme\":\"Sparkling soda Aranciata Rosea\",\"attr\":\"\",\"sku\":\"14864\",\"l2\":\"Eau\",\"sl\":\"boisson-petillante-aranciata-rosa-san-pellegrino-14864\",\"sn\":\"gaz\u00E9ifi\u00E9\",\"idxP\":100},{\"mq\":\"Glaceau\",\"nm\":\"Eau vitamin\u00E9e aca\u00EF bleuet grenade\",\"nme\":\"Acai blueberry pomegranate vitamin water\",\"attr\":\"\",\"sku\":\"18487\",\"l2\":\"Boisson \u00E9nergisante\",\"sl\":\"eau-vitaminee-acai-bleuet-grenade-glaceau-18487\",\"sn\":\"\",\"idxP\":42},{\"mq\":\"Schweppes\",\"nm\":\"Boisson gazeuse soda tonique\",\"nme\":\"Tonic Water Soft Drink\",\"attr\":\"\",\"sku\":\"41377\",\"l2\":\"Boisson gazeuse\",\"sl\":\"boisson-gazeuse-soda-tonique-schweppes-41377\",\"sn\":\"liqueur, breuvage, softdrink, soft drink\",\"idxP\":63},{\"mq\":\"Crush\",\"nm\":\"Soda orange\",\"nme\":\"Orange soft drink\",\"attr\":\"\",\"sku\":\"13486\",\"l2\":\"Boisson gazeuse\",\"sl\":\"soda-orange-crush-13486\",\"sn\":\"liqueur, breuvage, softdrink, soft drink\",\"idxP\":69},{\"mq\":\"Marie Brizard\",\"nm\":\"Sirop de framboise\",\"nme\":\"Raspberry syrup\",\"attr\":\"\",\"sku\":\"14336\",\"l2\":\"Cristal et sirop\",\"sl\":\"sirop-de-framboise-marie-brizard-14336\",\"sn\":\"framboises\",\"idxP\":40},{\"mq\":\"Monster\",\"nm\":\"Boisson \u00E9nergisante ultra z\u00E9ro\",\"nme\":\"Energy Drink Zero Ultra\",\"attr\":\"\",\"sku\":\"35043\",\"l2\":\"Boisson \u00E9nergisante\",\"sl\":\"boisson-energisante-ultra-zero-monster-35043\",\"sn\":\"\",\"idxP\":57},{\"mq\":\"Mott's\",\"nm\":\"M\u00E9lange cocktail margarita\",\"nme\":\"Margarita Cocktail Mix\",\"attr\":\"\",\"sku\":\"34912\",\"l2\":\"Cristal et sirop\",\"sl\":\"melange-cocktail-margarita-motts-34912\",\"sn\":\"\",\"idxP\":69},{\"mq\":\"Mott's\",\"nm\":\"M\u00E9lange cocktail pina colada\",\"nme\":\"Pina Colada Cocktail Mix\",\"attr\":\"\",\"sku\":\"35317\",\"l2\":\"Cristal et sirop\",\"sl\":\"melange-cocktail-pina-colada-motts-35317\",\"sn\":\"\",\"idxP\":92},{\"mq\":\"Monster\",\"nm\":\"Boisson \u00E9nergisante\",\"nme\":\"Energy Drink\",\"attr\":\"\",\"sku\":\"42066\",\"l2\":\"Boisson \u00E9nergisante\",\"sl\":\"boisson-energisante-monster-42066\",\"sn\":\"\",\"idxP\":70},{\"mq\":\"Dr Pepper\",\"nm\":\"Boisson gazeuse Dr. Pepper\",\"nme\":\"Dr Pepper Soft Drink\",\"attr\":\"\u00C9cologique\",\"sku\":\"42631\",\"l2\":\"Boisson gazeuse\",\"sl\":\"boisson-gazeuse-dr.-pepper-dr-pepper-42631\",\"sn\":\"liqueur, breuvage, softdrink, soft drink\",\"idxP\":45},{\"mq\":\"San Pellegrino\",\"nm\":\"Boisson p\u00E9tillante Aranciata\",\"nme\":\"Sparkling soda Aranciata\",\"attr\":\"\",\"sku\":\"44515\",\"l2\":\"Eau\",\"sl\":\"boisson-petillante-aranciata-san-pellegrino-44515\",\"sn\":\"gaz\u00E9ifi\u00E9\",\"idxP\":100},{\"mq\":\"San Pellegrino\",\"nm\":\"Boisson p\u00E9tillante Pompelmo\",\"nme\":\"Sparkling soda Pompelmo\",\"attr\":\"\",\"sku\":\"14865\",\"l2\":\"Eau\",\"sl\":\"boisson-petillante-pompelmo-san-pellegrino-14865\",\"sn\":\"gaz\u00E9ifi\u00E9\",\"idxP\":100},{\"mq\":\"Tina\",\"nm\":\"Sirop d'orgeat saveur amande\",\"nme\":\"Orzata Almond Flavour Syrup\",\"attr\":\"\",\"sku\":\"17920\",\"l2\":\"Cristal et sirop\",\"sl\":\"sirop-dorgeat-saveur-amande-tina-17920\",\"sn\":\"amandes\",\"idxP\":22},{\"mq\":\"Malta cr\u00E9ole\",\"nm\":\"Soda de malte\",\"nme\":\"Malta Soft Drink\",\"attr\":\"\",\"sku\":\"49404\",\"l2\":\"Boisson gazeuse\",\"sl\":\"soda-de-malte-malta-creole-49404\",\"sn\":\"liqueur, breuvage, softdrink, soft drink\",\"idxP\":100},{\"mq\":\"Crush\",\"nm\":\"Soda cr\u00E8me\",\"nme\":\"Cream soda soft drink\",\"attr\":\"\",\"sku\":\"34931\",\"l2\":\"Boisson gazeuse\",\"sl\":\"soda-creme-crush-34931\",\"sn\":\"liqueur, breuvage, softdrink, soft drink\",\"idxP\":56},{\"mq\":\"Red bull\",\"nm\":\"Boisson \u00E9nergisante\",\"nme\":\"Energy Drink\",\"attr\":\"\",\"sku\":\"49013\",\"l2\":\"Boisson \u00E9nergisante\",\"sl\":\"boisson-energisante-red-bull-49013\",\"sn\":\"\",\"idxP\":100},{\"mq\":\"San Pellegrino\",\"nm\":\"Boisson p\u00E9tillante Limonata\",\"nme\":\"Sparkling soda Limonata\",\"attr\":\"\",\"sku\":\"39124\",\"l2\":\"Eau\",\"sl\":\"boisson-petillante-limonata-san-pellegrino-39124\",\"sn\":\"gaz\u00E9ifi\u00E9\",\"idxP\":100},{\"mq\":\"Marie Brizard\",\"nm\":\"Sirop de menthe\",\"nme\":\"Mint Syrup\",\"attr\":\"\",\"sku\":\"45621\",\"l2\":\"Cristal et sirop\",\"sl\":\"sirop-de-menthe-marie-brizard-45621\",\"sn\":\"\",\"idxP\":32},{\"mq\":\"Pure Leaf\",\"nm\":\"Th\u00E9 au citron\",\"nme\":\"Lemon Tea\",\"attr\":\"\u00C9cologique\",\"sku\":\"07693\",\"l2\":\"Jus et boisson\",\"sl\":\"the-au-citron-pure-leaf-07693\",\"sn\":\"citrons\",\"idxP\":19},{\"mq\":\"Pure Leaf\",\"nm\":\"Th\u00E9 vert glac\u00E9 avec miel\",\"nme\":\"Green Ice Tea with Honey\",\"attr\":\"\u00C9cologique\",\"sku\":\"07694\",\"l2\":\"Jus et boisson\",\"sl\":\"the-vert-glace-avec-miel-pure-leaf-07694\",\"sn\":\"\",\"idxP\":19},{\"mq\":\"Yoga\",\"nm\":\"Nectar de poires\",\"nme\":\"Pear Nectar\",\"attr\":\"\",\"sku\":\"31068\",\"l2\":\"Jus et boisson\",\"sl\":\"nectar-de-poires-yoga-31068\",\"sn\":\"poires\",\"idxP\":21},{\"mq\":\"Makaya\",\"nm\":\"Soda banane\",\"nme\":\"Banana Soda\",\"attr\":\"\",\"sku\":\"27293\",\"l2\":\"Boisson gazeuse\",\"sl\":\"soda-banane-makaya-27293\",\"sn\":\"ananas, liqueur, breuvage, softdrink, soft drink, bananes\",\"idxP\":100},{\"mq\":\"Angostura\",\"nm\":\"Amers aromatiques\",\"nme\":\"Aromatic bitters\",\"attr\":\"\",\"sku\":\"43862\",\"l2\":\"Cristal et sirop\",\"sl\":\"amers-aromatiques-angostura-43862\",\"sn\":\"\",\"idxP\":83},{\"mq\":\"Hortus\",\"nm\":\"Caf\u00E9 moulu filtre \u00E9quilibr\u00E9\",\"nme\":\"Balanced Ground Coffee 1 kg\",\"attr\":\"Produit local\",\"sku\":\"27566\",\"l2\":\"Caf\u00E9, th\u00E9 et chocolat\",\"sl\":\"cafe-moulu-filtre-equilibre-hortus-27566\",\"sn\":\"\",\"idxP\":54},{\"mq\":\"Hortus\",\"nm\":\"Caf\u00E9 moulu filtre cors\u00E9\",\"nme\":\"Espresso Strong Ground Coffee\",\"attr\":\"Produit local\",\"sku\":\"27567\",\"l2\":\"Caf\u00E9, th\u00E9 et chocolat\",\"sl\":\"cafe-moulu-filtre-corse-hortus-27567\",\"sn\":\"\",\"idxP\":32},{\"mq\":\"Hortus\",\"nm\":\"Caf\u00E9 moulu filtre cors\u00E9\",\"nme\":\"Espresso Strong Ground Coffee\",\"attr\":\"Produit local\",\"sku\":\"27569\",\"l2\":\"Caf\u00E9, th\u00E9 et chocolat\",\"sl\":\"cafe-moulu-filtre-corse-hortus-27569\",\"sn\":\"\",\"idxP\":28},{\"mq\":\"Hortus\",\"nm\":\"Caf\u00E9 moulu filtre velout\u00E9\",\"nme\":\"Espresso Balanced Ground Coffee\",\"attr\":\"Produit local\",\"sku\":\"27570\",\"l2\":\"Caf\u00E9, th\u00E9 et chocolat\",\"sl\":\"cafe-moulu-filtre-veloute-hortus-27570\",\"sn\":\"\",\"idxP\":27},{\"mq\":\"Hortus\",\"nm\":\"Caf\u00E9 moulu filtre velout\u00E9\",\"nme\":\"Espresso Balanced Ground Coffee\",\"attr\":\"Produit local\",\"sku\":\"27568\",\"l2\":\"Caf\u00E9, th\u00E9 et chocolat\",\"sl\":\"cafe-moulu-filtre-veloute-hortus-27568\",\"sn\":\"\",\"idxP\":36},{\"mq\":\"Hortus\",\"nm\":\"Caf\u00E9 grain espresso \u00E9quilibr\u00E9\",\"nme\":\"Balanced Espresso Coffee Beans\",\"attr\":\"Produit local\",\"sku\":\"27571\",\"l2\":\"Caf\u00E9, th\u00E9 et chocolat\",\"sl\":\"cafe-grain-espresso-equilibre-hortus-27571\",\"sn\":\"\",\"idxP\":54},{\"mq\":\"Clover Dale\",\"nm\":\"Lait \u00E9cr\u00E9m\u00E9 en poudre\",\"nme\":\"Skimmed milk powder\",\"attr\":\"\",\"sku\":\"23189\",\"l2\":\"Lait et boisson v\u00E9g\u00E9tale\",\"sl\":\"lait-ecreme-en-poudre-clover-dale-23189\",\"sn\":\"\",\"idxP\":45},{\"mq\":\"Bardinet\",\"nm\":\"Liquide \u00E0 cuisson vodka modifi\u00E9e\",\"nme\":\"Vodka cooking modified liquid\",\"attr\":\"\",\"sku\":\"34735\",\"l2\":\"Cristal et sirop\",\"sl\":\"liquide-a-cuisson-vodka-modifiee-bardinet-34735\",\"sn\":\"\",\"idxP\":20},{\"mq\":\"Bardinet\",\"nm\":\"Liquide \u00E0 cuisson rhum g\u00E9lifi\u00E9\",\"nme\":\"Rum gelified cooking modified liquid\",\"attr\":\"\",\"sku\":\"35784\",\"l2\":\"Cristal et sirop\",\"sl\":\"liquide-a-cuisson-rhum-gelifie-bardinet-35784\",\"sn\":\"\",\"idxP\":22},{\"mq\":\"Sun Med\",\"nm\":\"Assaisonnement au citron\",\"nme\":\"Lemon Juice\",\"attr\":\"\",\"sku\":\"12233\",\"l2\":\"Jus et boisson\",\"sl\":\"assaisonnement-au-citron-sun-med-12233\",\"sn\":\"citrons\",\"idxP\":88},{\"mq\":\"Verona\",\"nm\":\"Nectar poire\",\"nme\":\"Pear Nectar\",\"attr\":\"\",\"sku\":\"35402\",\"l2\":\"Jus et boisson\",\"sl\":\"nectar-poire-verona-35402\",\"sn\":\"poires\",\"idxP\":100},{\"mq\":\"Verona\",\"nm\":\"Nectar abricot\",\"nme\":\"Apricot Nectar\",\"attr\":\"\",\"sku\":\"35400\",\"l2\":\"Jus et boisson\",\"sl\":\"nectar-abricot-verona-35400\",\"sn\":\"\",\"idxP\":85},{\"mq\":\"Oasis\",\"nm\":\"Jus pomme\",\"nme\":\"Apple Juice\",\"attr\":\"\",\"sku\":\"46170\",\"l2\":\"Jus et boisson\",\"sl\":\"jus-pomme-oasis-46170\",\"sn\":\"apples, pommes\",\"idxP\":100},{\"mq\":\"Realemon\",\"nm\":\"Jus de citron\",\"nme\":\"Lemon Juice\",\"attr\":\"\",\"sku\":\"46560\",\"l2\":\"Jus et boisson\",\"sl\":\"jus-de-citron-realemon-46560\",\"sn\":\"citrons\",\"idxP\":98},{\"mq\":\"Verona\",\"nm\":\"Nectar peche\",\"nme\":\"Peach Nectar\",\"attr\":\"\",\"sku\":\"35401\",\"l2\":\"Jus et boisson\",\"sl\":\"nectar-peche-verona-35401\",\"sn\":\"\",\"idxP\":82},{\"mq\":\"Trombetta\",\"nm\":\"Capsules caf\u00E9 piu crema compatible Nespresso\",\"nme\":\"Nespresso compatible Creamy Coffee Caps\",\"attr\":\"\",\"sku\":\"37332\",\"l2\":\"Caf\u00E9, th\u00E9 et chocolat\",\"sl\":\"capsules-cafe-piu-crema-compatible-nespresso-trombetta-37332\",\"sn\":\"\",\"idxP\":36},{\"mq\":\"Trombetta\",\"nm\":\"Capsules de caf\u00E9 l'espresso pi\u00F9 crema\",\"nme\":\"L'espressio Pi\u00F9 Crema Coffee Capsules\",\"attr\":\"\",\"sku\":\"23682\",\"l2\":\"Caf\u00E9, th\u00E9 et chocolat\",\"sl\":\"capsules-de-cafe-lespresso-piu-crema-trombetta-23682\",\"sn\":\"\",\"idxP\":100},{\"mq\":\"Trombetta\",\"nm\":\"Capsules caf\u00E9 Cremoso compatible Nespresso\",\"nme\":\"Nespresso compatible Cremoso Coffee Caps\",\"attr\":\"\",\"sku\":\"38958\",\"l2\":\"Caf\u00E9, th\u00E9 et chocolat\",\"sl\":\"capsules-cafe-cremoso-compatible-nespresso-trombetta-38958\",\"sn\":\"\",\"idxP\":44},{\"mq\":\"Oasis\",\"nm\":\"Cocktail 10 l\u00E9gumes\",\"nme\":\"10 Vegetables Cocktail\",\"attr\":\"\",\"sku\":\"46175\",\"l2\":\"Jus et boisson\",\"sl\":\"cocktail-10-legumes-oasis-46175\",\"sn\":\"\",\"idxP\":38}], [{\"mq\":\"Bardinet\",\"nm\":\"Liquide \u00E0 cuisson marsala modifi\u00E9\",\"nme\":\"Marsala cooking modified liquid\",\"attr\":\"\",\"sku\":\"41470\",\"l2\":\"Cristal et sirop\",\"sl\":\"liquide-a-cuisson-marsala-modifie-bardinet-41470\",\"sn\":\"\",\"idxP\":25},{\"mq\":\"Trombetta\",\"nm\":\"Capsules caf\u00E9 d\u00E9caf\u00E9in\u00E9 compatible Nespresso\",\"nme\":\"Nespresso compatible decaffeinated coffee capsules\",\"attr\":\"\",\"sku\":\"37331\",\"l2\":\"Caf\u00E9, th\u00E9 et chocolat\",\"sl\":\"capsules-cafe-decafeine-compatible-nespresso-trombetta-37331\",\"sn\":\"\",\"idxP\":37},{\"mq\":\"Trombetta\",\"nm\":\"Capsules caf\u00E9 arabica compatible Nespresso\",\"nme\":\"Nespresso compatible Arabica Coffee Caps\",\"attr\":\"\",\"sku\":\"37335\",\"l2\":\"Caf\u00E9, th\u00E9 et chocolat\",\"sl\":\"capsules-cafe-arabica-compatible-nespresso-trombetta-37335\",\"sn\":\"\",\"idxP\":61},{\"mq\":\"Baker's\",\"nm\":\"Pr\u00E9paration pour chocolat chaud en sachet\",\"nme\":\"Hot chocolate mix single-use pocket\",\"attr\":\"\",\"sku\":\"36423\",\"l2\":\"Caf\u00E9, th\u00E9 et chocolat\",\"sl\":\"preparation-pour-chocolat-chaud-en-sachet-bakers-36423\",\"sn\":\"\",\"idxP\":44},{\"mq\":\"Bardinet\",\"nm\":\"Liquide \u00E0 cuisson brandy modifi\u00E9\",\"nme\":\"Brandy cooking modified liquid\",\"attr\":\"\",\"sku\":\"31210\",\"l2\":\"Cristal et sirop\",\"sl\":\"liquide-a-cuisson-brandy-modifie-bardinet-31210\",\"sn\":\"\",\"idxP\":41},{\"mq\":\"Maxwell House\",\"nm\":\"Caf\u00E9 instantan\u00E9 original\",\"nme\":\"Original Instant Coffee\",\"attr\":\"\",\"sku\":\"10771\",\"l2\":\"Caf\u00E9, th\u00E9 et chocolat\",\"sl\":\"cafe-instantane-original-maxwell-house-10771\",\"sn\":\"\",\"idxP\":68},{\"mq\":\"Snapple\",\"nm\":\"Th\u00E9 glac\u00E9 \u00E0 la p\u00EAche CA\",\"nme\":\"Peach Ice Tea\",\"attr\":\"\",\"sku\":\"26258\",\"l2\":\"Jus et boisson\",\"sl\":\"the-glace-a-la-peche-ca-snapple-26258\",\"sn\":\"\",\"idxP\":31},{\"mq\":\"Snapple\",\"nm\":\"Th\u00E9 glac\u00E9 \u00E0 la limonade CA\",\"nme\":\"Lemonade Ice Tea\",\"attr\":\"\",\"sku\":\"26261\",\"l2\":\"Jus et boisson\",\"sl\":\"the-glace-a-la-limonade-ca-snapple-26261\",\"sn\":\"\",\"idxP\":28},{\"mq\":\"Snapple\",\"nm\":\"Th\u00E9 glac\u00E9 \u00E0 la mangue CA\",\"nme\":\"Mango Ice Tea\",\"attr\":\"\",\"sku\":\"26260\",\"l2\":\"Jus et boisson\",\"sl\":\"the-glace-a-la-mangue-ca-snapple-26260\",\"sn\":\"mangues\",\"idxP\":29},{\"mq\":\"Snapple\",\"nm\":\"Th\u00E9 glac\u00E9 au citron CA\",\"nme\":\"Lemon Ice Tea\",\"attr\":\"\",\"sku\":\"26263\",\"l2\":\"Jus et boisson\",\"sl\":\"the-glace-au-citron-ca-snapple-26263\",\"sn\":\"citrons\",\"idxP\":27},{\"mq\":\"Lynch\",\"nm\":\"M\u00E9lange cappuccino vanille fran\u00E7aise\",\"nme\":\"Cappuccino French Vanilla Mix\",\"attr\":\"\",\"sku\":\"39170\",\"l2\":\"Caf\u00E9, th\u00E9 et chocolat\",\"sl\":\"melange-cappuccino-vanille-francaise-lynch-39170\",\"sn\":\"\",\"idxP\":53},{\"mq\":\"Lavazza\",\"nm\":\"Caf\u00E9 moulu cr\u00E8me\",\"nme\":\"Creamy Gusto Ground Coffee\",\"attr\":\"\",\"sku\":\"46868\",\"l2\":\"Caf\u00E9, th\u00E9 et chocolat\",\"sl\":\"cafe-moulu-creme-lavazza-46868\",\"sn\":\"\",\"idxP\":100},{\"mq\":\"Quick Lime\",\"nm\":\"Jus de citron vert press\u00E9\",\"nme\":\"Squeezed Lime Juice\",\"attr\":\"\",\"sku\":\"33059\",\"l2\":\"Jus et boisson\",\"sl\":\"jus-de-citron-vert-presse-quick-lime-33059\",\"sn\":\"citrons\",\"idxP\":65},{\"mq\":\"Quick Lemon\",\"nm\":\"Jus de citron press\u00E9\",\"nme\":\"Squeezed Lemon Juice\",\"attr\":\"\",\"sku\":\"33058\",\"l2\":\"Jus et boisson\",\"sl\":\"jus-de-citron-presse-quick-lemon-33058\",\"sn\":\"citrons\",\"idxP\":74},{\"mq\":\"El sol\",\"nm\":\"Boisson Malta El Sol\",\"nme\":\"Malta El Sol Drinks\",\"attr\":\"\",\"sku\":\"36461\",\"l2\":\"Boisson gazeuse\",\"sl\":\"boisson-malta-el-sol-el-sol-36461\",\"sn\":\"\",\"idxP\":51},{\"mq\":\"Dole\",\"nm\":\"Jus ananas\",\"nme\":\"Pineapple Juice\",\"attr\":\"\",\"sku\":\"36420\",\"l2\":\"Jus et boisson\",\"sl\":\"jus-ananas-dole-36420\",\"sn\":\"apples, ananas\",\"idxP\":27},{\"mq\":\"Rose's\",\"nm\":\"Jus de lime\",\"nme\":\"Lime Juice\",\"attr\":\"\",\"sku\":\"34163\",\"l2\":\"Jus et boisson\",\"sl\":\"jus-de-lime-roses-34163\",\"sn\":\"\",\"idxP\":81},{\"mq\":\"Verona\",\"nm\":\"Nectar de poire\",\"nme\":\"Pear Nectar\",\"attr\":\"\",\"sku\":\"30402\",\"l2\":\"Jus et boisson\",\"sl\":\"nectar-de-poire-verona-30402\",\"sn\":\"poires\",\"idxP\":100},{\"mq\":\"Quick Lemon\",\"nm\":\"Jus de citron press\u00E9\",\"nme\":\"Squeezed Lemon Juice\",\"attr\":\"\",\"sku\":\"25402\",\"l2\":\"Jus et boisson\",\"sl\":\"jus-de-citron-presse-quick-lemon-25402\",\"sn\":\"citrons\",\"idxP\":71},{\"mq\":\"Oasis\",\"nm\":\"Jus pomme raisin\",\"nme\":\"Apple Grape Juice\",\"attr\":\"\",\"sku\":\"16733\",\"l2\":\"Jus et boisson\",\"sl\":\"jus-pomme-raisin-oasis-16733\",\"sn\":\"apples, pommes, raisins\",\"idxP\":79},{\"mq\":\"Realemon\",\"nm\":\"Jus de citron concentr\u00E9\",\"nme\":\"Condensed Lemon Juice\",\"attr\":\"\",\"sku\":\"12992\",\"l2\":\"Jus et boisson\",\"sl\":\"jus-de-citron-concentre-realemon-12992\",\"sn\":\"citrons\",\"idxP\":98},{\"mq\":\"Univin\",\"nm\":\"Vin de cuisson rouge\",\"nme\":\"Red Cooking Wine\",\"attr\":\"\",\"sku\":\"25910\",\"l2\":\"Vin et bi\u00E8re\",\"sl\":\"vin-de-cuisson-rouge-univin-25910\",\"sn\":\"\",\"idxP\":30},{\"mq\":\"Univin\",\"nm\":\"Vin de cuisson blanc\",\"nme\":\"White cooking white\",\"attr\":\"\",\"sku\":\"25911\",\"l2\":\"Vin et bi\u00E8re\",\"sl\":\"vin-de-cuisson-blanc-univin-25911\",\"sn\":\"\",\"idxP\":46},{\"mq\":\"Bardinet\",\"nm\":\"Liquide \u00E0 cuisson porto modifi\u00E9\",\"nme\":\"Porto cooking modified liquid\",\"attr\":\"\",\"sku\":\"31211\",\"l2\":\"Cristal et sirop\",\"sl\":\"liquide-a-cuisson-porto-modifie-bardinet-31211\",\"sn\":\"\",\"idxP\":35},{\"mq\":\"Royal Malta\",\"nm\":\"Boisson au malt\",\"nme\":\"Malt Drink\",\"attr\":\"\",\"sku\":\"28216\",\"l2\":\"Boisson gazeuse\",\"sl\":\"boisson-au-malt-royal-malta-28216\",\"sn\":\"\",\"idxP\":73},{\"mq\":\"Lavazza\",\"nm\":\"Caf\u00E9 grain grand espresso\",\"nme\":\"Grand espresso coffee beans\",\"attr\":\"\",\"sku\":\"09513\",\"l2\":\"Caf\u00E9, th\u00E9 et chocolat\",\"sl\":\"cafe-grain-grand-espresso-lavazza-09513\",\"sn\":\"\",\"idxP\":61},{\"mq\":\"Oasis\",\"nm\":\"Jus pamplemousse ruby red\",\"nme\":\"Red Ruby Grapefruit Juice\",\"attr\":\"\",\"sku\":\"19877\",\"l2\":\"Jus et boisson\",\"sl\":\"jus-pamplemousse-ruby-red-oasis-19877\",\"sn\":\"\",\"idxP\":94},{\"mq\":\"Ocean Spray\",\"nm\":\"Cocktail canneberge\",\"nme\":\"Cranberry cocktail\",\"attr\":\"\",\"sku\":\"46513\",\"l2\":\"Jus et boisson\",\"sl\":\"cocktail-canneberge-ocean-spray-46513\",\"sn\":\"\",\"idxP\":79},{\"mq\":\"Fairlee\",\"nm\":\"Jus de pomme\",\"nme\":\"Apple Juice\",\"attr\":\"\",\"sku\":\"49946\",\"l2\":\"Jus et boisson\",\"sl\":\"jus-de-pomme-fairlee-49946\",\"sn\":\"apples, pommes\",\"idxP\":66},{\"mq\":\"Carnation\",\"nm\":\"Pr\u00E9paration pour chocolat chaud poudre sachet\",\"nme\":\"Hot chocolate mix single-use pocket\",\"attr\":\"\",\"sku\":\"28368\",\"l2\":\"Caf\u00E9, th\u00E9 et chocolat\",\"sl\":\"preparation-pour-chocolat-chaud-poudre-sachet-carnation-28368\",\"sn\":\"\",\"idxP\":66},{\"mq\":\"Nescaf\u00E9\",\"nm\":\"Caf\u00E9 instantan\u00E9 espresso dor\u00E9 fonc\u00E9\",\"nme\":\"Dark Gold Espresso Instant Coffee\",\"attr\":\"\",\"sku\":\"28381\",\"l2\":\"Caf\u00E9, th\u00E9 et chocolat\",\"sl\":\"cafe-instantane-espresso-dore-fonce-nescafe-28381\",\"sn\":\"\",\"idxP\":40},{\"mq\":\"Nescaf\u00E9\",\"nm\":\"Caf\u00E9 instantan\u00E9\",\"nme\":\"Instant Coffee\",\"attr\":\"\",\"sku\":\"12051\",\"l2\":\"Caf\u00E9, th\u00E9 et chocolat\",\"sl\":\"cafe-instantane-nescafe-12051\",\"sn\":\"\",\"idxP\":100},{\"mq\":\"Ocean Spray\",\"nm\":\"Cocktail canneberge\",\"nme\":\"Cranberry Cocktail\",\"attr\":\"\",\"sku\":\"16720\",\"l2\":\"Jus et boisson\",\"sl\":\"cocktail-canneberge-ocean-spray-16720\",\"sn\":\"\",\"idxP\":93},{\"mq\":\"Ocean Spray\",\"nm\":\"Jus 100% canneberge\",\"nme\":\"100% Cranberry Juice\",\"attr\":\"\",\"sku\":\"37452\",\"l2\":\"Jus et boisson\",\"sl\":\"jus-100-canneberge-ocean-spray-37452\",\"sn\":\"\",\"idxP\":44},{\"mq\":\"Ocean Spray\",\"nm\":\"Cocktail canneberge l\u00E9ger\",\"nme\":\"Light Cranberry Cocktail\",\"attr\":\"\",\"sku\":\"45796\",\"l2\":\"Jus et boisson\",\"sl\":\"cocktail-canneberge-leger-ocean-spray-45796\",\"sn\":\"\",\"idxP\":29},{\"mq\":\"Ocean Spray\",\"nm\":\"Cocktail canneberge\",\"nme\":\"Cranberry Cocktail\",\"attr\":\"\",\"sku\":\"48646\",\"l2\":\"Jus et boisson\",\"sl\":\"cocktail-canneberge-ocean-spray-48646\",\"sn\":\"\",\"idxP\":46},{\"mq\":\"Nescaf\u00E9\",\"nm\":\"Caf\u00E9 instantan\u00E9\",\"nme\":\"Instant Coffee\",\"attr\":\"\",\"sku\":\"48838\",\"l2\":\"Caf\u00E9, th\u00E9 et chocolat\",\"sl\":\"cafe-instantane-nescafe-48838\",\"sn\":\"\",\"idxP\":69},{\"mq\":\"Pure Leaf\",\"nm\":\"Th\u00E9 glac\u00E9 aux p\u00EAches\",\"nme\":\"Peach Ice Tea\",\"attr\":\"\u00C9cologique\",\"sku\":\"07695\",\"l2\":\"Jus et boisson\",\"sl\":\"the-glace-aux-peches-pure-leaf-07695\",\"sn\":\"\",\"idxP\":15},{\"mq\":\"Bulles de Nuit\",\"nm\":\"Vin mousseux ros\u00E9 6,9%\",\"nme\":\"Ros\u00E9 sparkling wine 6.9%\",\"attr\":\"\",\"sku\":\"29487\",\"l2\":\"Vin et bi\u00E8re\",\"sl\":\"vin-mousseux-rose-69-bulles-de-nuit-29487\",\"sn\":\"\",\"idxP\":58},{\"mq\":\"Bulles de Nuit\",\"nm\":\"Vin mousseux 6,9%\",\"nme\":\"Sparkling wine 6.9%\",\"attr\":\"\",\"sku\":\"29486\",\"l2\":\"Vin et bi\u00E8re\",\"sl\":\"vin-mousseux-69-bulles-de-nuit-29486\",\"sn\":\"\",\"idxP\":70},{\"mq\":\"Bulles de Nuit\",\"nm\":\"Vin mousseux orangia mimosa 6,9%\",\"nme\":\"Sparkling wine orangia mimosa 6.9%\",\"attr\":\"\",\"sku\":\"29488\",\"l2\":\"Vin et bi\u00E8re\",\"sl\":\"vin-mousseux-orangia-mimosa-69-bulles-de-nuit-29488\",\"sn\":\"\",\"idxP\":57},{\"mq\":\"Nature's Best\",\"nm\":\"Sirop simple\",\"nme\":\"Simple Syrup\",\"attr\":\"\",\"sku\":\"29392\",\"l2\":\"Jus et boisson\",\"sl\":\"sirop-simple-natures-best-29392\",\"sn\":\"\",\"idxP\":67},{\"mq\":\"Mott's\",\"nm\":\"Cocktail clamato original\",\"nme\":\"Original Clamato Cocktail\",\"attr\":\"\",\"sku\":\"23918\",\"l2\":\"Jus et boisson\",\"sl\":\"cocktail-clamato-original-motts-23918\",\"sn\":\"\",\"idxP\":100},{\"mq\":\"Trombetta\",\"nm\":\"Capsules de caf\u00E9 espresso cremoso\",\"nme\":\"Cremoso Espresso Coffee Capsules\",\"attr\":\"\",\"sku\":\"29634\",\"l2\":\"Caf\u00E9, th\u00E9 et chocolat\",\"sl\":\"capsules-de-cafe-espresso-cremoso-trombetta-29634\",\"sn\":\"\",\"idxP\":100},{\"mq\":\"Del Monte\",\"nm\":\"Nectar p\u00EAche\",\"nme\":\"Peach nectar\",\"attr\":\"\",\"sku\":\"22536\",\"l2\":\"Jus et boisson\",\"sl\":\"nectar-peche-del-monte-22536\",\"sn\":\"\",\"idxP\":80},{\"mq\":\"Del Monte\",\"nm\":\"Nectar ananas\",\"nme\":\"Pineapple nectar\",\"attr\":\"\",\"sku\":\"22538\",\"l2\":\"Jus et boisson\",\"sl\":\"nectar-ananas-del-monte-22538\",\"sn\":\"apples, ananas\",\"idxP\":58},{\"mq\":\"Del Monte\",\"nm\":\"Nectar goyave\",\"nme\":\"Guava nectar\",\"attr\":\"\",\"sku\":\"22539\",\"l2\":\"Jus et boisson\",\"sl\":\"nectar-goyave-del-monte-22539\",\"sn\":\"\",\"idxP\":83},{\"mq\":\"Gavioli\",\"nm\":\"Jus de raisin rouge p\u00E9tillant\",\"nme\":\"Sparkling Red Grape Juice\",\"attr\":\"\",\"sku\":\"23580\",\"l2\":\"Jus et boisson\",\"sl\":\"jus-de-raisin-rouge-petillant-gavioli-23580\",\"sn\":\"gaz\u00E9ifi\u00E9, raisins\",\"idxP\":36},{\"mq\":\"Gavioli\",\"nm\":\"Jus de raisin blanc p\u00E9tillant\",\"nme\":\"Sparkling White Grape Juice\",\"attr\":\"\",\"sku\":\"23582\",\"l2\":\"Jus et boisson\",\"sl\":\"jus-de-raisin-blanc-petillant-gavioli-23582\",\"sn\":\"gaz\u00E9ifi\u00E9, raisins\",\"idxP\":31},{\"mq\":\"Gavioli\",\"nm\":\"Jus de fruit d'\u00E9t\u00E9 p\u00E9tillant\",\"nme\":\"Sparkling Summer Fruit Juice\",\"attr\":\"\",\"sku\":\"23583\",\"l2\":\"Jus et boisson\",\"sl\":\"jus-de-fruit-dete-petillant-gavioli-23583\",\"sn\":\"gaz\u00E9ifi\u00E9\",\"idxP\":37},{\"mq\":\"Belsoy\",\"nm\":\"Pr\u00E9paration cr\u00E9meuse soya biologique\",\"nme\":\"Organic creamy soy preparation\",\"attr\":\"Sans gluten, Biologique\",\"sku\":\"36753\",\"l2\":\"Lait et boisson v\u00E9g\u00E9tale\",\"sl\":\"preparation-cremeuse-soya-biologique-belsoy-36753\",\"sn\":\"\",\"idxP\":100},{\"mq\":\"Gavioli\",\"nm\":\"Jus d'orange sanguine p\u00E9tillant\",\"nme\":\"Sparkling Orange Blood Juice\",\"attr\":\"\",\"sku\":\"23579\",\"l2\":\"Jus et boisson\",\"sl\":\"jus-dorange-sanguine-petillant-gavioli-23579\",\"sn\":\"gaz\u00E9ifi\u00E9\",\"idxP\":37},{\"mq\":\"Gavioli\",\"nm\":\"Jus de p\u00EAche p\u00E9tillant\",\"nme\":\"Sparkling Peach Juice\",\"attr\":\"\",\"sku\":\"23581\",\"l2\":\"Jus et boisson\",\"sl\":\"jus-de-peche-petillant-gavioli-23581\",\"sn\":\"gaz\u00E9ifi\u00E9\",\"idxP\":38},{\"mq\":\"Bubly\",\"nm\":\"Eau p\u00E9tillante fraise\",\"nme\":\"Strawberry sparkling water\",\"attr\":\"\",\"sku\":\"29663\",\"l2\":\"Eau\",\"sl\":\"eau-petillante-fraise-bubly-29663\",\"sn\":\"fraises, gaz\u00E9ifi\u00E9\",\"idxP\":14},{\"mq\":\"Bubly\",\"nm\":\"Eau p\u00E9tillante orange\",\"nme\":\"Orange sparkling water\",\"attr\":\"\",\"sku\":\"29664\",\"l2\":\"Eau\",\"sl\":\"eau-petillante-orange-bubly-29664\",\"sn\":\"gaz\u00E9ifi\u00E9\",\"idxP\":19},{\"mq\":\"Bubly\",\"nm\":\"Eau p\u00E9tillante pamplemousse\",\"nme\":\"Grapefruit sparkling water\",\"attr\":\"\",\"sku\":\"29666\",\"l2\":\"Eau\",\"sl\":\"eau-petillante-pamplemousse-bubly-29666\",\"sn\":\"gaz\u00E9ifi\u00E9\",\"idxP\":20},{\"mq\":\"Bubly\",\"nm\":\"Eau p\u00E9tillante lime\",\"nme\":\"Lime sparkling water\",\"attr\":\"\",\"sku\":\"29665\",\"l2\":\"Eau\",\"sl\":\"eau-petillante-lime-bubly-29665\",\"sn\":\"gaz\u00E9ifi\u00E9\",\"idxP\":47},{\"mq\":\"Earth's own\",\"nm\":\"Boisson avoine originale\",\"nme\":\"Original oat beverage\",\"attr\":\"Sans lactose\",\"sku\":\"30392\",\"l2\":\"Lait et boisson v\u00E9g\u00E9tale\",\"sl\":\"boisson-avoine-originale-earths-own-30392\",\"sn\":\"\",\"idxP\":89},{\"mq\":\"Earth's own\",\"nm\":\"Boisson avoine vanille\",\"nme\":\"Oat vanilla beverage\",\"attr\":\"Sans lactose\",\"sku\":\"30393\",\"l2\":\"Lait et boisson v\u00E9g\u00E9tale\",\"sl\":\"boisson-avoine-vanille-earths-own-30393\",\"sn\":\"\",\"idxP\":62},{\"mq\":\"Coffee Mate\",\"nm\":\"Colorant \u00E0 caf\u00E9\",\"nme\":\"Coffee whitener\",\"attr\":\"\",\"sku\":\"09804\",\"l2\":\"Caf\u00E9, th\u00E9 et chocolat\",\"sl\":\"colorant-a-cafe-coffee-mate-09804\",\"sn\":\"\",\"idxP\":100},{\"mq\":\"Perrier\",\"nm\":\"Eau de source p\u00E9tillante\",\"nme\":\"Sparkling spring water\",\"attr\":\"\",\"sku\":\"11036\",\"l2\":\"Eau\",\"sl\":\"eau-de-source-petillante-perrier-11036\",\"sn\":\"\",\"idxP\":66},{\"mq\":\"Verona\",\"nm\":\"Nectar \u00E0 l'abricot\",\"nme\":\"Apricot Nectar\",\"attr\":\"\",\"sku\":\"13958\",\"l2\":\"Jus et boisson\",\"sl\":\"nectar-a-labricot-verona-13958\",\"sn\":\"\",\"idxP\":88},{\"mq\":\"Earth's own\",\"nm\":\"Boisson avoine m\u00E9lange barista\",\"nme\":\"Barista blend oat beverage\",\"attr\":\"Sans lactose\",\"sku\":\"30394\",\"l2\":\"Lait et boisson v\u00E9g\u00E9tale\",\"sl\":\"boisson-avoine-melange-barista-earths-own-30394\",\"sn\":\"\",\"idxP\":100},{\"mq\":\"Verona\",\"nm\":\"Nectar de p\u00EAche\",\"nme\":\"Peach Nectar\",\"attr\":\"\",\"sku\":\"21296\",\"l2\":\"Jus et boisson\",\"sl\":\"nectar-de-peche-verona-21296\",\"sn\":\"\",\"idxP\":87},{\"mq\":\"Natur-a\",\"nm\":\"Boisson amande non sucr\u00E9e biologique\",\"nme\":\"Organic Unsweetened Almond Beverage\",\"attr\":\"Sans gluten, Biologique, Sans lactose, Produit local\",\"sku\":\"31832\",\"l2\":\"Lait et boisson v\u00E9g\u00E9tale\",\"sl\":\"boisson-amande-non-sucree-biologique-natur-a-31832\",\"sn\":\"biologique, amandes, bio, organic, organique\",\"idxP\":92},{\"mq\":\"Natur-a\",\"nm\":\"Boisson amande biologique\",\"nme\":\"Original Almond Beverage\",\"attr\":\"Sans gluten, Biologique, Sans lactose, Produit local\",\"sku\":\"31833\",\"l2\":\"Lait et boisson v\u00E9g\u00E9tale\",\"sl\":\"boisson-amande-biologique-natur-a-31833\",\"sn\":\"biologique, amandes, bio, organic, organique\",\"idxP\":87},{\"mq\":\"Natur-a\",\"nm\":\"Boisson riz biologique\",\"nme\":\"Organic Rice Beverage\",\"attr\":\"Sans gluten, Biologique, Sans lactose, Produit local\",\"sku\":\"31834\",\"l2\":\"Lait et boisson v\u00E9g\u00E9tale\",\"sl\":\"boisson-riz-biologique-natur-a-31834\",\"sn\":\"biologique, bio, organic, organique\",\"idxP\":75},{\"mq\":\"King Island\",\"nm\":\"Eau de noix de coco 100% pure\",\"nme\":\"100% pure coconut water\",\"attr\":\"\",\"sku\":\"31835\",\"l2\":\"Lait et boisson v\u00E9g\u00E9tale\",\"sl\":\"eau-de-noix-de-coco-100-pure-king-island-31835\",\"sn\":\"\",\"idxP\":58},{\"mq\":\"1642\",\"nm\":\"Bi\u00E8re de gingembre\",\"nme\":\"Ginger beer\",\"attr\":\"Aliment du Qu\u00E9bec, Produit local\",\"sku\":\"32175\",\"l2\":\"Boisson gazeuse\",\"sl\":\"biere-de-gingembre-1642-32175\",\"sn\":\"\",\"idxP\":48},{\"mq\":\"1642\",\"nm\":\"Boisson yuzu\",\"nme\":\"Yuzu drink\",\"attr\":\"Aliment du Qu\u00E9bec, Produit local\",\"sku\":\"32176\",\"l2\":\"Boisson gazeuse\",\"sl\":\"boisson-yuzu-1642-32176\",\"sn\":\"\",\"idxP\":47},{\"mq\":\"1642\",\"nm\":\"Tonic\",\"nme\":\"Tonic drink\",\"attr\":\"Aliment du Qu\u00E9bec, Produit local\",\"sku\":\"32177\",\"l2\":\"Boisson gazeuse\",\"sl\":\"tonic-1642-32177\",\"sn\":\"\",\"idxP\":51},{\"mq\":\"Mathieu Teisseire\",\"nm\":\"Sirop aux concombres\",\"nme\":\"Cucumber syrup\",\"attr\":\"\",\"sku\":\"32892\",\"l2\":\"Cristal et sirop\",\"sl\":\"sirop-aux-concombres-mathieu-teisseire-32892\",\"sn\":\"concombres\",\"idxP\":18},{\"mq\":\"Mathieu Teisseire\",\"nm\":\"Sirop aux fruits de la passion\",\"nme\":\"Passion fruits syrup\",\"attr\":\"\",\"sku\":\"32895\",\"l2\":\"Cristal et sirop\",\"sl\":\"sirop-aux-fruits-de-la-passion-mathieu-teisseire-32895\",\"sn\":\"\",\"idxP\":22},{\"mq\":\"Mathieu Teisseire\",\"nm\":\"Sirop fleur de sureau\",\"nme\":\"elderflower syrup\",\"attr\":\"\",\"sku\":\"32893\",\"l2\":\"Cristal et sirop\",\"sl\":\"sirop-fleur-de-sureau-mathieu-teisseire-32893\",\"sn\":\"\",\"idxP\":27},{\"mq\":\"Mathieu Teisseire\",\"nm\":\"Sirop d'Orgeat\",\"nme\":\"Orgeat syrup\",\"attr\":\"\",\"sku\":\"32896\",\"l2\":\"Cristal et sirop\",\"sl\":\"sirop-dorgeat-mathieu-teisseire-32896\",\"sn\":\"\",\"idxP\":27},{\"mq\":\"Mathieu Teisseire\",\"nm\":\"Sirop \u00E0 la framboise\",\"nme\":\"Raspberry syrup\",\"attr\":\"\",\"sku\":\"32902\",\"l2\":\"Cristal et sirop\",\"sl\":\"sirop-a-la-framboise-mathieu-teisseire-32902\",\"sn\":\"framboises\",\"idxP\":23},{\"mq\":\"Mathieu Teisseire\",\"nm\":\"Sirop aux canneberges\",\"nme\":\"Cranberry syrup\",\"attr\":\"\",\"sku\":\"32894\",\"l2\":\"Cristal et sirop\",\"sl\":\"sirop-aux-canneberges-mathieu-teisseire-32894\",\"sn\":\"\",\"idxP\":12},{\"mq\":\"Mathieu Teisseire\",\"nm\":\"Sirop mojito\",\"nme\":\"Mojito syrup\",\"attr\":\"\",\"sku\":\"32904\",\"l2\":\"Cristal et sirop\",\"sl\":\"sirop-mojito-mathieu-teisseire-32904\",\"sn\":\"\",\"idxP\":29},{\"mq\":\"Mathieu Teisseire\",\"nm\":\"Sirop au gingembre\",\"nme\":\"Ginger syrup\",\"attr\":\"\",\"sku\":\"32903\",\"l2\":\"Cristal et sirop\",\"sl\":\"sirop-au-gingembre-mathieu-teisseire-32903\",\"sn\":\"\",\"idxP\":18},{\"mq\":\"Mathieu Teisseire\",\"nm\":\"Sirop aux fraises\",\"nme\":\"Strawberry syrup\",\"attr\":\"\",\"sku\":\"32897\",\"l2\":\"Cristal et sirop\",\"sl\":\"sirop-aux-fraises-mathieu-teisseire-32897\",\"sn\":\"fraises\",\"idxP\":29},{\"mq\":\"Mathieu Teisseire\",\"nm\":\"Sirop \u00E0 la vanille\",\"nme\":\"Vanilla syrup\",\"attr\":\"\",\"sku\":\"32901\",\"l2\":\"Cristal et sirop\",\"sl\":\"sirop-a-la-vanille-mathieu-teisseire-32901\",\"sn\":\"\",\"idxP\":36},{\"mq\":\"Caffitaly\",\"nm\":\"Capsules caf\u00E9 Deciso Nespresso\",\"nme\":\"Deciso nespresso coffee caps\",\"attr\":\"\",\"sku\":\"32617\",\"l2\":\"Caf\u00E9, th\u00E9 et chocolat\",\"sl\":\"capsules-cafe-deciso-nespresso-caffitaly-32617\",\"sn\":\"\",\"idxP\":88},{\"mq\":\"Caffitaly\",\"nm\":\"Capsules caf\u00E9 Soave Nespresso\",\"nme\":\"Soave nespresso coffee caps\",\"attr\":\"\",\"sku\":\"32622\",\"l2\":\"Caf\u00E9, th\u00E9 et chocolat\",\"sl\":\"capsules-cafe-soave-nespresso-caffitaly-32622\",\"sn\":\"\",\"idxP\":82},{\"mq\":\"Mathieu Teisseire\",\"nm\":\"Sirop aux p\u00EAches\",\"nme\":\"Peach syrup\",\"attr\":\"\",\"sku\":\"32898\",\"l2\":\"Cristal et sirop\",\"sl\":\"sirop-aux-peches-mathieu-teisseire-32898\",\"sn\":\"\",\"idxP\":36},{\"mq\":\"Mathieu Teisseire\",\"nm\":\"Sirop au caramel\",\"nme\":\"Caramel syrup\",\"attr\":\"\",\"sku\":\"32900\",\"l2\":\"Cristal et sirop\",\"sl\":\"sirop-au-caramel-mathieu-teisseire-32900\",\"sn\":\"\",\"idxP\":22},{\"mq\":\"Bubly\",\"nm\":\"Eau p\u00E9tillante m\u00FBre\",\"nme\":\"Blackberry sparkling water\",\"attr\":\"\",\"sku\":\"31994\",\"l2\":\"Eau\",\"sl\":\"eau-petillante-mure-bubly-31994\",\"sn\":\"gaz\u00E9ifi\u00E9\",\"idxP\":21},{\"mq\":\"Bubly\",\"nm\":\"Eau p\u00E9tillante cerise\",\"nme\":\"Cherry sparkling water\",\"attr\":\"\",\"sku\":\"31998\",\"l2\":\"Eau\",\"sl\":\"eau-petillante-cerise-bubly-31998\",\"sn\":\"gaz\u00E9ifi\u00E9\",\"idxP\":17},{\"mq\":\"Montellier\",\"nm\":\"Eau min\u00E9rale gaz\u00E9ifi\u00E9e \u00E0 la lime\",\"nme\":\"Carbonated mineral lime water\",\"attr\":\"Produit local\",\"sku\":\"33677\",\"l2\":\"Eau\",\"sl\":\"eau-minerale-gazeifiee-a-la-lime-montellier-33677\",\"sn\":\"\",\"idxP\":66},{\"mq\":\"Montellier\",\"nm\":\"Eau min\u00E9rale gaz\u00E9ifi\u00E9e\",\"nme\":\"Carbonated mineral water\",\"attr\":\"Produit local\",\"sku\":\"33684\",\"l2\":\"Eau\",\"sl\":\"eau-minerale-gazeifiee-montellier-33684\",\"sn\":\"\",\"idxP\":100},{\"mq\":\"Oat-Ly\",\"nm\":\"Boisson avoine barista\",\"nme\":\"Barista Oat Beverage\",\"attr\":\"Sans lactose\",\"sku\":\"33818\",\"l2\":\"Lait et boisson v\u00E9g\u00E9tale\",\"sl\":\"boisson-avoine-barista-oat-ly-33818\",\"sn\":\"\",\"idxP\":100},{\"mq\":\"Montellier\",\"nm\":\"Eau min\u00E9rale gaz\u00E9ifi\u00E9e au citron\",\"nme\":\"Carbonated mineral lemon water\",\"attr\":\"Produit local\",\"sku\":\"33678\",\"l2\":\"Eau\",\"sl\":\"eau-minerale-gazeifiee-au-citron-montellier-33678\",\"sn\":\"citrons\",\"idxP\":77},{\"mq\":\"Spalanzani\",\"nm\":\"Caf\u00E9 grain moyen espresso gran crema\",\"nme\":\"Gran crema medium espresso coffee bean\",\"attr\":\"\",\"sku\":\"34217\",\"l2\":\"Caf\u00E9, th\u00E9 et chocolat\",\"sl\":\"cafe-grain-moyen-espresso-gran-crema-spalanzani-34217\",\"sn\":\"\",\"idxP\":75},{\"mq\":\"Lavazza\",\"nm\":\"Caf\u00E9 grain espresso qualit\u00E9 or\",\"nme\":\"Gold quality espresso coffee beans\",\"attr\":\"\",\"sku\":\"28234\",\"l2\":\"Caf\u00E9, th\u00E9 et chocolat\",\"sl\":\"cafe-grain-espresso-qualite-or-lavazza-28234\",\"sn\":\"\",\"idxP\":56},{\"mq\":\"Bubly\",\"nm\":\"Eau p\u00E9tillante ananas\",\"nme\":\"Pineapple sparkling water\",\"attr\":\"\",\"sku\":\"35238\",\"l2\":\"Eau\",\"sl\":\"eau-petillante-ananas-bubly-35238\",\"sn\":\"apples, ananas, gaz\u00E9ifi\u00E9\",\"idxP\":21},{\"mq\":\"Bubly\",\"nm\":\"Eau p\u00E9tillante p\u00EAche\",\"nme\":\"Peach sparkling water\",\"attr\":\"\",\"sku\":\"35237\",\"l2\":\"Eau\",\"sl\":\"eau-petillante-peche-bubly-35237\",\"sn\":\"gaz\u00E9ifi\u00E9\",\"idxP\":21},{\"mq\":\"1642\",\"nm\":\"Tonic l\u00E9ger\",\"nme\":\"Light tonic water\",\"attr\":\"Aliment du Qu\u00E9bec, Produit local\",\"sku\":\"35247\",\"l2\":\"Boisson gazeuse\",\"sl\":\"tonic-leger-1642-35247\",\"sn\":\"\",\"idxP\":38},{\"mq\":\"Mott's\",\"nm\":\"Cocktail l\u00E9gumes\",\"nme\":\"Vegetable juice\",\"attr\":\"Sans gluten\",\"sku\":\"29865\",\"l2\":\"Jus et boisson\",\"sl\":\"cocktail-legumes-motts-29865\",\"sn\":\"\",\"idxP\":64},{\"mq\":\"Brisk\",\"nm\":\"Th\u00E9 glac\u00E9 citron\",\"nme\":\"Lemon iced tea\",\"attr\":\"\",\"sku\":\"35014\",\"l2\":\"Jus et boisson\",\"sl\":\"the-glace-citron-brisk-35014\",\"sn\":\"citrons\",\"idxP\":20},{\"mq\":\"La Courtisane\",\"nm\":\"Tisane citron\",\"nme\":\"Lemon herbal tea\",\"attr\":\"Sans gluten, Produit local\",\"sku\":\"13155\",\"l2\":\"Caf\u00E9, th\u00E9 et chocolat\",\"sl\":\"tisane-citron-la-courtisane-13155\",\"sn\":\"citrons\",\"idxP\":26},{\"mq\":\"Four O'Clock\",\"nm\":\"Th\u00E9 d\u00E9jeuner anglais\",\"nme\":\"English breakfast tea\",\"attr\":\"Sans gluten, Biologique, Produit local\",\"sku\":\"25042\",\"l2\":\"Caf\u00E9, th\u00E9 et chocolat\",\"sl\":\"the-dejeuner-anglais-four-oclock-25042\",\"sn\":\"biologique, bio, organic, organique\",\"idxP\":15},{\"mq\":\"Four O'Clock\",\"nm\":\"Th\u00E9 noir earl grey\",\"nme\":\"Earl grey black tea\",\"attr\":\"Sans gluten, Biologique\",\"sku\":\"25041\",\"l2\":\"Caf\u00E9, th\u00E9 et chocolat\",\"sl\":\"the-noir-earl-grey-four-oclock-25041\",\"sn\":\"biologique, bio, organic, organique\",\"idxP\":24},{\"mq\":\"Four O'Clock\",\"nm\":\"Th\u00E9 vert classique biologique \u00E9quitable\",\"nme\":\"Organic fairtrade classic green tea\",\"attr\":\"Sans gluten, Biologique\",\"sku\":\"45255\",\"l2\":\"Caf\u00E9, th\u00E9 et chocolat\",\"sl\":\"the-vert-classique-biologique-equitable-four-oclock-45255\",\"sn\":\"biologique, bio, organic, organique\",\"idxP\":27},{\"mq\":\"Fever Tree\",\"nm\":\"Eau tonique concombre\",\"nme\":\"Cucumber tonic water\",\"attr\":\"\",\"sku\":\"35042\",\"l2\":\"Boisson gazeuse\",\"sl\":\"eau-tonique-concombre-fever-tree-35042\",\"sn\":\"concombres\",\"idxP\":65},{\"mq\":\"La Courtisane\",\"nm\":\"Tisane menthe givr\u00E9e\",\"nme\":\"Refreshing mint herbal tea\",\"attr\":\"Produit local\",\"sku\":\"24213\",\"l2\":\"Caf\u00E9, th\u00E9 et chocolat\",\"sl\":\"tisane-menthe-givree-la-courtisane-24213\",\"sn\":\"\",\"idxP\":31},{\"mq\":\"Fever Tree\",\"nm\":\"Bi\u00E8re de gingembre\",\"nme\":\"Ginger beer\",\"attr\":\"\",\"sku\":\"35097\",\"l2\":\"Boisson gazeuse\",\"sl\":\"biere-de-gingembre-fever-tree-35097\",\"sn\":\"\",\"idxP\":89},{\"mq\":\"Fever Tree\",\"nm\":\"Eau tonique indienne\",\"nme\":\"Indian tonic water\",\"attr\":\"\",\"sku\":\"35040\",\"l2\":\"Boisson gazeuse\",\"sl\":\"eau-tonique-indienne-fever-tree-35040\",\"sn\":\"\",\"idxP\":74},{\"mq\":\"Fever Tree\",\"nm\":\"Eau tonique l\u00E9g\u00E8re\",\"nme\":\"Light tonic water\",\"attr\":\"\",\"sku\":\"35051\",\"l2\":\"Boisson gazeuse\",\"sl\":\"eau-tonique-legere-fever-tree-35051\",\"sn\":\"\",\"idxP\":91},{\"mq\":\"Mathieu Teisseire\",\"nm\":\"Teisseire sirop citron\",\"nme\":\"Lemon syrup Teisseire\",\"attr\":\"\",\"sku\":\"35443\",\"l2\":\"Cristal et sirop\",\"sl\":\"teisseire-sirop-citron-mathieu-teisseire-35443\",\"sn\":\"transparent, citrons\",\"idxP\":17},{\"mq\":\"Marie Brizard\",\"nm\":\"Sirop de sucre de canne blanc\",\"nme\":\"White cane sugar syrup\",\"attr\":\"\",\"sku\":\"35570\",\"l2\":\"Cristal et sirop\",\"sl\":\"sirop-de-sucre-de-canne-blanc-marie-brizard-35570\",\"sn\":\"\",\"idxP\":41},{\"mq\":\"Marie Brizard\",\"nm\":\"Sirop de past\u00E8que\",\"nme\":\"Watermelon syrup\",\"attr\":\"\",\"sku\":\"35571\",\"l2\":\"Cristal et sirop\",\"sl\":\"sirop-de-pasteque-marie-brizard-35571\",\"sn\":\"\",\"idxP\":18},{\"mq\":\"Fever Tree\",\"nm\":\"Eau tonique m\u00E9diterran\u00E9enne\",\"nme\":\"Mediterranean tonic water\",\"attr\":\"\",\"sku\":\"35111\",\"l2\":\"Boisson gazeuse\",\"sl\":\"eau-tonique-mediterraneenne-fever-tree-35111\",\"sn\":\"\",\"idxP\":86},{\"mq\":\"Fever Tree\",\"nm\":\"Eau tonique fleur de sureau\",\"nme\":\"Elderflower tonic water\",\"attr\":\"\",\"sku\":\"35105\",\"l2\":\"Boisson gazeuse\",\"sl\":\"eau-tonique-fleur-de-sureau-fever-tree-35105\",\"sn\":\"\",\"idxP\":74},{\"mq\":\"Marie Brizard\",\"nm\":\"Sirop de citron\",\"nme\":\"Lemon Syrup\",\"attr\":\"\",\"sku\":\"35568\",\"l2\":\"Cristal et sirop\",\"sl\":\"sirop-de-citron-marie-brizard-35568\",\"sn\":\"citrons\",\"idxP\":18},{\"mq\":\"Marie Brizard\",\"nm\":\"Sirop de passion\",\"nme\":\"Passion syrup\",\"attr\":\"\",\"sku\":\"35572\",\"l2\":\"Cristal et sirop\",\"sl\":\"sirop-de-passion-marie-brizard-35572\",\"sn\":\"\",\"idxP\":36},{\"mq\":\"La Courtisane\",\"nm\":\"Tisane camomille\",\"nme\":\"Chamomille herbal tea\",\"attr\":\"Produit local\",\"sku\":\"24215\",\"l2\":\"Caf\u00E9, th\u00E9 et chocolat\",\"sl\":\"tisane-camomille-la-courtisane-24215\",\"sn\":\"\",\"idxP\":30},{\"mq\":\"Marie Brizard\",\"nm\":\"Sirop de caramel\",\"nme\":\"Caramel syrup\",\"attr\":\"\",\"sku\":\"35598\",\"l2\":\"Cristal et sirop\",\"sl\":\"sirop-de-caramel-marie-brizard-35598\",\"sn\":\"\",\"idxP\":20},{\"mq\":\"Marie Brizard\",\"nm\":\"Sirop de curacao bleu\",\"nme\":\"Blue curacao syrup\",\"attr\":\"\",\"sku\":\"35592\",\"l2\":\"Cristal et sirop\",\"sl\":\"sirop-de-curacao-bleu-marie-brizard-35592\",\"sn\":\"\",\"idxP\":28},{\"mq\":\"Marie Brizard\",\"nm\":\"Sirop de pamplousse rose\",\"nme\":\"Pink grapefruit syrup\",\"attr\":\"\",\"sku\":\"35587\",\"l2\":\"Cristal et sirop\",\"sl\":\"sirop-de-pamplousse-rose-marie-brizard-35587\",\"sn\":\"\",\"idxP\":16},{\"mq\":\"Marie Brizard\",\"nm\":\"Sirop de noix de coco\",\"nme\":\"Coconut syrup\",\"attr\":\"\",\"sku\":\"35590\",\"l2\":\"Cristal et sirop\",\"sl\":\"sirop-de-noix-de-coco-marie-brizard-35590\",\"sn\":\"\",\"idxP\":28},{\"mq\":\"La Courtisane\",\"nm\":\"Tisane poire gingembre\",\"nme\":\"Herbal tea ginger pear\",\"attr\":\"Produit local\",\"sku\":\"45254\",\"l2\":\"Caf\u00E9, th\u00E9 et chocolat\",\"sl\":\"tisane-poire-gingembre-la-courtisane-45254\",\"sn\":\"poires\",\"idxP\":26},{\"mq\":\"Marie Brizard\",\"nm\":\"Sirop d'orgeat\",\"nme\":\"Orgeat syrup\",\"attr\":\"\",\"sku\":\"35597\",\"l2\":\"Cristal et sirop\",\"sl\":\"sirop-dorgeat-marie-brizard-35597\",\"sn\":\"\",\"idxP\":38},{\"mq\":\"Oasis\",\"nm\":\"Jus orange pur d\u00E9jeuner\",\"nme\":\"Pure Breakfast Orange Juice\",\"attr\":\"\",\"sku\":\"12813\",\"l2\":\"Jus et boisson\",\"sl\":\"jus-orange-pur-dejeuner-oasis-12813\",\"sn\":\"\",\"idxP\":100},{\"mq\":\"Pepito\",\"nm\":\"Sangria original\",\"nme\":\"Original Sangria\",\"attr\":\"\",\"sku\":\"36608\",\"l2\":\"Vin et bi\u00E8re\",\"sl\":\"sangria-original-pepito-36608\",\"sn\":\"\",\"idxP\":56},{\"mq\":\"Pepito\",\"nm\":\"Sangria rosada\",\"nme\":\"Rosada Sangria\",\"attr\":\"\",\"sku\":\"36609\",\"l2\":\"Vin et bi\u00E8re\",\"sl\":\"sangria-rosada-pepito-36609\",\"sn\":\"\",\"idxP\":52},{\"mq\":\"Crush\",\"nm\":\"Soda saveurs assorties\",\"nme\":\"Soft drink assorted flavours\",\"attr\":\"\",\"sku\":\"36349\",\"l2\":\"Boisson gazeuse\",\"sl\":\"soda-saveurs-assorties-crush-36349\",\"sn\":\"liqueur, breuvage, softdrink, soft drink\",\"idxP\":69},{\"mq\":\"Agga\",\"nm\":\"Caf\u00E9 espresso en grain Tesoro-di-crema\",\"nme\":\"Coffee bean blend Tesoro-di-crema\",\"attr\":\"Produit local\",\"sku\":\"30489\",\"l2\":\"Caf\u00E9, th\u00E9 et chocolat\",\"sl\":\"cafe-espresso-en-grain-tesoro-di-crema-agga-30489\",\"sn\":\"\",\"idxP\":53},{\"mq\":\"Bitburger\",\"nm\":\"Bi\u00E8re Bitburger 0% sans alcool\",\"nme\":\"No alcohol Bitburger Beer 0%\",\"attr\":\"\",\"sku\":\"30955\",\"l2\":\"Vin et bi\u00E8re\",\"sl\":\"biere-bitburger-0-sans-alcool-bitburger-30955\",\"sn\":\"\",\"idxP\":32},{\"mq\":\"Birra Fanelli\",\"nm\":\"Bi\u00E8re blonde 4,9%\",\"nme\":\"Blonde beer 4.9%\",\"attr\":\"Produit local\",\"sku\":\"34418\",\"l2\":\"Vin et bi\u00E8re\",\"sl\":\"biere-blonde-49-birra-fanelli-34418\",\"sn\":\"\",\"idxP\":5},{\"mq\":\"Tremblay\",\"nm\":\"Bi\u00E8re Tremblay 4.9%\",\"nme\":\"Tremblay beer 4.9%\",\"attr\":\"\",\"sku\":\"30926\",\"l2\":\"Vin et bi\u00E8re\",\"sl\":\"biere-tremblay-4.9-tremblay-30926\",\"sn\":\"\",\"idxP\":12},{\"mq\":\"Belle Gueule\",\"nm\":\"Coffret bi\u00E8res quatuor\",\"nme\":\"Quator beer box\",\"attr\":\"Produit local\",\"sku\":\"30942\",\"l2\":\"Vin et bi\u00E8re\",\"sl\":\"coffret-bieres-quatuor-belle-gueule-30942\",\"sn\":\"\",\"idxP\":14},{\"mq\":\"Birra Fanelli\",\"nm\":\"Bi\u00E8re style italienne pale ale IPA 4,5%\",\"nme\":\"IPA italian style pale ale beer 4.5%\",\"attr\":\"Produit local\",\"sku\":\"34419\",\"l2\":\"Vin et bi\u00E8re\",\"sl\":\"biere-style-italienne-pale-ale-ipa-45-birra-fanelli-34419\",\"sn\":\"\",\"idxP\":10},{\"mq\":\"Birra Fanelli\",\"nm\":\"Bi\u00E8re blanche citron 4,5%\",\"nme\":\"Lemon white beer 4.5%\",\"attr\":\"Produit local\",\"sku\":\"34430\",\"l2\":\"Vin et bi\u00E8re\",\"sl\":\"biere-blanche-citron-45-birra-fanelli-34430\",\"sn\":\"citrons\",\"idxP\":10},{\"mq\":\"Natur-a\",\"nm\":\"Boisson soya chocolat biologique\",\"nme\":\"Organic Chocolate Soy Beverage\",\"attr\":\"Sans gluten, Biologique, Sans lactose, Produit local\",\"sku\":\"38467\",\"l2\":\"Lait et boisson v\u00E9g\u00E9tale\",\"sl\":\"boisson-soya-chocolat-biologique-natur-a-38467\",\"sn\":\"biologique, bio, organic, organique\",\"idxP\":84},{\"mq\":\"K\u00F6nig\",\"nm\":\"Bi\u00E8re pilsner 4,9%\",\"nme\":\"Pilsner beer 4.9%\",\"attr\":\"\",\"sku\":\"30957\",\"l2\":\"Vin et bi\u00E8re\",\"sl\":\"biere-pilsner-49-konig-30957\",\"sn\":\"\",\"idxP\":29},{\"mq\":\"Shawbridge\",\"nm\":\"Bi\u00E8re Saint-Sau\",\"nme\":\"Saint-Sau Beer\",\"attr\":\"Produit local\",\"sku\":\"36316\",\"l2\":\"Vin et bi\u00E8re\",\"sl\":\"biere-saint-sau-shawbridge-36316\",\"sn\":\"\",\"idxP\":18},{\"mq\":\"Birra Fanelli\",\"nm\":\"Bi\u00E8re am\u00E8re 4,8%\",\"nme\":\"Bitter beer 4.8%\",\"attr\":\"Produit local\",\"sku\":\"34432\",\"l2\":\"Vin et bi\u00E8re\",\"sl\":\"biere-amere-48-birra-fanelli-34432\",\"sn\":\"\",\"idxP\":7},{\"mq\":\"Shawbridge\",\"nm\":\"Bi\u00E8re IPA 117\",\"nme\":\"IPA 117 Beer\",\"attr\":\"Produit local\",\"sku\":\"36311\",\"l2\":\"Vin et bi\u00E8re\",\"sl\":\"biere-ipa-117-shawbridge-36311\",\"sn\":\"\",\"idxP\":29},{\"mq\":\"Natur-a\",\"nm\":\"Boisson soya vanille biologique\",\"nme\":\"Organic Vanilla Soy Beverage\",\"attr\":\"Sans gluten, Biologique, Sans lactose, Produit local\",\"sku\":\"38590\",\"l2\":\"Lait et boisson v\u00E9g\u00E9tale\",\"sl\":\"boisson-soya-vanille-biologique-natur-a-38590\",\"sn\":\"biologique, bio, organic, organique\",\"idxP\":85},{\"mq\":\"Bitburger\",\"nm\":\"Bi\u00E8re Bitburger 4.8%\",\"nme\":\"Bitburger beer 4.8%\",\"attr\":\"\",\"sku\":\"30954\",\"l2\":\"Vin et bi\u00E8re\",\"sl\":\"biere-bitburger-4.8-bitburger-30954\",\"sn\":\"\",\"idxP\":54},{\"mq\":\"Birra Fanelli\",\"nm\":\"Bi\u00E8re rousse ale 4,9%\",\"nme\":\"Red ale beer 4.9%\",\"attr\":\"Produit local\",\"sku\":\"34434\",\"l2\":\"Vin et bi\u00E8re\",\"sl\":\"biere-rousse-ale-49-birra-fanelli-34434\",\"sn\":\"\",\"idxP\":13},{\"mq\":\"St-Ambroise\",\"nm\":\"Bi\u00E8re St-Ambroise caisse mixte\",\"nme\":\"Mix case of St-Ambroise beer\",\"attr\":\"\",\"sku\":\"30943\",\"l2\":\"Vin et bi\u00E8re\",\"sl\":\"biere-st-ambroise-caisse-mixte-st-ambroise-30943\",\"sn\":\"\",\"idxP\":11},{\"mq\":\"Shawbridge\",\"nm\":\"Bi\u00E8re rivi\u00E8re du nord\",\"nme\":\"North River Beer\",\"attr\":\"Produit local\",\"sku\":\"36313\",\"l2\":\"Vin et bi\u00E8re\",\"sl\":\"biere-riviere-du-nord-shawbridge-36313\",\"sn\":\"\",\"idxP\":19},{\"mq\":\"Moosehead\",\"nm\":\"Bi\u00E8re Moosehead lager 5% en canette\",\"nme\":\"Moosehead lager beer 5% can\",\"attr\":\"\",\"sku\":\"31034\",\"l2\":\"Vin et bi\u00E8re\",\"sl\":\"biere-moosehead-lager-5-en-canette-moosehead-31034\",\"sn\":\"\",\"idxP\":18},{\"mq\":\"Br\u00FBleries Faro\",\"nm\":\"Caf\u00E9 grain espresso italien \u00E9quilibr\u00E9\",\"nme\":\"Espresso italian medium coffee beans\",\"attr\":\"Produit local\",\"sku\":\"40237\",\"l2\":\"Caf\u00E9, th\u00E9 et chocolat\",\"sl\":\"cafe-grain-espresso-italien-equilibre-bruleries-faro-40237\",\"sn\":\"\",\"idxP\":44},{\"mq\":\"Angostura\",\"nm\":\"Amers cacao\",\"nme\":\"Cocoa bitters\",\"attr\":\"\",\"sku\":\"40249\",\"l2\":\"Cristal et sirop\",\"sl\":\"amers-cacao-angostura-40249\",\"sn\":\"\",\"idxP\":24},{\"mq\":\"Br\u00FBleries Faro\",\"nm\":\"Caf\u00E9 filtre m\u00E9lange maison \u00E9quilibr\u00E9\",\"nme\":\"House blend medium filter coffee\",\"attr\":\"Produit local\",\"sku\":\"40243\",\"l2\":\"Caf\u00E9, th\u00E9 et chocolat\",\"sl\":\"cafe-filtre-melange-maison-equilibre-bruleries-faro-40243\",\"sn\":\"\",\"idxP\":18},{\"mq\":\"Gatorade\",\"nm\":\"Boisson sportive fruits sauvages z\u00E9ro calorie\",\"nme\":\"Zero calorie wiild fruits sport drink\",\"attr\":\"\",\"sku\":\"40277\",\"l2\":\"Boisson \u00E9nergisante\",\"sl\":\"boisson-sportive-fruits-sauvages-zero-calorie-gatorade-40277\",\"sn\":\"\",\"idxP\":36},{\"mq\":\"Shawbridge\",\"nm\":\"Bi\u00E8re blanche au jasmin\",\"nme\":\"White Jasmine Beer\",\"attr\":\"Produit local\",\"sku\":\"36312\",\"l2\":\"Vin et bi\u00E8re\",\"sl\":\"biere-blanche-au-jasmin-shawbridge-36312\",\"sn\":\"\",\"idxP\":19},{\"mq\":\"Br\u00FBleries Faro\",\"nm\":\"Caf\u00E9 grain m\u00E9lange du matin doux\",\"nme\":\"Morning blend mellow coffee beans\",\"attr\":\"Produit local\",\"sku\":\"40240\",\"l2\":\"Caf\u00E9, th\u00E9 et chocolat\",\"sl\":\"cafe-grain-melange-du-matin-doux-bruleries-faro-40240\",\"sn\":\"\",\"idxP\":29},{\"mq\":\"Br\u00FBleries Faro\",\"nm\":\"Caf\u00E9 grain espresso fort\",\"nme\":\"Strong espresso coffee beans\",\"attr\":\"Produit local\",\"sku\":\"40245\",\"l2\":\"Caf\u00E9, th\u00E9 et chocolat\",\"sl\":\"cafe-grain-espresso-fort-bruleries-faro-40245\",\"sn\":\"\",\"idxP\":24},{\"mq\":\"Gatorade\",\"nm\":\"Boisson sportive orange z\u00E9ro calorie\",\"nme\":\"Zero calorie orange energy drink\",\"attr\":\"\",\"sku\":\"40273\",\"l2\":\"Boisson \u00E9nergisante\",\"sl\":\"boisson-sportive-orange-zero-calorie-gatorade-40273\",\"sn\":\"\",\"idxP\":41},{\"mq\":\"Br\u00FBleries Faro\",\"nm\":\"Caf\u00E9 grain sumatra mandheling cors\u00E9\",\"nme\":\"Sumatra mandheling dark coffee beans\",\"attr\":\"Produit local\",\"sku\":\"40236\",\"l2\":\"Caf\u00E9, th\u00E9 et chocolat\",\"sl\":\"cafe-grain-sumatra-mandheling-corse-bruleries-faro-40236\",\"sn\":\"\",\"idxP\":29},{\"mq\":\"Shawbridge\",\"nm\":\"Bi\u00E8re quatuor bon vivant\",\"nme\":\"Quatuor Bon Vivant Beer\",\"attr\":\"Produit local\",\"sku\":\"36314\",\"l2\":\"Vin et bi\u00E8re\",\"sl\":\"biere-quatuor-bon-vivant-shawbridge-36314\",\"sn\":\"\",\"idxP\":18},{\"mq\":\"Moosehead\",\"nm\":\"Bi\u00E8re Moosehead cracked canoe 3.5% en canette\",\"nme\":\"Moosehead 3.5% Cracked Canoe Beer Can\",\"attr\":\"\",\"sku\":\"40281\",\"l2\":\"Vin et bi\u00E8re\",\"sl\":\"biere-moosehead-cracked-canoe-3.5-en-canette-moosehead-40281\",\"sn\":\"\",\"idxP\":20},{\"mq\":\"Br\u00FBleries Faro\",\"nm\":\"Caf\u00E9 filtre colombien supremo cors\u00E9\",\"nme\":\"Colombian supremo dark filter coffee\",\"attr\":\"Produit local\",\"sku\":\"40244\",\"l2\":\"Caf\u00E9, th\u00E9 et chocolat\",\"sl\":\"cafe-filtre-colombien-supremo-corse-bruleries-faro-40244\",\"sn\":\"\",\"idxP\":22},{\"mq\":\"Gatorade\",\"nm\":\"Boisson sportive fraicheur glacier z\u00E9ro calorie\",\"nme\":\"Zero calorie iceberg freeze energy drink\",\"attr\":\"\",\"sku\":\"40274\",\"l2\":\"Boisson \u00E9nergisante\",\"sl\":\"boisson-sportive-fraicheur-glacier-zero-calorie-gatorade-40274\",\"sn\":\"\",\"idxP\":36},{\"mq\":\"Moosehead\",\"nm\":\"Bi\u00E8re Moosehead lager 5% en canette\",\"nme\":\"Moosehead 5% Lager Beer Can\",\"attr\":\"\",\"sku\":\"40280\",\"l2\":\"Vin et bi\u00E8re\",\"sl\":\"biere-moosehead-lager-5-en-canette-moosehead-40280\",\"sn\":\"\",\"idxP\":47},{\"mq\":\"Shape\",\"nm\":\"Eau p\u00E9tillante alcoolis\u00E9e assorties\",\"nme\":\"Hard seltzer mix\",\"attr\":\"\",\"sku\":\"40346\",\"l2\":\"Vin et bi\u00E8re\",\"sl\":\"eau-petillante-alcoolisee-assorties-shape-40346\",\"sn\":\"gaz\u00E9ifi\u00E9\",\"idxP\":7},{\"mq\":\"Fever Tree\",\"nm\":\"Eau tonique pamplemousse rose p\u00E9tillante\",\"nme\":\"Pink grapefruit sparkling tonic water\",\"attr\":\"\",\"sku\":\"40410\",\"l2\":\"Boisson gazeuse\",\"sl\":\"eau-tonique-pamplemousse-rose-petillante-fever-tree-40410\",\"sn\":\"\",\"idxP\":28},{\"mq\":\"White Claw\",\"nm\":\"Boisson de malt alcoolis\u00E9e p\u00E9tillante assorties\",\"nme\":\"Sparkling hard seltzer mix\",\"attr\":\"\",\"sku\":\"36319\",\"l2\":\"Vin et bi\u00E8re\",\"sl\":\"boisson-de-malt-alcoolisee-petillante-assorties-white-claw-36319\",\"sn\":\"gaz\u00E9ifi\u00E9\",\"idxP\":37},{\"mq\":\"Caf\u00E9 William\",\"nm\":\"Caf\u00E9 en grain Corposo bio\",\"nme\":\"Corposo fto coffee beans\",\"attr\":\"Biologique\",\"sku\":\"40554\",\"l2\":\"Caf\u00E9, th\u00E9 et chocolat\",\"sl\":\"cafe-en-grain-corposo-bio-william-spartivento-40554\",\"sn\":\"biologique, bio, organic, organique\",\"idxP\":22},{\"mq\":\"Caf\u00E9 William\",\"nm\":\"Caf\u00E9 en grain d\u00E9caf\u00E9in\u00E9 bio\",\"nme\":\"Decaf fto coffee beans\",\"attr\":\"Biologique, Produit local\",\"sku\":\"40553\",\"l2\":\"Caf\u00E9, th\u00E9 et chocolat\",\"sl\":\"cafe-en-grain-decafeine-bio-william-spartivento-40553\",\"sn\":\"biologique, bio, organic, organique\",\"idxP\":47},{\"mq\":\"Caf\u00E9 William\",\"nm\":\"Caf\u00E9 moulu Italiano bio\",\"nme\":\"Italiano fto ground coffee\",\"attr\":\"Biologique, Produit local\",\"sku\":\"40560\",\"l2\":\"Caf\u00E9, th\u00E9 et chocolat\",\"sl\":\"cafe-moulu-italiano-bio-william-spartivento-40560\",\"sn\":\"biologique, bio, organic, organique\",\"idxP\":19},{\"mq\":\"Caf\u00E9 William\",\"nm\":\"Caf\u00E9 moulu D\u00E9caf\u00E9in\u00E9 bio\",\"nme\":\"Decaf fto ground coffee\",\"attr\":\"Biologique, Produit local\",\"sku\":\"40571\",\"l2\":\"Caf\u00E9, th\u00E9 et chocolat\",\"sl\":\"cafe-moulu-decafeine-bio-william-spartivento-40571\",\"sn\":\"biologique, bio, organic, organique\",\"idxP\":20},{\"mq\":\"Caf\u00E9 William\",\"nm\":\"Caf\u00E9 moulu Corposo bio\",\"nme\":\"Corposo fto ground coffee\",\"attr\":\"Biologique, Produit local\",\"sku\":\"40569\",\"l2\":\"Caf\u00E9, th\u00E9 et chocolat\",\"sl\":\"cafe-moulu-corposo-bio-william-spartivento-40569\",\"sn\":\"biologique, bio, organic, organique\",\"idxP\":19},{\"mq\":\"Caf\u00E9 William\",\"nm\":\"Caf\u00E9 en grain La Crema bio\",\"nme\":\"La Crema fto coffee beans\",\"attr\":\"Biologique, Produit local\",\"sku\":\"40555\",\"l2\":\"Caf\u00E9, th\u00E9 et chocolat\",\"sl\":\"cafe-en-grain-la-crema-bio-william-spartivento-40555\",\"sn\":\"biologique, bio, organic, organique\",\"idxP\":30},{\"mq\":\"Trombetta\",\"nm\":\"Capsules de caf\u00E9 d\u00E9caf\u00E9in\u00E9\",\"nme\":\"Decaffenated Coffee Caps\",\"attr\":\"\",\"sku\":\"40573\",\"l2\":\"Caf\u00E9, th\u00E9 et chocolat\",\"sl\":\"capsules-de-cafe-decafeine-trombetta-40573\",\"sn\":\"\",\"idxP\":45},{\"mq\":\"Krombacher\",\"nm\":\"Bi\u00E8re pilsner 4,8%\",\"nme\":\"Pilsner beer 4.8%\",\"attr\":\"\",\"sku\":\"32652\",\"l2\":\"Vin et bi\u00E8re\",\"sl\":\"biere-pilsner-48-krombacher-32652\",\"sn\":\"\",\"idxP\":35},{\"mq\":\"Caf\u00E9 William\",\"nm\":\"Caf\u00E9 en grain Italiano bio\",\"nme\":\"Italiano fto coffee beans\",\"attr\":\"Biologique, Produit local\",\"sku\":\"40551\",\"l2\":\"Caf\u00E9, th\u00E9 et chocolat\",\"sl\":\"cafe-en-grain-italiano-bio-william-spartivento-40551\",\"sn\":\"biologique, bio, organic, organique\",\"idxP\":35},{\"mq\":\"Caf\u00E9 William\",\"nm\":\"Caf\u00E9 en grain Colombien bio\",\"nme\":\"Columbian fto coffee beans\",\"attr\":\"Biologique, Produit local\",\"sku\":\"40552\",\"l2\":\"Caf\u00E9, th\u00E9 et chocolat\",\"sl\":\"cafe-en-grain-colombien-bio-william-spartivento-40552\",\"sn\":\"biologique, bio, organic, organique\",\"idxP\":24},{\"mq\":\"Caf\u00E9 William\",\"nm\":\"Caf\u00E9 moulu Colombien bio\",\"nme\":\"Colombian fto ground coffee\",\"attr\":\"Biologique, Produit local\",\"sku\":\"40567\",\"l2\":\"Caf\u00E9, th\u00E9 et chocolat\",\"sl\":\"cafe-moulu-colombien-bio-william-spartivento-40567\",\"sn\":\"biologique, bio, organic, organique\",\"idxP\":20},{\"mq\":\"Krombacher\",\"nm\":\"Bi\u00E8re weizen 5,3%\",\"nme\":\"Weizen beer 5.3%\",\"attr\":\"\",\"sku\":\"32659\",\"l2\":\"Vin et bi\u00E8re\",\"sl\":\"biere-weizen-53-krombacher-32659\",\"sn\":\"\",\"idxP\":24},{\"mq\":\"Caf\u00E9 William\",\"nm\":\"Caf\u00E9 moulu La Crema bio\",\"nme\":\"La Crema fto ground coffee\",\"attr\":\"Biologique, Produit local\",\"sku\":\"40572\",\"l2\":\"Caf\u00E9, th\u00E9 et chocolat\",\"sl\":\"cafe-moulu-la-crema-bio-william-spartivento-40572\",\"sn\":\"biologique, bio, organic, organique\",\"idxP\":19},{\"mq\":\"Smirnoff\",\"nm\":\"Boisson malt encore original\",\"nme\":\"Original malt drink encore\",\"attr\":\"\",\"sku\":\"36300\",\"l2\":\"Vin et bi\u00E8re\",\"sl\":\"boisson-malt-encore-original-smirnoff-36300\",\"sn\":\"\",\"idxP\":9},{\"mq\":\"The Great Gentleman\",\"nm\":\"Soda piquant gingembre\",\"nme\":\"Spicy Ginger Beer\",\"attr\":\"\",\"sku\":\"40681\",\"l2\":\"Boisson gazeuse\",\"sl\":\"soda-piquant-gingembre-the-great-gentleman-40681\",\"sn\":\"liqueur, breuvage, softdrink, soft drink\",\"idxP\":100},{\"mq\":\"Smirnoff\",\"nm\":\"Boisson malt encore saveur de baies\",\"nme\":\"Berry blast malt drink encore\",\"attr\":\"\",\"sku\":\"36366\",\"l2\":\"Vin et bi\u00E8re\",\"sl\":\"boisson-malt-encore-saveur-de-baies-smirnoff-36366\",\"sn\":\"\",\"idxP\":8},{\"mq\":\"The Great Gentleman\",\"nm\":\"Soda tonic\",\"nme\":\"Tonic water\",\"attr\":\"\",\"sku\":\"40682\",\"l2\":\"Boisson gazeuse\",\"sl\":\"soda-tonic-the-great-gentleman-40682\",\"sn\":\"liqueur, breuvage, softdrink, soft drink\",\"idxP\":46},{\"mq\":\"The Great Gentleman\",\"nm\":\"Soda melon d'eau hibiscus\",\"nme\":\"Watermelon hibiscus soda\",\"attr\":\"\",\"sku\":\"40685\",\"l2\":\"Boisson gazeuse\",\"sl\":\"soda-melon-deau-hibiscus-the-great-gentleman-40685\",\"sn\":\"liqueur, breuvage, softdrink, soft drink\",\"idxP\":52},{\"mq\":\"Agga\",\"nm\":\"Caf\u00E9 grain espresso Novello\",\"nme\":\"Espresso Novello coffee beans\",\"attr\":\"Produit local\",\"sku\":\"40903\",\"l2\":\"Caf\u00E9, th\u00E9 et chocolat\",\"sl\":\"cafe-grain-espresso-novello-agga-40903\",\"sn\":\"\",\"idxP\":31},{\"mq\":\"Coke\",\"nm\":\"Soda Coca-Cola z\u00E9ro\",\"nme\":\"Zero Coca-Cola soft drink\",\"attr\":\"\",\"sku\":\"17709\",\"l2\":\"Boisson gazeuse\",\"sl\":\"soda-coca-cola-zero-coke-17709\",\"sn\":\"liqueur, breuvage, softdrink, soft drink\",\"idxP\":100},{\"mq\":\"Dole\",\"nm\":\"Cocktail ananas fruit de la passion mangue\",\"nme\":\"Mango passion fruit pineapple cocktail\",\"attr\":\"\",\"sku\":\"25141\",\"l2\":\"Jus et boisson\",\"sl\":\"cocktail-ananas-fruit-de-la-passion-mangue-dole-25141\",\"sn\":\"apples, ananas, mangues\",\"idxP\":55},{\"mq\":\"Dole\",\"nm\":\"Jus orange\",\"nme\":\"Orange juice\",\"attr\":\"\",\"sku\":\"25935\",\"l2\":\"Jus et boisson\",\"sl\":\"jus-orange-dole-25935\",\"sn\":\"\",\"idxP\":33},{\"mq\":\"Dole\",\"nm\":\"Cocktail fraise kiwi\",\"nme\":\"Strawberry kiwi cocktail\",\"attr\":\"\",\"sku\":\"26014\",\"l2\":\"Jus et boisson\",\"sl\":\"cocktail-fraise-kiwi-dole-26014\",\"sn\":\"fraises\",\"idxP\":53},{\"mq\":\"Dole\",\"nm\":\"Jus pomme\",\"nme\":\"Apple juice\",\"attr\":\"\",\"sku\":\"25929\",\"l2\":\"Jus et boisson\",\"sl\":\"jus-pomme-dole-25929\",\"sn\":\"apples, pommes\",\"idxP\":36},{\"mq\":\"Allen's\",\"nm\":\"Cocktail punch aux fruits\",\"nme\":\"Fruit punch cocktail\",\"attr\":\"\",\"sku\":\"00245\",\"l2\":\"Jus et boisson\",\"sl\":\"cocktail-punch-aux-fruits-allens-00245\",\"sn\":\"\",\"idxP\":45},{\"mq\":\"Oasis\",\"nm\":\"Jus pomme raisin\",\"nme\":\"Apple Grape Juice\",\"attr\":\"\",\"sku\":\"46171\",\"l2\":\"Jus et boisson\",\"sl\":\"jus-pomme-raisin-oasis-46171\",\"sn\":\"apples, pommes, raisins\",\"idxP\":83},{\"mq\":\"Eska\",\"nm\":\"Eau de source gaz\u00E9ifi\u00E9e en plastique\",\"nme\":\"Carbonated Spring Water\",\"attr\":\"Produit local\",\"sku\":\"00340\",\"l2\":\"Eau\",\"sl\":\"eau-de-source-gazeifiee-en-plastique-eska-00340\",\"sn\":\"\",\"idxP\":68},{\"mq\":\"Natur-a\",\"nm\":\"Boisson avoine non sucr\u00E9e biologique\",\"nme\":\"Organic Original Oat Beverage\",\"attr\":\"Sans gluten, Biologique, Sans lactose, Produit local\",\"sku\":\"01125\",\"l2\":\"Lait et boisson v\u00E9g\u00E9tale\",\"sl\":\"boisson-avoine-non-sucree-biologique-natur-a-01125\",\"sn\":\"biologique, bio, organic, organique\",\"idxP\":92},{\"mq\":\"Agga\",\"nm\":\"Capsules \u00E0 caf\u00E9 intenso compatibles Nespresso\",\"nme\":\"Nespresso Compatibles Intenso Coffee Capsules\",\"attr\":\"Produit local\",\"sku\":\"01200\",\"l2\":\"Caf\u00E9, th\u00E9 et chocolat\",\"sl\":\"capsules-a-cafe-intenso-compatibles-nespresso-agga-01200\",\"sn\":\"\",\"idxP\":100},{\"mq\":\"Naya\",\"nm\":\"Eau de source naturelle\",\"nme\":\"Spring Water\",\"attr\":\"Aliment du Qu\u00E9bec, Produit local\",\"sku\":\"01239\",\"l2\":\"Eau\",\"sl\":\"eau-de-source-naturelle-naya-01239\",\"sn\":\"\",\"idxP\":37},{\"mq\":\"Naya\",\"nm\":\"Eau de source naturelle\",\"nme\":\"Spring Water\",\"attr\":\"Aliment du Qu\u00E9bec, Produit local\",\"sku\":\"01240\",\"l2\":\"Eau\",\"sl\":\"eau-de-source-naturelle-naya-01240\",\"sn\":\"\",\"idxP\":100},{\"mq\":\"Allen's\",\"nm\":\"Cocktail raisin\",\"nme\":\"Grape cocktail\",\"attr\":\"\",\"sku\":\"01339\",\"l2\":\"Jus et boisson\",\"sl\":\"cocktail-raisin-allens-01339\",\"sn\":\"raisins\",\"idxP\":14},{\"mq\":\"Allen's\",\"nm\":\"Limonade citron\",\"nme\":\"Lemonade\",\"attr\":\"\",\"sku\":\"01338\",\"l2\":\"Jus et boisson\",\"sl\":\"limonade-citron-allens-01338\",\"sn\":\"citrons\",\"idxP\":15},{\"mq\":\"Allen's\",\"nm\":\"Cocktail punch aux fruits\",\"nme\":\"Fruit punch cocktail\",\"attr\":\"\",\"sku\":\"01341\",\"l2\":\"Jus et boisson\",\"sl\":\"cocktail-punch-aux-fruits-allens-01341\",\"sn\":\"\",\"idxP\":20},{\"mq\":\"Allen's\",\"nm\":\"Cocktail p\u00EAche\",\"nme\":\"Peach cocktail\",\"attr\":\"\",\"sku\":\"01340\",\"l2\":\"Jus et boisson\",\"sl\":\"cocktail-peche-allens-01340\",\"sn\":\"\",\"idxP\":22},{\"mq\":\"PERONI\",\"nm\":\"Bi\u00E8re Peroni bouteille\",\"nme\":\"Peroni beer\",\"attr\":\"\",\"sku\":\"30951\",\"l2\":\"Vin et bi\u00E8re\",\"sl\":\"biere-peroni-bouteille-peroni-30951\",\"sn\":\"\",\"idxP\":23},{\"mq\":\"Belle Gueule\",\"nm\":\"Bi\u00E8re originale 5,2% canette\",\"nme\":\"Original beer 5.2% can\",\"attr\":\"Produit local\",\"sku\":\"34249\",\"l2\":\"Vin et bi\u00E8re\",\"sl\":\"biere-originale-52-canette-belle-gueule-34249\",\"sn\":\"\",\"idxP\":18},{\"mq\":\"Twisted Tea\",\"nm\":\"Boisson de malt alcoolis\u00E9e emballage assorti\",\"nme\":\"Alcoholic Malt Drink Party Pack\",\"attr\":\"\",\"sku\":\"40246\",\"l2\":\"Vin et bi\u00E8re\",\"sl\":\"boisson-de-malt-alcoolisee-emballage-assorti-twisted-tea-40246\",\"sn\":\"\",\"idxP\":10},{\"mq\":\"Twisted Tea\",\"nm\":\"Boisson de malt alcoolis\u00E9e originale\",\"nme\":\"Original Alcoholic Malt Drink\",\"attr\":\"\",\"sku\":\"40248\",\"l2\":\"Vin et bi\u00E8re\",\"sl\":\"boisson-de-malt-alcoolisee-originale-twisted-tea-40248\",\"sn\":\"\",\"idxP\":7},{\"mq\":\"Belle Gueule\",\"nm\":\"Bi\u00E8re pilsner 5,2% canette\",\"nme\":\"Pilsner beer 5.2% can\",\"attr\":\"Produit local\",\"sku\":\"40425\",\"l2\":\"Vin et bi\u00E8re\",\"sl\":\"biere-pilsner-52-canette-belle-gueule-40425\",\"sn\":\"\",\"idxP\":8},{\"mq\":\"St-Ambroise\",\"nm\":\"Bi\u00E8re St-Ambroise ipa 5% canette\",\"nme\":\"St-Ambroise ipa beer 5% can\",\"attr\":\"\",\"sku\":\"34254\",\"l2\":\"Vin et bi\u00E8re\",\"sl\":\"biere-st-ambroise-ipa-5-canette-st-ambroise-34254\",\"sn\":\"\",\"idxP\":11},{\"mq\":\"Belle Gueule\",\"nm\":\"Bi\u00E8re blonde 4,2 % canette\",\"nme\":\"Blonde Beer 4.2% can\",\"attr\":\"Produit local\",\"sku\":\"40421\",\"l2\":\"Vin et bi\u00E8re\",\"sl\":\"biere-blonde-42-canette-belle-gueule-40421\",\"sn\":\"\",\"idxP\":4},{\"mq\":\"Belle Gueule\",\"nm\":\"Bi\u00E8re houblon IPL 6.2% canette\",\"nme\":\"IPL hop beer 6.2% can\",\"attr\":\"Produit local\",\"sku\":\"40422\",\"l2\":\"Vin et bi\u00E8re\",\"sl\":\"biere-houblon-ipl-6.2-canette-belle-gueule-40422\",\"sn\":\"\",\"idxP\":7},{\"mq\":\"PERONI\",\"nm\":\"Bi\u00E8re Peroni en canettes\",\"nme\":\"Peroni beer can\",\"attr\":\"\",\"sku\":\"30683\",\"l2\":\"Vin et bi\u00E8re\",\"sl\":\"biere-peroni-en-canettes-peroni-30683\",\"sn\":\"\",\"idxP\":28},{\"mq\":\"Belle Gueule\",\"nm\":\"Bi\u00E8re pilsner 5,2% canette\",\"nme\":\"Pilsner beer 5.2% can\",\"attr\":\"Produit local\",\"sku\":\"34248\",\"l2\":\"Vin et bi\u00E8re\",\"sl\":\"biere-pilsner-52-canette-belle-gueule-34248\",\"sn\":\"\",\"idxP\":12},{\"mq\":\"Belle Gueule\",\"nm\":\"Bi\u00E8re rousse lager 5,2% canette\",\"nme\":\"Lager red beer 5.2% can\",\"attr\":\"Produit local\",\"sku\":\"40426\",\"l2\":\"Vin et bi\u00E8re\",\"sl\":\"biere-rousse-lager-52-canette-belle-gueule-40426\",\"sn\":\"\",\"idxP\":20},{\"mq\":\"Belle Gueule\",\"nm\":\"Bi\u00E8re rousse lager 5,2% canette\",\"nme\":\"Lager red beer 5.2% can\",\"attr\":\"Produit local\",\"sku\":\"34247\",\"l2\":\"Vin et bi\u00E8re\",\"sl\":\"biere-rousse-lager-52-canette-belle-gueule-34247\",\"sn\":\"\",\"idxP\":14},{\"mq\":\"Belle Gueule\",\"nm\":\"Bi\u00E8re originale 5,2% canette\",\"nme\":\"Original beer 5.2% can\",\"attr\":\"Produit local\",\"sku\":\"40423\",\"l2\":\"Vin et bi\u00E8re\",\"sl\":\"biere-originale-52-canette-belle-gueule-40423\",\"sn\":\"\",\"idxP\":7},{\"mq\":\"Natur-a\",\"nm\":\"Boisson soya non sucr\u00E9e biologique\",\"nme\":\"Organic Unsweetened Soy Beverage\",\"attr\":\"Sans gluten, Biologique, Sans lactose, Produit local\",\"sku\":\"29868\",\"l2\":\"Lait et boisson v\u00E9g\u00E9tale\",\"sl\":\"boisson-soya-non-sucree-biologique-natur-a-29868\",\"sn\":\"biologique, bio, organic, organique\",\"idxP\":97},{\"mq\":\"Fairlee\",\"nm\":\"Cocktail canneberge\",\"nme\":\"Cranberry cocktail\",\"attr\":\"\",\"sku\":\"49920\",\"l2\":\"Jus et boisson\",\"sl\":\"cocktail-canneberge-fairlee-49920\",\"sn\":\"\",\"idxP\":54},{\"mq\":\"Fairlee\",\"nm\":\"Jus de raisin\",\"nme\":\"Grape Juice\",\"attr\":\"\",\"sku\":\"49924\",\"l2\":\"Jus et boisson\",\"sl\":\"jus-de-raisin-fairlee-49924\",\"sn\":\"raisins\",\"idxP\":95},{\"mq\":\"Canada Dry\",\"nm\":\"Soda club\",\"nme\":\"Soda club soft drink\",\"attr\":\"\",\"sku\":\"42524\",\"l2\":\"Boisson gazeuse\",\"sl\":\"soda-club-canada-dry-42524\",\"sn\":\"liqueur, breuvage, softdrink, soft drink\",\"idxP\":69},{\"mq\":\"V-8\",\"nm\":\"Cocktail aux l\u00E9gumes\",\"nme\":\"Vegetable Cocktail\",\"attr\":\"\",\"sku\":\"17280\",\"l2\":\"Jus et boisson\",\"sl\":\"cocktail-aux-legumes-v-8-17280\",\"sn\":\"\",\"idxP\":57},{\"mq\":\"Tim Horton\",\"nm\":\"Caf\u00E9 k-Cup Colombien\",\"nme\":\"Colombien K-Cup Coffee\",\"attr\":\"\",\"sku\":\"15344\",\"l2\":\"Caf\u00E9, th\u00E9 et chocolat\",\"sl\":\"cafe-k-cup-colombien-tim-horton-15344\",\"sn\":\"\",\"idxP\":46},{\"mq\":\"Eska\",\"nm\":\"Eau de source naturelle\",\"nme\":\"Natural Spring Water\",\"attr\":\"\",\"sku\":\"02077\",\"l2\":\"Eau\",\"sl\":\"eau-de-source-naturelle-eska-02077\",\"sn\":\"\",\"idxP\":100},{\"mq\":\"Four O'Clock\",\"nm\":\"Tisane chai \u00E9rable pacane biologique \u00E9quitable\",\"nme\":\"Organic fairtrade chai maple pecan herbal tea\",\"attr\":\"Sans gluten, Biologique\",\"sku\":\"02185\",\"l2\":\"Caf\u00E9, th\u00E9 et chocolat\",\"sl\":\"tisane-chai-erable-pacane-biologique-equitable-four-oclock-02185\",\"sn\":\"biologique, bio, organic, organique\",\"idxP\":15},{\"mq\":\"Four O'Clock\",\"nm\":\"Th\u00E9 blanc chocolat blanc noix coco bio \u00E9quitable\",\"nme\":\"Orga. fairtrade white chocolate coconut white tea\",\"attr\":\"Sans gluten, Biologique\",\"sku\":\"02190\",\"l2\":\"Caf\u00E9, th\u00E9 et chocolat\",\"sl\":\"the-blanc-chocolat-blanc-noix-coco-bio-equitable-four-oclock-02190\",\"sn\":\"biologique, bio, organic, organique\",\"idxP\":7},{\"mq\":\"Brasserie Farnham\",\"nm\":\"Ensemble cadeau bi\u00E8res Ale et Lager\",\"nme\":\"Ale & lager beer gift box\",\"attr\":\"\",\"sku\":\"02216\",\"l2\":\"Vin et bi\u00E8re\",\"sl\":\"ensemble-cadeau-bieres-ale-et-lager-brasserie-farnham-02216\",\"sn\":\"\",\"idxP\":19},{\"mq\":\"Sober carpenter\",\"nm\":\"Bi\u00E8re blanche sans alcool\",\"nme\":\"White beer non alcoholic\",\"attr\":\"\",\"sku\":\"02388\",\"l2\":\"Vin et bi\u00E8re\",\"sl\":\"biere-blanche-sans-alcool-sober-carpenter-02388\",\"sn\":\"\",\"idxP\":12},{\"mq\":\"Sober carpenter\",\"nm\":\"Bi\u00E8re blonde sans alcool\",\"nme\":\"Blond beer non alcoholic\",\"attr\":\"\",\"sku\":\"02392\",\"l2\":\"Vin et bi\u00E8re\",\"sl\":\"biere-blonde-sans-alcool-sober-carpenter-02392\",\"sn\":\"\",\"idxP\":20},{\"mq\":\"Four O'Clock\",\"nm\":\"Th\u00E9 vert gingembre noix de coco biologique \u00E9quitab\",\"nme\":\"Organic fairtrade ginger coconut green tea\",\"attr\":\"Sans gluten, Biologique\",\"sku\":\"00866\",\"l2\":\"Caf\u00E9, th\u00E9 et chocolat\",\"sl\":\"the-vert-gingembre-noix-de-coco-biologique-equitab-four-oclock-00866\",\"sn\":\"biologique, bio, organic, organique\",\"idxP\":30},{\"mq\":\"Sober carpenter\",\"nm\":\"Bi\u00E8re rousse sans alcool\",\"nme\":\"Red beer non alcoholic\",\"attr\":\"\",\"sku\":\"02387\",\"l2\":\"Vin et bi\u00E8re\",\"sl\":\"biere-rousse-sans-alcool-sober-carpenter-02387\",\"sn\":\"\",\"idxP\":15},{\"mq\":\"Four O'Clock\",\"nm\":\"Th\u00E9 espresso cha\u00EF biologique \u00E9quitable\",\"nme\":\"Organic fairtrade chai espresso tea\",\"attr\":\"Sans gluten, Biologique\",\"sku\":\"34506\",\"l2\":\"Caf\u00E9, th\u00E9 et chocolat\",\"sl\":\"the-espresso-chai-biologique-equitable-four-oclock-34506\",\"sn\":\"biologique, bio, organic, organique\",\"idxP\":14},{\"mq\":\"Four O'Clock\",\"nm\":\"Th\u00E9 vert cha\u00EF d\u00E9caf\u00E9in\u00E9 biologique \u00E9quitable\",\"nme\":\"Organic fairtrade decaffeinated chai green tea\",\"attr\":\"Sans gluten, Biologique\",\"sku\":\"34505\",\"l2\":\"Caf\u00E9, th\u00E9 et chocolat\",\"sl\":\"the-vert-chai-decafeine-biologique-equitable-four-oclock-34505\",\"sn\":\"biologique, bio, organic, organique\",\"idxP\":15},{\"mq\":\"Four O'Clock\",\"nm\":\"Rooibos orange \u00E9pic\u00E9e biologique \u00E9quitable\",\"nme\":\"Organic fairtrade spicy orange rooibos\",\"attr\":\"Sans gluten, Biologique\",\"sku\":\"34508\",\"l2\":\"Caf\u00E9, th\u00E9 et chocolat\",\"sl\":\"rooibos-orange-epicee-biologique-equitable-four-oclock-34508\",\"sn\":\"biologique, bio, organic, organique\",\"idxP\":17},{\"mq\":\"Sober carpenter\",\"nm\":\"Bi\u00E8re IPA sans alcool\",\"nme\":\"IPA  beer non alcoholic\",\"attr\":\"\",\"sku\":\"02394\",\"l2\":\"Vin et bi\u00E8re\",\"sl\":\"biere-ipa-sans-alcool-sober-carpenter-02394\",\"sn\":\"\",\"idxP\":18},{\"mq\":\"Four O'Clock\",\"nm\":\"Tisane \u00E9pices chocolat\u00E9e cha\u00EF biologique \u00E9quitable\",\"nme\":\"Organic fairtrade chocolate spices chai herbal tea\",\"attr\":\"Sans gluten, Biologique\",\"sku\":\"34521\",\"l2\":\"Caf\u00E9, th\u00E9 et chocolat\",\"sl\":\"tisane-epices-chocolatee-chai-biologique-equitable-four-oclock-34521\",\"sn\":\"biologique, bio, organic, organique\",\"idxP\":15},{\"mq\":\"Four O'Clock\",\"nm\":\"Tisane curcuma canelle biologique \u00E9quitable\",\"nme\":\"Organic fairtrade turmeric cinnamon herbal tea\",\"attr\":\"Sans gluten, Biologique\",\"sku\":\"34522\",\"l2\":\"Caf\u00E9, th\u00E9 et chocolat\",\"sl\":\"tisane-curcuma-canelle-biologique-equitable-four-oclock-34522\",\"sn\":\"biologique, bio, organic, organique, turmeric, safran des indes\",\"idxP\":24},{\"mq\":\"Four O'Clock\",\"nm\":\"Th\u00E9 vert jasmin biologique \u00E9quitable\",\"nme\":\"Organic fairtrade jasmine green tea\",\"attr\":\"Sans gluten, Biologique\",\"sku\":\"39254\",\"l2\":\"Caf\u00E9, th\u00E9 et chocolat\",\"sl\":\"the-vert-jasmin-biologique-equitable-four-oclock-39254\",\"sn\":\"biologique, bio, organic, organique\",\"idxP\":16},{\"mq\":\"Four O'Clock\",\"nm\":\"Th\u00E9 noir cha\u00EF biologique \u00E9quitable\",\"nme\":\"Organic fairtrade chai black tea\",\"attr\":\"Sans gluten, Biologique\",\"sku\":\"39257\",\"l2\":\"Caf\u00E9, th\u00E9 et chocolat\",\"sl\":\"the-noir-chai-biologique-equitable-four-oclock-39257\",\"sn\":\"biologique, bio, organic, organique\",\"idxP\":19},{\"mq\":\"Four O'Clock\",\"nm\":\"Th\u00E9 vert d\u00E9caf\u00E9in\u00E9 biologique \u00E9quitable\",\"nme\":\"Organic fairtrade decaffeinated green tea\",\"attr\":\"Sans gluten, Biologique\",\"sku\":\"34519\",\"l2\":\"Caf\u00E9, th\u00E9 et chocolat\",\"sl\":\"the-vert-decafeine-biologique-equitable-four-oclock-34519\",\"sn\":\"biologique, bio, organic, organique\",\"idxP\":20},{\"mq\":\"Four O'Clock\",\"nm\":\"Tisane r\u00E9glisse \u00E9pic\u00E9e cha\u00EF biologique \u00E9quitable\",\"nme\":\"Organic fairtrade spicy licorice chai herbal tea\",\"attr\":\"Sans gluten, Biologique\",\"sku\":\"34507\",\"l2\":\"Caf\u00E9, th\u00E9 et chocolat\",\"sl\":\"tisane-reglisse-epicee-chai-biologique-equitable-four-oclock-34507\",\"sn\":\"biologique, bio, organic, organique\",\"idxP\":14},{\"mq\":\"Four O'Clock\",\"nm\":\"Th\u00E9 vert japonais biologique\",\"nme\":\"Organic japanese green tea\",\"attr\":\"Sans gluten, Biologique\",\"sku\":\"39253\",\"l2\":\"Caf\u00E9, th\u00E9 et chocolat\",\"sl\":\"the-vert-japonais-biologique-four-oclock-39253\",\"sn\":\"biologique, bio, organic, organique\",\"idxP\":16},{\"mq\":\"Hortus\",\"nm\":\"Caf\u00E9 grain espresso bar\",\"nme\":\"Espresso bar coffee beans\",\"attr\":\"Produit local\",\"sku\":\"02442\",\"l2\":\"Caf\u00E9, th\u00E9 et chocolat\",\"sl\":\"cafe-grain-espresso-bar-hortus-02442\",\"sn\":\"\",\"idxP\":55},{\"mq\":\"Hortus\",\"nm\":\"Caf\u00E9 moulu colombien excelso noir\",\"nme\":\"Colombian Excelso black ground coffee\",\"attr\":\"Produit local\",\"sku\":\"02445\",\"l2\":\"Caf\u00E9, th\u00E9 et chocolat\",\"sl\":\"cafe-moulu-colombien-excelso-noir-hortus-02445\",\"sn\":\"\",\"idxP\":78},{\"mq\":\"Hortus\",\"nm\":\"Caf\u00E9 grain moka djimmah\",\"nme\":\"Moka Djimmah coffee beans\",\"attr\":\"Produit local\",\"sku\":\"02461\",\"l2\":\"Caf\u00E9, th\u00E9 et chocolat\",\"sl\":\"cafe-grain-moka-djimmah-hortus-02461\",\"sn\":\"\",\"idxP\":46},{\"mq\":\"Hortus\",\"nm\":\"Caf\u00E9 moulu colombien excelso brun\",\"nme\":\"Brown Colombian Excelso ground coffee\",\"attr\":\"Produit local\",\"sku\":\"02450\",\"l2\":\"Caf\u00E9, th\u00E9 et chocolat\",\"sl\":\"cafe-moulu-colombien-excelso-brun-hortus-02450\",\"sn\":\"\",\"idxP\":80},{\"mq\":\"Hortus\",\"nm\":\"Caf\u00E9 grain colombien excelso noir\",\"nme\":\"Colombian Excelso black coffee bean\",\"attr\":\"Produit local\",\"sku\":\"02446\",\"l2\":\"Caf\u00E9, th\u00E9 et chocolat\",\"sl\":\"cafe-grain-colombien-excelso-noir-hortus-02446\",\"sn\":\"\",\"idxP\":79},{\"mq\":\"Hortus\",\"nm\":\"Caf\u00E9 grain colombien excelso 50\\\/50\",\"nme\":\"Colombian Excelso 50\\\/50 coffee bean\",\"attr\":\"Produit local\",\"sku\":\"02456\",\"l2\":\"Caf\u00E9, th\u00E9 et chocolat\",\"sl\":\"cafe-grain-colombien-excelso-5050-hortus-02456\",\"sn\":\"\",\"idxP\":75},{\"mq\":\"Hortus\",\"nm\":\"Caf\u00E9 grain moka cr\u00E8me\",\"nme\":\"Cream Moka coffee beans\",\"attr\":\"Produit local\",\"sku\":\"02465\",\"l2\":\"Caf\u00E9, th\u00E9 et chocolat\",\"sl\":\"cafe-grain-moka-creme-hortus-02465\",\"sn\":\"\",\"idxP\":79},{\"mq\":\"Hortus\",\"nm\":\"Caf\u00E9 moulu moka cr\u00E8me\",\"nme\":\"Moka Cream ground coffee\",\"attr\":\"Produit local\",\"sku\":\"02449\",\"l2\":\"Caf\u00E9, th\u00E9 et chocolat\",\"sl\":\"cafe-moulu-moka-creme-hortus-02449\",\"sn\":\"\",\"idxP\":75},{\"mq\":\"Hortus\",\"nm\":\"Caf\u00E9 grain espresso noir\",\"nme\":\"Black Espresso coffee bean\",\"attr\":\"Produit local\",\"sku\":\"02451\",\"l2\":\"Caf\u00E9, th\u00E9 et chocolat\",\"sl\":\"cafe-grain-espresso-noir-hortus-02451\",\"sn\":\"\",\"idxP\":50},{\"mq\":\"Bor\u00E9ale\",\"nm\":\"Bi\u00E8re caisse Exp\u00E9dition canette\",\"nme\":\"Expedition pack beers can\",\"attr\":\"\",\"sku\":\"31247\",\"l2\":\"Vin et bi\u00E8re\",\"sl\":\"biere-caisse-expedition-canette-boreale-31247\",\"sn\":\"\",\"idxP\":14},{\"mq\":\"Angostura\",\"nm\":\"Amers orange\",\"nme\":\"Orange bitters\",\"attr\":\"\",\"sku\":\"27649\",\"l2\":\"Cristal et sirop\",\"sl\":\"amers-orange-angostura-27649\",\"sn\":\"\",\"idxP\":42},{\"mq\":\"Blue Ribbon\",\"nm\":\"Bi\u00E8re Pabst 5.9% canette\",\"nme\":\"Pabst beer 5.9% can\",\"attr\":\"\",\"sku\":\"34324\",\"l2\":\"Vin et bi\u00E8re\",\"sl\":\"biere-pabst-5.9-canette-blue-ribbon-34324\",\"sn\":\"\",\"idxP\":14},{\"mq\":\"Bor\u00E9ale\",\"nm\":\"Bi\u00E8re rousse ale ambr\u00E9e 5%\",\"nme\":\"Amber ale beer 5%\",\"attr\":\"Produit local\",\"sku\":\"34301\",\"l2\":\"Vin et bi\u00E8re\",\"sl\":\"biere-rousse-ale-ambree-5-boreale-34301\",\"sn\":\"\",\"idxP\":14},{\"mq\":\"Brasserie Farnham\",\"nm\":\"Bi\u00E8re 27 blonde pilsner lager 4,8%\",\"nme\":\"27 pilsner lager blonde beer 4,8%\",\"attr\":\"Produit local\",\"sku\":\"34414\",\"l2\":\"Vin et bi\u00E8re\",\"sl\":\"biere-27-blonde-pilsner-lager-48-brasserie-farnham-34414\",\"sn\":\"\",\"idxP\":26},{\"mq\":\"Brasserie Farnham\",\"nm\":\"Bi\u00E8re 64 IPA am\u00E9ricaine 6%\",\"nme\":\"American IPA beer 6%\",\"attr\":\"Produit local\",\"sku\":\"34405\",\"l2\":\"Vin et bi\u00E8re\",\"sl\":\"biere-64-ipa-americaine-6-brasserie-farnham-34405\",\"sn\":\"\",\"idxP\":22},{\"mq\":\"Coffee Mate\",\"nm\":\"Colorant \u00E0 caf\u00E9\",\"nme\":\"Coffee whitener\",\"attr\":\"\",\"sku\":\"47493\",\"l2\":\"Caf\u00E9, th\u00E9 et chocolat\",\"sl\":\"colorant-a-cafe-coffee-mate-47493\",\"sn\":\"\",\"idxP\":74},{\"mq\":\"Bor\u00E9ale\",\"nm\":\"Bi\u00E8re IPA 6,2%\",\"nme\":\"IPA beer 6.2%\",\"attr\":\"\",\"sku\":\"34299\",\"l2\":\"Vin et bi\u00E8re\",\"sl\":\"biere-ipa-62-boreale-34299\",\"sn\":\"\",\"idxP\":11},{\"mq\":\"Brasserie Farnham\",\"nm\":\"Bi\u00E8re 58 blonde IPA Nouvelle-Angleterre 5,8%\",\"nme\":\"58 new england IPA blonde beer 5,8%\",\"attr\":\"Produit local\",\"sku\":\"34417\",\"l2\":\"Vin et bi\u00E8re\",\"sl\":\"biere-58-blonde-ipa-nouvelle-angleterre-58-brasserie-farnham-34417\",\"sn\":\"\",\"idxP\":19},{\"mq\":\"Brasserie Farnham\",\"nm\":\"Bi\u00E8re 35 rousse anglaise 5%\",\"nme\":\"35 english red ale beer 5%\",\"attr\":\"Produit local\",\"sku\":\"34416\",\"l2\":\"Vin et bi\u00E8re\",\"sl\":\"biere-35-rousse-anglaise-5-brasserie-farnham-34416\",\"sn\":\"\",\"idxP\":21},{\"mq\":\"L'orpailleur\",\"nm\":\"Vin blanc 11%\",\"nme\":\"White Wine 11%\",\"attr\":\"\",\"sku\":\"30748\",\"l2\":\"Vin et bi\u00E8re\",\"sl\":\"vin-blanc-11-lorpailleur-30748\",\"sn\":\"\",\"idxP\":30},{\"mq\":\"Grolsch\",\"nm\":\"Bi\u00E8re Pilsner canette 0%\",\"nme\":\"Pilsner Beer Can 0%\",\"attr\":\"\",\"sku\":\"34581\",\"l2\":\"Vin et bi\u00E8re\",\"sl\":\"biere-pilsner-canette-0-grolsch-34581\",\"sn\":\"\",\"idxP\":22},{\"mq\":\"L'orpailleur\",\"nm\":\"Vin rouge 12%\",\"nme\":\"Red Wine 12%\",\"attr\":\"\",\"sku\":\"30746\",\"l2\":\"Vin et bi\u00E8re\",\"sl\":\"vin-rouge-12-lorpailleur-30746\",\"sn\":\"\",\"idxP\":32},{\"mq\":\"Malta cr\u00E9ole\",\"nm\":\"Soda de malte\",\"nme\":\"Malta Soft Drink\",\"attr\":\"\",\"sku\":\"49403\",\"l2\":\"Boisson gazeuse\",\"sl\":\"soda-de-malte-malta-creole-49403\",\"sn\":\"liqueur, breuvage, softdrink, soft drink\",\"idxP\":100},{\"mq\":\"L'orpailleur\",\"nm\":\"Vin blanc R\u00E9serve 13%\",\"nme\":\"Reserve White Wine 13%\",\"attr\":\"\",\"sku\":\"30745\",\"l2\":\"Vin et bi\u00E8re\",\"sl\":\"vin-blanc-reserve-13-lorpailleur-30745\",\"sn\":\"\",\"idxP\":22},{\"mq\":\"L'orpailleur\",\"nm\":\"Vin ros\u00E9 12,5%\",\"nme\":\"Ros\u00E9 Wine 12.5%\",\"attr\":\"\",\"sku\":\"30747\",\"l2\":\"Vin et bi\u00E8re\",\"sl\":\"vin-rose-125-lorpailleur-30747\",\"sn\":\"\",\"idxP\":17},{\"mq\":\"Marie Brizard\",\"nm\":\"Sirop de vanille\",\"nme\":\"Vanilla syrup\",\"attr\":\"\",\"sku\":\"30919\",\"l2\":\"Cristal et sirop\",\"sl\":\"sirop-de-vanille-marie-brizard-30919\",\"sn\":\"\",\"idxP\":22},{\"mq\":\"San Pellegrino\",\"nm\":\"Eau p\u00E9tillante original Essenza\",\"nme\":\"Carbonated natural water Essenza\",\"attr\":\"\",\"sku\":\"30476\",\"l2\":\"Eau\",\"sl\":\"eau-petillante-original-essenza-san-pellegrino-30476\",\"sn\":\"gaz\u00E9ifi\u00E9\",\"idxP\":53},{\"mq\":\"Quick Lime\",\"nm\":\"Jus de citron vert press\u00E9\",\"nme\":\"Squeezed Lime Juice\",\"attr\":\"\",\"sku\":\"31815\",\"l2\":\"Jus et boisson\",\"sl\":\"jus-de-citron-vert-presse-quick-lime-31815\",\"sn\":\"\",\"idxP\":82},{\"mq\":\"Berthelet\",\"nm\":\"Cristaux breuvage corossol\",\"nme\":\"Soursop beverage crystals\",\"attr\":\"\",\"sku\":\"02722\",\"l2\":\"Cristal et sirop\",\"sl\":\"cristaux-breuvage-corossol-berthelet-02722\",\"sn\":\"liqueur\",\"idxP\":52},{\"mq\":\"Berthelet\",\"nm\":\"Cristaux breuvage ananas\",\"nme\":\"Pineapple beverage crystals\",\"attr\":\"\",\"sku\":\"02718\",\"l2\":\"Cristal et sirop\",\"sl\":\"cristaux-breuvage-ananas-berthelet-02718\",\"sn\":\"apples, ananas, liqueur\",\"idxP\":66},{\"mq\":\"Berthelet\",\"nm\":\"Cristaux breuvage pina colada\",\"nme\":\"Pina colada beverage crystals\",\"attr\":\"\",\"sku\":\"02730\",\"l2\":\"Cristal et sirop\",\"sl\":\"cristaux-breuvage-pina-colada-berthelet-02730\",\"sn\":\"liqueur\",\"idxP\":50},{\"mq\":\"Berthelet\",\"nm\":\"Cristaux breuvage melon d'eau\",\"nme\":\"Watermelon beverage crystals\",\"attr\":\"\",\"sku\":\"02725\",\"l2\":\"Cristal et sirop\",\"sl\":\"cristaux-breuvage-melon-deau-berthelet-02725\",\"sn\":\"liqueur\",\"idxP\":70},{\"mq\":\"Berthelet\",\"nm\":\"Cristaux breuvage punch tropical\",\"nme\":\"tropical punch beverage crystals\",\"attr\":\"\",\"sku\":\"02715\",\"l2\":\"Cristal et sirop\",\"sl\":\"cristaux-breuvage-punch-tropical-berthelet-02715\",\"sn\":\"exotic, exotique, tropical, liqueur\",\"idxP\":66},{\"mq\":\"Berthelet\",\"nm\":\"Cristaux breuvage limonade\",\"nme\":\"Limonade beverage crystals\",\"attr\":\"\",\"sku\":\"02724\",\"l2\":\"Cristal et sirop\",\"sl\":\"cristaux-breuvage-limonade-berthelet-02724\",\"sn\":\"liqueur\",\"idxP\":67},{\"mq\":\"Berthelet\",\"nm\":\"Cristaux breuvage p\u00EAche\",\"nme\":\"Peach beverage crystals\",\"attr\":\"\",\"sku\":\"02729\",\"l2\":\"Cristal et sirop\",\"sl\":\"cristaux-breuvage-peche-berthelet-02729\",\"sn\":\"liqueur\",\"idxP\":67},{\"mq\":\"Berthelet\",\"nm\":\"Cristaux breuvage orange\",\"nme\":\"Orange beverage crystals\",\"attr\":\"\",\"sku\":\"02726\",\"l2\":\"Cristal et sirop\",\"sl\":\"cristaux-breuvage-orange-berthelet-02726\",\"sn\":\"liqueur\",\"idxP\":60},{\"mq\":\"Berthelet\",\"nm\":\"Cristaux breuvage raisin\",\"nme\":\"Grape beverage crystals\",\"attr\":\"\",\"sku\":\"02716\",\"l2\":\"Cristal et sirop\",\"sl\":\"cristaux-breuvage-raisin-berthelet-02716\",\"sn\":\"liqueur, raisins\",\"idxP\":60},{\"mq\":\"Berthelet\",\"nm\":\"Cristaux breuvage punch des \u00EEles\",\"nme\":\"Island punch beverage crystals\",\"attr\":\"\",\"sku\":\"02732\",\"l2\":\"Cristal et sirop\",\"sl\":\"cristaux-breuvage-punch-des-iles-berthelet-02732\",\"sn\":\"liqueur\",\"idxP\":66},{\"mq\":\"Rose's\",\"nm\":\"Sirop grenadine\",\"nme\":\"Grenadine syrup\",\"attr\":\"\",\"sku\":\"31258\",\"l2\":\"Jus et boisson\",\"sl\":\"sirop-grenadine-roses-31258\",\"sn\":\"\",\"idxP\":77},{\"mq\":\"Mug\",\"nm\":\"Boisson gazeuse racinette\",\"nme\":\"Root Beer\",\"attr\":\"Aliment du Qu\u00E9bec, Produit local\",\"sku\":\"33321\",\"l2\":\"Boisson gazeuse\",\"sl\":\"boisson-gazeuse-racinette-mug-33321\",\"sn\":\"\",\"idxP\":57},{\"mq\":\"Mountain dew\",\"nm\":\"Boisson gazeuse mountain dew\",\"nme\":\"Mountain Dew Soft Drink\",\"attr\":\"Produit local\",\"sku\":\"48252\",\"l2\":\"Boisson gazeuse\",\"sl\":\"boisson-gazeuse-mountain-dew-mountain-dew-48252\",\"sn\":\"liqueur\",\"idxP\":23},{\"mq\":\"Starbucks\",\"nm\":\"Boisson frappuccino \u00E0 la vanille\",\"nme\":\"Iced Frappuccino Vanilla Drink\",\"attr\":\"\",\"sku\":\"29661\",\"l2\":\"Caf\u00E9, th\u00E9 et chocolat\",\"sl\":\"boisson-frappuccino-a-la-vanille-starbucks-29661\",\"sn\":\"\",\"idxP\":91},{\"mq\":\"Allen's\",\"nm\":\"Jus canneberge cocktail\",\"nme\":\"Cranberry cocktail\",\"attr\":\"\",\"sku\":\"03027\",\"l2\":\"Jus et boisson\",\"sl\":\"jus-canneberge-cocktail-allens-03027\",\"sn\":\"\",\"idxP\":39},{\"mq\":\"Berthelet\",\"nm\":\"Cristaux breuvage framboise bleue\",\"nme\":\"Blue rasberry beverage crystals\",\"attr\":\"\",\"sku\":\"03081\",\"l2\":\"Cristal et sirop\",\"sl\":\"cristaux-breuvage-framboise-bleue-berthelet-03081\",\"sn\":\"liqueur, framboises\",\"idxP\":42},{\"mq\":\"Berthelet\",\"nm\":\"Cristaux breuvage limonade rose\",\"nme\":\"Pink limonade beverage crystals\",\"attr\":\"\",\"sku\":\"03082\",\"l2\":\"Cristal et sirop\",\"sl\":\"cristaux-breuvage-limonade-rose-berthelet-03082\",\"sn\":\"liqueur\",\"idxP\":52},{\"mq\":\"Bor\u00E9ale\",\"nm\":\"Bi\u00E8re artisan mixte\",\"nme\":\"Artisan mix beer\",\"attr\":\"Aliment du Qu\u00E9bec, Produit local\",\"sku\":\"03085\",\"l2\":\"Vin et bi\u00E8re\",\"sl\":\"biere-artisan-mixte-boreale-03085\",\"sn\":\"\",\"idxP\":19},{\"mq\":\"Canada Dry\",\"nm\":\"Boisson gazeuse ginger ale zero\",\"nme\":\"Zero ginger ale soft drink\",\"attr\":\"\",\"sku\":\"66805\",\"l2\":\"Boisson gazeuse\",\"sl\":\"boisson-gazeuse-ginger-ale-zero-canada-dry-66805\",\"sn\":\"liqueur, breuvage, softdrink, soft drink\",\"idxP\":31},{\"mq\":\"Trombetta\",\"nm\":\"Capsules caf\u00E9 aromatico compatible Nespresso\",\"nme\":\"Nespresso compatible aromatico coffee capsules\",\"attr\":\"\",\"sku\":\"03118\",\"l2\":\"Caf\u00E9, th\u00E9 et chocolat\",\"sl\":\"capsules-cafe-aromatico-compatible-nespresso-trombetta-03118\",\"sn\":\"\",\"idxP\":26},{\"mq\":\"Mott's\",\"nm\":\"Clamato regulier\",\"nme\":\"Original Clamato\",\"attr\":\"\",\"sku\":\"66804\",\"l2\":\"Jus et boisson\",\"sl\":\"clamato-regulier-motts-66804\",\"sn\":\"\",\"idxP\":94},{\"mq\":\"Trombetta\",\"nm\":\"Capsules caf\u00E9 bio compatible Nespresso\",\"nme\":\"Nespresso compatible bio coffee capsules\",\"attr\":\"Biologique\",\"sku\":\"03119\",\"l2\":\"Caf\u00E9, th\u00E9 et chocolat\",\"sl\":\"capsules-cafe-bio-compatible-nespresso-trombetta-03119\",\"sn\":\"biologique, bio, organic, organique\",\"idxP\":28},{\"mq\":\"Starbucks\",\"nm\":\"Boisson frappuccino moka\",\"nme\":\"Iced Frappuccino Mocha Drink\",\"attr\":\"\",\"sku\":\"29662\",\"l2\":\"Caf\u00E9, th\u00E9 et chocolat\",\"sl\":\"boisson-frappuccino-moka-starbucks-29662\",\"sn\":\"\",\"idxP\":91},{\"mq\":\"The Great Gentleman\",\"nm\":\"Soda piquant ananas\",\"nme\":\"Spicy pineapple soda\",\"attr\":\"\",\"sku\":\"03240\",\"l2\":\"Boisson gazeuse\",\"sl\":\"soda-piquant-ananas-the-great-gentleman-03240\",\"sn\":\"apples, liqueur, breuvage, softdrink, soft drink, ananas\",\"idxP\":43},{\"mq\":\"Perrier\",\"nm\":\"Eau source gazeifiee canette slim\",\"nme\":\"Slim can Carbonated Natural Spring Water\",\"attr\":\"\",\"sku\":\"66786\",\"l2\":\"Eau\",\"sl\":\"eau-source-gazeifiee-canette-slim-perrier-66786\",\"sn\":\"\",\"idxP\":100},{\"mq\":\"Canada Dry\",\"nm\":\"Boisson gazeuse ginger ale\",\"nme\":\"Ginger ale soft drink\",\"attr\":\"\",\"sku\":\"66883\",\"l2\":\"Boisson gazeuse\",\"sl\":\"boisson-gazeuse-ginger-ale-canada-dry-66883\",\"sn\":\"liqueur, breuvage, softdrink, soft drink\",\"idxP\":0},{\"mq\":\"Monster\",\"nm\":\"Boisson \u00E9nergisante mango loco\",\"nme\":\"Mango loco energy drink\",\"attr\":\"\",\"sku\":\"66958\",\"l2\":\"Boisson \u00E9nergisante\",\"sl\":\"boisson-energisante-mango-loco-monster-66958\",\"sn\":\"\",\"idxP\":3},{\"mq\":\"Minor Figures\",\"nm\":\"Boisson avoine\",\"nme\":\"Oat beverage\",\"attr\":\"\",\"sku\":\"03548\",\"l2\":\"Lait et boisson v\u00E9g\u00E9tale\",\"sl\":\"boisson-avoine-minor-figures-03548\",\"sn\":\"\",\"idxP\":100},{\"mq\":\"Minor Figures\",\"nm\":\"Boisson avoine m\u00E9lange barista biologique\",\"nme\":\"Organic barista blend oat beverage\",\"attr\":\"\",\"sku\":\"03547\",\"l2\":\"Lait et boisson v\u00E9g\u00E9tale\",\"sl\":\"boisson-avoine-melange-barista-biologique-minor-figures-03547\",\"sn\":\"biologique, bio, organic, organique\",\"idxP\":86},{\"mq\":\"Agga\",\"nm\":\"Caf\u00E9 grain romana\",\"nme\":\"Whole grain romana coffee\",\"attr\":\"\",\"sku\":\"67143\",\"l2\":\"Caf\u00E9, th\u00E9 et chocolat\",\"sl\":\"cafe-grain-romana-agga-67143\",\"sn\":\"\",\"idxP\":0},{\"mq\":\"Agga\",\"nm\":\"Caf\u00E9 grain espresso intenso\",\"nme\":\"Espresso Intenso whole grain Coffee\",\"attr\":\"\",\"sku\":\"67141\",\"l2\":\"Caf\u00E9, th\u00E9 et chocolat\",\"sl\":\"cafe-grain-espresso-intenso-agga-67141\",\"sn\":\"\",\"idxP\":65},{\"mq\":\"Agga\",\"nm\":\"Caf\u00E9 grain moka cr\u00E8me\",\"nme\":\"Moka creme grain coffee\",\"attr\":\"\",\"sku\":\"67142\",\"l2\":\"Caf\u00E9, th\u00E9 et chocolat\",\"sl\":\"cafe-grain-moka-creme-agga-67142\",\"sn\":\"\",\"idxP\":0},{\"mq\":\"Fairlee\",\"nm\":\"M\u00E9lange de jus de pruneaux\",\"nme\":\"Prune Juice Blend\",\"attr\":\"\",\"sku\":\"67187\",\"l2\":\"Jus et boisson\",\"sl\":\"melange-de-jus-de-pruneaux-fairlee-67187\",\"sn\":\"\",\"idxP\":30},{\"mq\":\"Fairlee\",\"nm\":\"Jus d'ananas\",\"nme\":\"Pineapple Juice\",\"attr\":\"\",\"sku\":\"67048\",\"l2\":\"Jus et boisson\",\"sl\":\"jus-dananas-fairlee-67048\",\"sn\":\"apples, ananas\",\"idxP\":0}], [{\"mq\":\"Red bull\",\"nm\":\"Boisson \u00E9nergisante sans sucre\",\"nme\":\"Sugar-Free Energy Drink\",\"attr\":\"\",\"sku\":\"65357\",\"l2\":\"Boisson \u00E9nergisante\",\"sl\":\"boisson-energisante-sans-sucre-red-bull-65357\",\"sn\":\"\",\"idxP\":62},{\"mq\":\"Monin\",\"nm\":\"Pur\u00E9e de framboise\",\"nme\":\"Raspberry puree\",\"attr\":\"\",\"sku\":\"67300\",\"l2\":\"Cristal et sirop\",\"sl\":\"puree-de-framboise-monin-67300\",\"sn\":\"framboises\",\"idxP\":16},{\"mq\":\"Monin\",\"nm\":\"Sirop aromatis\u00E9 \u00E0 la framboise\",\"nme\":\"Raspberry Flavoured Syrup\",\"attr\":\"\",\"sku\":\"67261\",\"l2\":\"Cristal et sirop\",\"sl\":\"sirop-aromatise-a-la-framboise-monin-67261\",\"sn\":\"framboises\",\"idxP\":20},{\"mq\":\"Monin\",\"nm\":\"Pur\u00E9e de mangue\",\"nme\":\"Mango puree\",\"attr\":\"\",\"sku\":\"67296\",\"l2\":\"Cristal et sirop\",\"sl\":\"puree-de-mangue-monin-67296\",\"sn\":\"mangues\",\"idxP\":24},{\"mq\":\"Monin\",\"nm\":\"Pur\u00E9e de gingembre\",\"nme\":\"Ginger puree\",\"attr\":\"\",\"sku\":\"67299\",\"l2\":\"Cristal et sirop\",\"sl\":\"puree-de-gingembre-monin-67299\",\"sn\":\"\",\"idxP\":7},{\"mq\":\"Monin\",\"nm\":\"Pur\u00E9e d'ananas\",\"nme\":\"Pineapple puree\",\"attr\":\"\",\"sku\":\"67304\",\"l2\":\"Cristal et sirop\",\"sl\":\"puree-dananas-monin-67304\",\"sn\":\"apples, ananas\",\"idxP\":17},{\"mq\":\"Monin\",\"nm\":\"Pur\u00E9e de goyave\",\"nme\":\"Guava puree\",\"attr\":\"\",\"sku\":\"67305\",\"l2\":\"Cristal et sirop\",\"sl\":\"puree-de-goyave-monin-67305\",\"sn\":\"\",\"idxP\":9},{\"mq\":\"Monin\",\"nm\":\"Pur\u00E9e de fraise\",\"nme\":\"Strawberry puree\",\"attr\":\"\",\"sku\":\"67301\",\"l2\":\"Cristal et sirop\",\"sl\":\"puree-de-fraise-monin-67301\",\"sn\":\"fraises\",\"idxP\":17},{\"mq\":\"Monin\",\"nm\":\"Sirop aromatis\u00E9 \u00E0 la mangue\",\"nme\":\"Mango Flavoured Syrup\",\"attr\":\"\",\"sku\":\"67259\",\"l2\":\"Cristal et sirop\",\"sl\":\"sirop-aromatise-a-la-mangue-monin-67259\",\"sn\":\"mangues\",\"idxP\":27},{\"mq\":\"Monin\",\"nm\":\"Sirop aromatis\u00E9 au melon d'eau\",\"nme\":\"Watermelon Flavoured Syrup\",\"attr\":\"\",\"sku\":\"67265\",\"l2\":\"Cristal et sirop\",\"sl\":\"sirop-aromatise-au-melon-deau-monin-67265\",\"sn\":\"\",\"idxP\":19},{\"mq\":\"Monin\",\"nm\":\"Pur\u00E9e de p\u00EAche\",\"nme\":\"Peach puree\",\"attr\":\"\",\"sku\":\"67303\",\"l2\":\"Cristal et sirop\",\"sl\":\"puree-de-peche-monin-67303\",\"sn\":\"\",\"idxP\":14},{\"mq\":\"Monin\",\"nm\":\"Pur\u00E9e de noix de coco\",\"nme\":\"Coconut puree\",\"attr\":\"\",\"sku\":\"67298\",\"l2\":\"Cristal et sirop\",\"sl\":\"puree-de-noix-de-coco-monin-67298\",\"sn\":\"\",\"idxP\":12},{\"mq\":\"Monin\",\"nm\":\"Sirop aromatis\u00E9 \u00E0 la p\u00EAche\",\"nme\":\"Peach Flavoured Syrup\",\"attr\":\"\",\"sku\":\"67260\",\"l2\":\"Cristal et sirop\",\"sl\":\"sirop-aromatise-a-la-peche-monin-67260\",\"sn\":\"\",\"idxP\":22},{\"mq\":\"Monin\",\"nm\":\"Sirop aromatis\u00E9 \u00E0 la noisette\",\"nme\":\"Hazelnut Flavoured Syrup\",\"attr\":\"\",\"sku\":\"67269\",\"l2\":\"Cristal et sirop\",\"sl\":\"sirop-aromatise-a-la-noisette-monin-67269\",\"sn\":\"\",\"idxP\":31},{\"mq\":\"Monin\",\"nm\":\"Pur\u00E9e de fruit de la passion\",\"nme\":\"Passion fruit puree\",\"attr\":\"\",\"sku\":\"67302\",\"l2\":\"Cristal et sirop\",\"sl\":\"puree-de-fruit-de-la-passion-monin-67302\",\"sn\":\"\",\"idxP\":19},{\"mq\":\"Monin\",\"nm\":\"Sirop aromatis\u00E9 \u00E0 la cr\u00E8me irlandaise\",\"nme\":\"Irish Cream Flavoured Syrup\",\"attr\":\"\",\"sku\":\"67258\",\"l2\":\"Cristal et sirop\",\"sl\":\"sirop-aromatise-a-la-creme-irlandaise-monin-67258\",\"sn\":\"\",\"idxP\":0},{\"mq\":\"Monin\",\"nm\":\"Sirop aromatis\u00E9 au mojito\",\"nme\":\"Mojito Flavoured Syrup\",\"attr\":\"\",\"sku\":\"67264\",\"l2\":\"Cristal et sirop\",\"sl\":\"sirop-aromatise-au-mojito-monin-67264\",\"sn\":\"\",\"idxP\":26},{\"mq\":\"Monin\",\"nm\":\"Sirop aromatis\u00E9 \u00E0 la vanille\",\"nme\":\"Vanilla Flavoured Syrup\",\"attr\":\"\",\"sku\":\"67263\",\"l2\":\"Cristal et sirop\",\"sl\":\"sirop-aromatise-a-la-vanille-monin-67263\",\"sn\":\"\",\"idxP\":36},{\"mq\":\"Monin\",\"nm\":\"Sirop aromatis\u00E9 \u00E0 la lavande\",\"nme\":\"Lavender Flavoured Syrup\",\"attr\":\"\",\"sku\":\"67266\",\"l2\":\"Cristal et sirop\",\"sl\":\"sirop-aromatise-a-la-lavande-monin-67266\",\"sn\":\"\",\"idxP\":28},{\"mq\":\"Monin\",\"nm\":\"Sirop aromatis\u00E9 \u00E0 la noix de coco\",\"nme\":\"Coconut Flavoured Syrup\",\"attr\":\"\",\"sku\":\"67268\",\"l2\":\"Cristal et sirop\",\"sl\":\"sirop-aromatise-a-la-noix-de-coco-monin-67268\",\"sn\":\"\",\"idxP\":27},{\"mq\":\"Monin\",\"nm\":\"Sirop aromatis\u00E9 \u00E0 la fraise\",\"nme\":\"Strawberry Flavoured Syrup\",\"attr\":\"\",\"sku\":\"67262\",\"l2\":\"Cristal et sirop\",\"sl\":\"sirop-aromatise-a-la-fraise-monin-67262\",\"sn\":\"fraises\",\"idxP\":26},{\"mq\":\"Monin\",\"nm\":\"Sirop aromatis\u00E9 au caramel\",\"nme\":\"Caramel Flavoured Syrup\",\"attr\":\"\",\"sku\":\"67267\",\"l2\":\"Cristal et sirop\",\"sl\":\"sirop-aromatise-au-caramel-monin-67267\",\"sn\":\"\",\"idxP\":32},{\"mq\":\"Oasis\",\"nm\":\"Jus orange m\u00E9lange\",\"nme\":\"Orange Juice Blend\",\"attr\":\"\",\"sku\":\"67342\",\"l2\":\"Jus et boisson\",\"sl\":\"jus-orange-melange-oasis-67342\",\"sn\":\"\",\"idxP\":100},{\"mq\":\"Fairlee\",\"nm\":\"Jus d'orange m\u00E9lange\",\"nme\":\"Orange Juice Blend\",\"attr\":\"\",\"sku\":\"67343\",\"l2\":\"Jus et boisson\",\"sl\":\"jus-dorange-melange-fairlee-67343\",\"sn\":\"\",\"idxP\":75},{\"mq\":\"Sapporo\",\"nm\":\"Bi\u00E8re Sapporo\",\"nme\":\"Sapporo beer\",\"attr\":\"\",\"sku\":\"30781\",\"l2\":\"Vin et bi\u00E8re\",\"sl\":\"biere-sapporo-sapporo-30781\",\"sn\":\"\",\"idxP\":36},{\"mq\":\"Tuborg\",\"nm\":\"Bi\u00E8re Tuborg canette\",\"nme\":\"Tuborg beer can\",\"attr\":\"\",\"sku\":\"34321\",\"l2\":\"Vin et bi\u00E8re\",\"sl\":\"biere-tuborg-canette-tuborg-34321\",\"sn\":\"\",\"idxP\":15},{\"mq\":\"V-8\",\"nm\":\"Cocktail aux l\u00E9gumes\",\"nme\":\"Vegetable Cocktail\",\"attr\":\"\",\"sku\":\"44825\",\"l2\":\"Jus et boisson\",\"sl\":\"cocktail-aux-legumes-v-8-44825\",\"sn\":\"\",\"idxP\":54},{\"mq\":\"Sapporo\",\"nm\":\"Bi\u00E8re Sapporo canette\",\"nme\":\"Sapporo  beer can\",\"attr\":\"\",\"sku\":\"34309\",\"l2\":\"Vin et bi\u00E8re\",\"sl\":\"biere-sapporo-canette-sapporo-34309\",\"sn\":\"\",\"idxP\":28},{\"mq\":\"V-8\",\"nm\":\"Cocktail aux l\u00E9gumes faible en sel\",\"nme\":\"Low Sodium Vegetable Cocktail\",\"attr\":\"\",\"sku\":\"35071\",\"l2\":\"Jus et boisson\",\"sl\":\"cocktail-aux-legumes-faible-en-sel-v-8-35071\",\"sn\":\"\",\"idxP\":32},{\"mq\":\"Red bull\",\"nm\":\"Boisson \u00E9nergisante melon d'eau RED\",\"nme\":\"Watermelon Energy Drink\",\"attr\":\"\",\"sku\":\"67417\",\"l2\":\"Boisson \u00E9nergisante\",\"sl\":\"boisson-energisante-melon-deau-red-red-bull-67417\",\"sn\":\"\",\"idxP\":26},{\"mq\":\"Mott's\",\"nm\":\"Cocktail de tomate et palourde original\",\"nme\":\"Original Tomato and Clam Cocktail\",\"attr\":\"\",\"sku\":\"67132\",\"l2\":\"Jus et boisson\",\"sl\":\"cocktail-de-tomate-et-palourde-original-motts-67132\",\"sn\":\"tomates\",\"idxP\":18},{\"mq\":\"St-Justin\",\"nm\":\"Eau min\u00E9rale\",\"nme\":\"Mineral Water\",\"attr\":\"\",\"sku\":\"64398\",\"l2\":\"Eau\",\"sl\":\"eau-minerale-st-justin-64398\",\"sn\":\"\",\"idxP\":0},{\"mq\":\"Bor\u00E9ale\",\"nm\":\"Bi\u00E8re lager\",\"nme\":\"Lager Beer\",\"attr\":\"\",\"sku\":\"11573\",\"l2\":\"Vin et bi\u00E8re\",\"sl\":\"biere-lager-boreale-11573\",\"sn\":\"\",\"idxP\":0},{\"mq\":\"Bor\u00E9ale\",\"nm\":\"Bi\u00E8re caisse d\u00E9couverte\",\"nme\":\"Discovery Beer Mix\",\"attr\":\"\",\"sku\":\"11575\",\"l2\":\"Vin et bi\u00E8re\",\"sl\":\"biere-caisse-decouverte-boreale-11575\",\"sn\":\"\",\"idxP\":0},{\"mq\":\"Bor\u00E9ale\",\"nm\":\"Bi\u00E8re sans alcool mixte\",\"nme\":\"Non Alcoholic Beer Mix\",\"attr\":\"\",\"sku\":\"11572\",\"l2\":\"Vin et bi\u00E8re\",\"sl\":\"biere-sans-alcool-mixte-boreale-11572\",\"sn\":\"\",\"idxP\":0},{\"mq\":\"Bor\u00E9ale\",\"nm\":\"Bi\u00E8re artisan \u00E9vasion mixte\",\"nme\":\"Evasion Artisan Beer Mix\",\"attr\":\"\",\"sku\":\"11571\",\"l2\":\"Vin et bi\u00E8re\",\"sl\":\"biere-artisan-evasion-mixte-boreale-11571\",\"sn\":\"\",\"idxP\":0},{\"mq\":\"Les Cocottes\",\"nm\":\"Vin blanc sans alcool\",\"nme\":\"Alcohol Free White Wine\",\"attr\":\"\",\"sku\":\"11624\",\"l2\":\"Vin et bi\u00E8re\",\"sl\":\"vin-blanc-sans-alcool-les-cocottes-11624\",\"sn\":\"\",\"idxP\":4},{\"mq\":\"Poppers\",\"nm\":\"Poppers caisse mixte canettes\",\"nme\":\"Poppers Mixpack Cans\",\"attr\":\"\",\"sku\":\"11669\",\"l2\":\"Vin et bi\u00E8re\",\"sl\":\"poppers-caisse-mixte-canettes-poppers-11669\",\"sn\":\"\",\"idxP\":0},{\"mq\":\"Crodo\",\"nm\":\"Boisson p\u00E9tillante Aranciata\",\"nme\":\"Sparkling Aranciata Drink\",\"attr\":\"\",\"sku\":\"11679\",\"l2\":\"Eau\",\"sl\":\"boisson-petillante-aranciata-crodo-11679\",\"sn\":\"gaz\u00E9ifi\u00E9\",\"idxP\":37},{\"mq\":\"Lemoncocco\",\"nm\":\"Boisson citron noix de coco\",\"nme\":\"Lemon Coconut Beverage\",\"attr\":\"\",\"sku\":\"03444\",\"l2\":\"Eau\",\"sl\":\"boisson-citron-noix-de-coco-lemoncocco-03444\",\"sn\":\"liqueur, citrons, breuvage, softdrink, soft drink\",\"idxP\":47},{\"mq\":\"Pepito\",\"nm\":\"Sangria canettes\",\"nme\":\"Sangria Cans\",\"attr\":\"\",\"sku\":\"11658\",\"l2\":\"Vin et bi\u00E8re\",\"sl\":\"sangria-canettes-pepito-11658\",\"sn\":\"\",\"idxP\":0},{\"mq\":\"Naya\",\"nm\":\"Eau de source naturelle\",\"nme\":\"Spring Water\",\"attr\":\"\",\"sku\":\"01242\",\"l2\":\"Eau\",\"sl\":\"eau-de-source-naturelle-naya-01242\",\"sn\":\"\",\"idxP\":67},{\"mq\":\"Prestige\",\"nm\":\"Bi\u00E8re forte 5.6% bouteilles\",\"nme\":\"5.6% Dry Beer Bottles\",\"attr\":\"\",\"sku\":\"11652\",\"l2\":\"Vin et bi\u00E8re\",\"sl\":\"biere-forte-5.6-bouteilles-prestige-11652\",\"sn\":\"\",\"idxP\":100},{\"mq\":\"San Felice\",\"nm\":\"Eau min\u00E9rale naturelle\",\"nme\":\"Still Mineral Water\",\"attr\":\"\",\"sku\":\"11675\",\"l2\":\"Eau\",\"sl\":\"eau-minerale-naturelle-san-felice-11675\",\"sn\":\"\",\"idxP\":0},{\"mq\":\"Les Cocottes\",\"nm\":\"Vin rouge sans alcool\",\"nme\":\"Alcohol Free Red Wine\",\"attr\":\"\",\"sku\":\"11625\",\"l2\":\"Vin et bi\u00E8re\",\"sl\":\"vin-rouge-sans-alcool-les-cocottes-11625\",\"sn\":\"\",\"idxP\":4},{\"mq\":\"Crodo\",\"nm\":\"Boisson p\u00E9tillante Limonata\",\"nme\":\"Sparkling Limonata Drink\",\"attr\":\"\",\"sku\":\"11678\",\"l2\":\"Eau\",\"sl\":\"boisson-petillante-limonata-crodo-11678\",\"sn\":\"gaz\u00E9ifi\u00E9\",\"idxP\":42},{\"mq\":\"Bacardi+\",\"nm\":\"Bacardi cocktail mixte tropical canettes\",\"nme\":\"Bacardi Tropical Cocktail Mix Cans\",\"attr\":\"\",\"sku\":\"11672\",\"l2\":\"Vin et bi\u00E8re\",\"sl\":\"bacardi-cocktail-mixte-tropical-canettes-bacardi-11672\",\"sn\":\"exotic, exotique, tropical\",\"idxP\":0},{\"mq\":\"Fever Tree\",\"nm\":\"Soda tonique canettes\",\"nme\":\"Tonic Water Cans\",\"attr\":\"\",\"sku\":\"11713\",\"l2\":\"Boisson gazeuse\",\"sl\":\"soda-tonique-canettes-fever-tree-11713\",\"sn\":\"liqueur, breuvage, softdrink, soft drink\",\"idxP\":26},{\"mq\":\"Matteo's\",\"nm\":\"Sirop \u00E0 caf\u00E9 vanille\",\"nme\":\"Vanilla Coffee Syrup\",\"attr\":\"\",\"sku\":\"11782\",\"l2\":\"Cristal et sirop\",\"sl\":\"sirop-a-cafe-vanille-matteos-11782\",\"sn\":\"\",\"idxP\":0},{\"mq\":\"Fever Tree\",\"nm\":\"Soda tonic l\u00E9ger canettes\",\"nme\":\"Light Tonic Cans\",\"attr\":\"\",\"sku\":\"11704\",\"l2\":\"Boisson gazeuse\",\"sl\":\"soda-tonic-leger-canettes-fever-tree-11704\",\"sn\":\"liqueur, breuvage, softdrink, soft drink\",\"idxP\":46},{\"mq\":\"Matteo's\",\"nm\":\"Sirop \u00E0 caf\u00E9 caramel et pacane\",\"nme\":\"Pecan and Caramel Coffee Syrup\",\"attr\":\"\",\"sku\":\"11789\",\"l2\":\"Cristal et sirop\",\"sl\":\"sirop-a-cafe-caramel-et-pacane-matteos-11789\",\"sn\":\"\",\"idxP\":0},{\"mq\":\"A'Siciliana\",\"nm\":\"Boisson p\u00E9tillante citron\",\"nme\":\"Lemon Sparkling Drink\",\"attr\":\"\",\"sku\":\"11823\",\"l2\":\"Boisson gazeuse\",\"sl\":\"boisson-petillante-citron-asiciliana-11823\",\"sn\":\"citrons, gaz\u00E9ifi\u00E9\",\"idxP\":33},{\"mq\":\"Matteo's\",\"nm\":\"Sirop \u00E0 caf\u00E9 caramel sal\u00E9\",\"nme\":\"Salted Caramel Coffee Syrup\",\"attr\":\"\",\"sku\":\"11793\",\"l2\":\"Cristal et sirop\",\"sl\":\"sirop-a-cafe-caramel-sale-matteos-11793\",\"sn\":\"\",\"idxP\":0},{\"mq\":\"Brasserie Farnham\",\"nm\":\"Bi\u00E8re caisse mixte canette\",\"nme\":\"Mixed Canned Beer\",\"attr\":\"\",\"sku\":\"11830\",\"l2\":\"Vin et bi\u00E8re\",\"sl\":\"biere-caisse-mixte-canette-brasserie-farnham-11830\",\"sn\":\"\",\"idxP\":2},{\"mq\":\"Matteo's\",\"nm\":\"Sirop \u00E0 caf\u00E9 caramel au beurre anglais\",\"nme\":\"English Toffee Coffee Syrup\",\"attr\":\"\",\"sku\":\"11794\",\"l2\":\"Cristal et sirop\",\"sl\":\"sirop-a-cafe-caramel-au-beurre-anglais-matteos-11794\",\"sn\":\"\",\"idxP\":0},{\"mq\":\"Nescafe\",\"nm\":\"Caf\u00E9 espresso en grains\",\"nme\":\"Whole Espresso Coffee Beans\",\"attr\":\"\",\"sku\":\"67852\",\"l2\":\"Caf\u00E9, th\u00E9 et chocolat\",\"sl\":\"cafe-espresso-en-grains-nescafe-67852\",\"sn\":\"\",\"idxP\":3},{\"mq\":\"Two Bears\",\"nm\":\"Caf\u00E9 latt\u00E9 \u00E0 l'avoine vanille\",\"nme\":\"Vanilla Oat Latte\",\"attr\":\"\",\"sku\":\"11971\",\"l2\":\"Caf\u00E9, th\u00E9 et chocolat\",\"sl\":\"cafe-latte-a-lavoine-vanille-two-bears-11971\",\"sn\":\"\",\"idxP\":12},{\"mq\":\"Matteo's\",\"nm\":\"Sirop \u00E0 caf\u00E9 noisette\",\"nme\":\"Hazelnut Coffee Syrup\",\"attr\":\"\",\"sku\":\"11785\",\"l2\":\"Cristal et sirop\",\"sl\":\"sirop-a-cafe-noisette-matteos-11785\",\"sn\":\"\",\"idxP\":0},{\"mq\":\"A'Siciliana\",\"nm\":\"Boisson p\u00E9tillante orange sanguine\",\"nme\":\"Blood Orange Sparkling Drink\",\"attr\":\"\",\"sku\":\"11813\",\"l2\":\"Boisson gazeuse\",\"sl\":\"boisson-petillante-orange-sanguine-asiciliana-11813\",\"sn\":\"gaz\u00E9ifi\u00E9\",\"idxP\":33},{\"mq\":\"Nescafe\",\"nm\":\"Caf\u00E9 vanille fran\u00E7aise en poudre\",\"nme\":\"French Vanilla Coffee Powder\",\"attr\":\"\",\"sku\":\"67853\",\"l2\":\"Caf\u00E9, th\u00E9 et chocolat\",\"sl\":\"cafe-vanille-francaise-en-poudre-nescafe-67853\",\"sn\":\"\",\"idxP\":0},{\"mq\":\"Two Bears\",\"nm\":\"Th\u00E9 latt\u00E9 \u00E0 l'avoine matcha\",\"nme\":\"Matcha Oat Latte\",\"attr\":\"\",\"sku\":\"11968\",\"l2\":\"Caf\u00E9, th\u00E9 et chocolat\",\"sl\":\"the-latte-a-lavoine-matcha-two-bears-11968\",\"sn\":\"\",\"idxP\":14},{\"mq\":\"Two Bears\",\"nm\":\"Th\u00E9 latt\u00E9 \u00E0 l'avoine chai\",\"nme\":\"Chai Oat Latte\",\"attr\":\"\",\"sku\":\"11969\",\"l2\":\"Caf\u00E9, th\u00E9 et chocolat\",\"sl\":\"the-latte-a-lavoine-chai-two-bears-11969\",\"sn\":\"\",\"idxP\":11},{\"mq\":\"Caf\u00E9 William\",\"nm\":\"Caf\u00E9 espresso grand Italia en grains\",\"nme\":\"Espresso Grand Italia Coffee Beans\",\"attr\":\"\",\"sku\":\"11960\",\"l2\":\"Caf\u00E9, th\u00E9 et chocolat\",\"sl\":\"cafe-espresso-grand-italia-en-grains-cafe-william-11960\",\"sn\":\"\",\"idxP\":0},{\"mq\":\"Carnation\",\"nm\":\"Chocolat chaud vend whip\",\"nme\":\"Vend Whip Hot Chocolate\",\"attr\":\"\",\"sku\":\"67856\",\"l2\":\"Caf\u00E9, th\u00E9 et chocolat\",\"sl\":\"chocolat-chaud-vend-whip-carnation-67856\",\"sn\":\"\",\"idxP\":0},{\"mq\":\"Caf\u00E9 William\",\"nm\":\"Caf\u00E9 espresso casa en grains\",\"nme\":\"Espresso Casa Coffee Beans\",\"attr\":\"\",\"sku\":\"11959\",\"l2\":\"Caf\u00E9, th\u00E9 et chocolat\",\"sl\":\"cafe-espresso-casa-en-grains-cafe-william-11959\",\"sn\":\"\",\"idxP\":0},{\"mq\":\"Remedy\",\"nm\":\"Kombucha gingembre citron\",\"nme\":\"Ginger lemon kombucha\",\"attr\":\"\",\"sku\":\"11977\",\"l2\":\"Boisson \u00E9nergisante\",\"sl\":\"kombucha-gingembre-citron-remedy-11977\",\"sn\":\"citrons\",\"idxP\":0},{\"mq\":\"Two Bears\",\"nm\":\"Caf\u00E9 latt\u00E9 \u00E0 l'avoine caramel sal\u00E9\",\"nme\":\"Salted Caramel Oat Latte\",\"attr\":\"\",\"sku\":\"11970\",\"l2\":\"Caf\u00E9, th\u00E9 et chocolat\",\"sl\":\"cafe-latte-a-lavoine-caramel-sale-two-bears-11970\",\"sn\":\"\",\"idxP\":11},{\"mq\":\"Remedy\",\"nm\":\"Kombucha limonade aux framboises\",\"nme\":\"Raspberry lemonade kombucha\",\"attr\":\"\",\"sku\":\"11978\",\"l2\":\"Boisson \u00E9nergisante\",\"sl\":\"kombucha-limonade-aux-framboises-remedy-11978\",\"sn\":\"framboises\",\"idxP\":0},{\"mq\":\"Remedy\",\"nm\":\"Kombucha p\u00EAche\",\"nme\":\"Peach kombucha\",\"attr\":\"\",\"sku\":\"11979\",\"l2\":\"Boisson \u00E9nergisante\",\"sl\":\"kombucha-peche-remedy-11979\",\"sn\":\"\",\"idxP\":0},{\"mq\":\"Hortus\",\"nm\":\"Caf\u00E9 grain d\u00E9caf\u00E9in\u00E9\",\"nme\":\"Decaffeinated coffee beans\",\"attr\":\"\",\"sku\":\"02457\",\"l2\":\"Caf\u00E9, th\u00E9 et chocolat\",\"sl\":\"cafe-grain-decafeine-02457\",\"sn\":\"\",\"idxP\":33},{\"mq\":\"Kimbo\",\"nm\":\"Caf\u00E9 en grain crema intensa\",\"nme\":\"Cream Intensa Coffee Beans\",\"attr\":\"\",\"sku\":\"32547\",\"l2\":\"Caf\u00E9, th\u00E9 et chocolat\",\"sl\":\"cafe-grain-creme-intense-1-kg-32547\",\"sn\":\"\",\"idxP\":30},{\"mq\":\"Krombacher\",\"nm\":\"Bi\u00E8re Hell\",\"nme\":\"Hell beer\",\"attr\":\"\",\"sku\":\"32633\",\"l2\":\"Vin et bi\u00E8re\",\"sl\":\"biere-hell-5-500-ml-x4-32633\",\"sn\":\"\",\"idxP\":11},{\"mq\":\"Natur-a\",\"nm\":\"Boisson avoine barista sans gluten\",\"nme\":\"Barista oat beverage gluten free\",\"attr\":\"\",\"sku\":\"66898\",\"l2\":\"Lait et boisson v\u00E9g\u00E9tale\",\"sl\":\"boisson-avoine-barista-sans-gluten-66898\",\"sn\":\"\",\"idxP\":33},{\"mq\":\"Agga\",\"nm\":\"Capsules caf\u00E9 espresso Cremoso\",\"nme\":\"Cremoso Espresso Coffee Capsules\",\"attr\":\"\",\"sku\":\"68376\",\"l2\":\"Caf\u00E9, th\u00E9 et chocolat\",\"sl\":\"capsules-cafe-espresso-cremoso-68376\",\"sn\":\"\",\"idxP\":33},{\"mq\":\"Agga\",\"nm\":\"Capsules caf\u00E9 espresso Decaffeinato\",\"nme\":\"Decaffeinato Espresso Coffee Capsules\",\"attr\":\"\",\"sku\":\"68377\",\"l2\":\"Caf\u00E9, th\u00E9 et chocolat\",\"sl\":\"capsules-cafe-espresso-decaffeinato-68377\",\"sn\":\"\",\"idxP\":33},{\"mq\":\"Agga\",\"nm\":\"Capsules caf\u00E9 espresso Fortissimo\",\"nme\":\"Fortissimo Espresso Coffee Capsules\",\"attr\":\"\",\"sku\":\"68378\",\"l2\":\"Caf\u00E9, th\u00E9 et chocolat\",\"sl\":\"capsules-cafe-espresso-fortissimo-68378\",\"sn\":\"\",\"idxP\":33},{\"mq\":\"Agga\",\"nm\":\"Capsules caf\u00E9 espresso Intenso\",\"nme\":\"Intenso Espresso Coffee Capsules\",\"attr\":\"\",\"sku\":\"68379\",\"l2\":\"Caf\u00E9, th\u00E9 et chocolat\",\"sl\":\"capsules-cafe-espresso-intenso-68379\",\"sn\":\"\",\"idxP\":33},{\"mq\":\"Eska\",\"nm\":\"Eau de source gaz\u00E9ifi\u00E9e au citron\",\"nme\":\"Lemon Carbonated Spring Water\",\"attr\":\"\",\"sku\":\"70278\",\"l2\":\"Eau\",\"sl\":\"eau-de-source-gazeifiee-au-citron-70278\",\"sn\":\"citrons\",\"idxP\":3},{\"mq\":\"Tim Horton\",\"nm\":\"Caf\u00E9 moulu mouture fine\",\"nme\":\"Fine Ground Coffee\",\"attr\":\"\",\"sku\":\"12618\",\"l2\":\"Caf\u00E9, th\u00E9 et chocolat\",\"sl\":\"cafe-moulu-mouture-fine-12618\",\"sn\":\"\",\"idxP\":0},{\"mq\":\"Caf\u00E9 William\",\"nm\":\"M\u00E9lange chocolat chaud\",\"nme\":\"Hot Chocolate Mix\",\"attr\":\"\",\"sku\":\"12655\",\"l2\":\"Caf\u00E9, th\u00E9 et chocolat\",\"sl\":\"melange-chocolat-chaud-12655\",\"sn\":\"\",\"idxP\":8},{\"mq\":\"Caf\u00E9 William\",\"nm\":\"M\u00E9lange mokaccino\",\"nme\":\"Mokaccino Mix\",\"attr\":\"\",\"sku\":\"12656\",\"l2\":\"Caf\u00E9, th\u00E9 et chocolat\",\"sl\":\"melange-mokaccino-12656\",\"sn\":\"\",\"idxP\":15},{\"mq\":\"Grand Pr\u00E9\",\"nm\":\"Lait 2%\",\"nme\":\"2% Milk\",\"attr\":\"\",\"sku\":\"68719\",\"l2\":\"Lait et boisson v\u00E9g\u00E9tale\",\"sl\":\"lait-2-68719\",\"sn\":\"\",\"idxP\":0},{\"mq\":\"Naya\",\"nm\":\"Eau de source naturelle mini\",\"nme\":\"Mini Spring Water Bottle\",\"attr\":\"\",\"sku\":\"12760\",\"l2\":\"Eau\",\"sl\":\"eau-de-source-naturelle-mini-12760\",\"sn\":\"\",\"idxP\":0},{\"mq\":\"Arizona\",\"nm\":\"Th\u00E9 glac\u00E9 Arnold Palmer\",\"nme\":\"Arnold Palmer Iced Tea\",\"attr\":\"\",\"sku\":\"12771\",\"l2\":\"Jus et boisson\",\"sl\":\"the-glace-arnold-palmer-12771\",\"sn\":\"\",\"idxP\":0},{\"mq\":\"Arizona\",\"nm\":\"Th\u00E9 glac\u00E9 citron\",\"nme\":\"Lemon Iced Tea\",\"attr\":\"\",\"sku\":\"12772\",\"l2\":\"Jus et boisson\",\"sl\":\"the-glace-citron-12772\",\"sn\":\"citrons\",\"idxP\":0},{\"mq\":\"Arizona\",\"nm\":\"Th\u00E9 glac\u00E9 vert ginseng miel\",\"nme\":\"Ginseng Honey Iced Green Tea\",\"attr\":\"\",\"sku\":\"12773\",\"l2\":\"Jus et boisson\",\"sl\":\"the-glace-vert-ginseng-miel-12773\",\"sn\":\"\",\"idxP\":0},{\"mq\":\"Arizona\",\"nm\":\"Th\u00E9 glac\u00E9 mucho mangue\",\"nme\":\"Mucho Mango Iced Tea\",\"attr\":\"\",\"sku\":\"12774\",\"l2\":\"Jus et boisson\",\"sl\":\"the-glace-mucho-mangue-12774\",\"sn\":\"mangues\",\"idxP\":0},{\"mq\":\"Arizona\",\"nm\":\"Th\u00E9 glac\u00E9 vert ginseng miel\",\"nme\":\"Ginseng Honey Iced Green Tea\",\"attr\":\"\",\"sku\":\"12775\",\"l2\":\"Jus et boisson\",\"sl\":\"the-glace-vert-ginseng-miel-12775\",\"sn\":\"\",\"idxP\":0},{\"mq\":\"Estrella\",\"nm\":\"Bi\u00E8re import\u00E9e Premium Lager 4.4%\",\"nme\":\"4.4% Imported Premium Lager Beer\",\"attr\":\"\",\"sku\":\"13074\",\"l2\":\"Vin et bi\u00E8re\",\"sl\":\"biere-importee-premium-lager-44-13074\",\"sn\":\"\",\"idxP\":0},{\"mq\":\"Carib\",\"nm\":\"Bi\u00E8re Premium Lager 5%\",\"nme\":\"5% Premium Lager Beer\",\"attr\":\"\",\"sku\":\"13075\",\"l2\":\"Vin et bi\u00E8re\",\"sl\":\"biere-premium-lager-5-13075\",\"sn\":\"\",\"idxP\":0},{\"mq\":\"Atypique\",\"nm\":\"Boisson sans alcool amaretto sour\",\"nme\":\"Non Alcoholic Amaretto Sour\",\"attr\":\"\",\"sku\":\"68764\",\"l2\":\"Vin et bi\u00E8re\",\"sl\":\"boisson-sans-alcool-amaretto-sour-68764\",\"sn\":\"\",\"idxP\":0},{\"mq\":\"Oatbox\",\"nm\":\"Boisson avoine originale\",\"nme\":\"Original Oat Beverage\",\"attr\":\"\",\"sku\":\"13160\",\"l2\":\"Lait et boisson v\u00E9g\u00E9tale\",\"sl\":\"boisson-avoine-originale-13160\",\"sn\":\"\",\"idxP\":0},{\"mq\":\"Oatbox\",\"nm\":\"Boisson barista avoine\",\"nme\":\"Barista Oat Beverage\",\"attr\":\"\",\"sku\":\"13161\",\"l2\":\"Lait et boisson v\u00E9g\u00E9tale\",\"sl\":\"boisson-barista-avoine-13161\",\"sn\":\"\",\"idxP\":0},{\"mq\":\"Matteo's\",\"nm\":\"Sirop \u00E0 caf\u00E9 noisette chai\",\"nme\":\"Hazelnut Chai Coffee Syrup\",\"attr\":\"\",\"sku\":\"13209\",\"l2\":\"Cristal et sirop\",\"sl\":\"sirop-a-cafe-noisette-chai-13209\",\"sn\":\"\",\"idxP\":0},{\"mq\":\"Arizona\",\"nm\":\"Th\u00E9 glac\u00E9 citron\",\"nme\":\"Lemon Iced Tea\",\"attr\":\"\",\"sku\":\"13249\",\"l2\":\"Jus et boisson\",\"sl\":\"the-glace-citron-13249\",\"sn\":\"citrons\",\"idxP\":0},{\"mq\":\"Kool Aid\",\"nm\":\"M\u00E9lange \u00E0 boisson banane-en-folie\",\"nme\":\"Banana Splash Drink Mix\",\"attr\":\"\",\"sku\":\"13351\",\"l2\":\"Cristal et sirop\",\"sl\":\"melange-a-boisson-banane-en-folie-13351\",\"sn\":\"ananas, bananes\",\"idxP\":0},{\"mq\":\"Kool Aid\",\"nm\":\"M\u00E9lange \u00E0 boisson orange\",\"nme\":\"Orange Drink Mix\",\"attr\":\"\",\"sku\":\"13353\",\"l2\":\"Cristal et sirop\",\"sl\":\"melange-a-boisson-orange-13353\",\"sn\":\"\",\"idxP\":0},{\"mq\":\"Kool Aid\",\"nm\":\"M\u00E9lange \u00E0 boisson melon d'eau\",\"nme\":\"Watermelon Drink Mix\",\"attr\":\"\",\"sku\":\"13354\",\"l2\":\"Cristal et sirop\",\"sl\":\"melange-a-boisson-melon-deau-13354\",\"sn\":\"\",\"idxP\":0},{\"mq\":\"Kool Aid\",\"nm\":\"M\u00E9lange \u00E0 boisson raisin\",\"nme\":\"Grape Drink Mix\",\"attr\":\"\",\"sku\":\"13355\",\"l2\":\"Cristal et sirop\",\"sl\":\"melange-a-boisson-raisin-13355\",\"sn\":\"raisins\",\"idxP\":0},{\"mq\":\"Kool Aid\",\"nm\":\"M\u00E9lange \u00E0 boisson limonade framboise glacier bleu\",\"nme\":\"Ice Blue Raspberry Lemonade Drink Mix\",\"attr\":\"\",\"sku\":\"13356\",\"l2\":\"Cristal et sirop\",\"sl\":\"melange-a-boisson-limonade-framboise-glacier-bleu-13356\",\"sn\":\"framboises\",\"idxP\":0},{\"mq\":\"Kool Aid\",\"nm\":\"M\u00E9lange \u00E0 boisson cerise\",\"nme\":\"Cherry Drink Mix\",\"attr\":\"\",\"sku\":\"13357\",\"l2\":\"Cristal et sirop\",\"sl\":\"melange-a-boisson-cerise-13357\",\"sn\":\"\",\"idxP\":0},{\"mq\":\"Kool Aid\",\"nm\":\"M\u00E9lange \u00E0 boisson limette \u00E9clatante\",\"nme\":\"Screamin' Lime Drink Mix\",\"attr\":\"\",\"sku\":\"13358\",\"l2\":\"Cristal et sirop\",\"sl\":\"melange-a-boisson-limette-eclatante-13358\",\"sn\":\"\",\"idxP\":0},{\"mq\":\"Oenosphere\",\"nm\":\"Vin blanc Bonita Chardonnay\",\"nme\":\"White Bonita Chardonnay Wine\",\"attr\":\"\",\"sku\":\"13362\",\"l2\":\"Vin et bi\u00E8re\",\"sl\":\"vin-blanc-bonita-chardonnay-13362\",\"sn\":\"\",\"idxP\":0},{\"mq\":\"Oenosphere\",\"nm\":\"Vin rouge Bonita Tempranillo\",\"nme\":\"Red Bonita Tempranillo Wine\",\"attr\":\"\",\"sku\":\"13363\",\"l2\":\"Vin et bi\u00E8re\",\"sl\":\"vin-rouge-bonita-tempranillo-13363\",\"sn\":\"\",\"idxP\":0},{\"mq\":\"Oenosphere\",\"nm\":\"Vin blanc Chai Grenache-Roussanne-Marsanne\",\"nme\":\"White Grenache-Roussanne-Marsanne Chai Wine\",\"attr\":\"\",\"sku\":\"13364\",\"l2\":\"Vin et bi\u00E8re\",\"sl\":\"vin-blanc-chai-grenache-roussanne-marsanne-13364\",\"sn\":\"\",\"idxP\":0},{\"mq\":\"Oenosphere\",\"nm\":\"Vin ros\u00E9 Chai Grenache-Cinsault\",\"nme\":\"Ros\u00E9 Grenache-Cinsault Chai Wine\",\"attr\":\"\",\"sku\":\"13365\",\"l2\":\"Vin et bi\u00E8re\",\"sl\":\"vin-rose-chai-grenache-cinsault-13365\",\"sn\":\"\",\"idxP\":0},{\"mq\":\"Oenosphere\",\"nm\":\"Vin rouge Chai Grenache-Syrah\",\"nme\":\"Red Grenache-Syrah Chai Wine\",\"attr\":\"\",\"sku\":\"13366\",\"l2\":\"Vin et bi\u00E8re\",\"sl\":\"vin-rouge-chai-grenache-syrah-13366\",\"sn\":\"\",\"idxP\":0},{\"mq\":\"Oasis\",\"nm\":\"Cocktail 10 l\u00E9gumes\",\"nme\":\"10 Vegetable Cocktail\",\"attr\":\"\",\"sku\":\"13387\",\"l2\":\"Jus et boisson\",\"sl\":\"cocktail-10-legumes-13387\",\"sn\":\"\",\"idxP\":0},{\"mq\":\"Fruit\u00E9\",\"nm\":\"Boisson p\u00EAche\",\"nme\":\"Peach Beverage\",\"attr\":\"\",\"sku\":\"13389\",\"l2\":\"Jus et boisson\",\"sl\":\"boisson-peche-13389\",\"sn\":\"\",\"idxP\":0},{\"mq\":\"Oasis\",\"nm\":\"Jus m\u00E9lange ananas\",\"nme\":\"Pineapple Juice Blend\",\"attr\":\"\",\"sku\":\"13394\",\"l2\":\"Jus et boisson\",\"sl\":\"jus-melange-ananas-13394\",\"sn\":\"apples, ananas\",\"idxP\":0},{\"mq\":\"Fruit\u00E9\",\"nm\":\"Boisson punch fruits\",\"nme\":\"Fruit Punch Beverage\",\"attr\":\"\",\"sku\":\"13395\",\"l2\":\"Jus et boisson\",\"sl\":\"boisson-punch-fruits-13395\",\"sn\":\"\",\"idxP\":0},{\"mq\":\"Fruit\u00E9\",\"nm\":\"Boisson limonade\",\"nme\":\"Lemonade Beverage\",\"attr\":\"\",\"sku\":\"13397\",\"l2\":\"Jus et boisson\",\"sl\":\"boisson-limonade-13397\",\"sn\":\"\",\"idxP\":0},{\"mq\":\"Fruit\u00E9\",\"nm\":\"Boisson raisin\",\"nme\":\"Grape Beverage\",\"attr\":\"\",\"sku\":\"13398\",\"l2\":\"Jus et boisson\",\"sl\":\"boisson-raisin-13398\",\"sn\":\"raisins\",\"idxP\":0},{\"mq\":\"Stoney Creek\",\"nm\":\"Jus de tomate\",\"nme\":\"Tomato Juice\",\"attr\":\"\",\"sku\":\"13546\",\"l2\":\"Jus et boisson\",\"sl\":\"jus-de-tomate-13546\",\"sn\":\"tomates\",\"idxP\":0},{\"mq\":\"Banquet\",\"nm\":\"Jus de tomate\",\"nme\":\"Tomato Juice\",\"attr\":\"\",\"sku\":\"13548\",\"l2\":\"Jus et boisson\",\"sl\":\"jus-de-tomate-13548\",\"sn\":\"tomates\",\"idxP\":0},{\"mq\":\"Caf\u00E9 William\",\"nm\":\"Caf\u00E9 grain espresso Sumatra\",\"nme\":\"Sumatra Espresso Coffee Beans\",\"attr\":\"\",\"sku\":\"13659\",\"l2\":\"Caf\u00E9, th\u00E9 et chocolat\",\"sl\":\"cafe-grain-espresso-sumatra-13659\",\"sn\":\"\",\"idxP\":0},{\"mq\":\"Caf\u00E9 William\",\"nm\":\"Caf\u00E9 grain espresso Colombie\",\"nme\":\"Colombia Espresso Coffee Beans\",\"attr\":\"\",\"sku\":\"13664\",\"l2\":\"Caf\u00E9, th\u00E9 et chocolat\",\"sl\":\"cafe-grain-espresso-colombie-13664\",\"sn\":\"\",\"idxP\":0},{\"mq\":\"Naya\",\"nm\":\"Eau de source naturelle\",\"nme\":\"Spring Water\",\"attr\":\"\",\"sku\":\"13735\",\"l2\":\"Eau\",\"sl\":\"eau-de-source-naturelle-13735\",\"sn\":\"\",\"idxP\":0},{\"mq\":\"Red Stripe\",\"nm\":\"Bi\u00E8re Red Stripe\",\"nme\":\"Red Stripe Beer\",\"attr\":\"\",\"sku\":\"14392\",\"l2\":\"Vin et bi\u00E8re\",\"sl\":\"biere-red-stripe-14392\",\"sn\":\"\",\"idxP\":0},{\"mq\":\"Mejicano\",\"nm\":\"Tortilla r\u00E9gulier 12\\\"\",\"nme\":\"Regular Tortilla 12\\\"\",\"attr\":\"Produit local\",\"sku\":\"06128\",\"l2\":\"Tortilla et pain pita\",\"sl\":\"tortilla-regulier-12-mejicano-06128\",\"sn\":\"\",\"idxP\":78},{\"mq\":\"Pom\",\"nm\":\"Pains \u00E0 hamburger g\u00E9ants au s\u00E9same\",\"nme\":\"Sesame Jumbo Hamburger Buns\",\"attr\":\"\",\"sku\":\"32333\",\"l2\":\"Petit pain\",\"sl\":\"pains-a-hamburger-geants-au-sesame-pom-32333\",\"sn\":\"\",\"idxP\":80},{\"mq\":\"Cantor\",\"nm\":\"Croissants jumbo\",\"nme\":\"Jumbo Croissants\",\"attr\":\"\",\"sku\":\"41889\",\"l2\":\"Viennoiserie et gaufre\",\"sl\":\"croissants-jumbo-cantor-41889\",\"sn\":\"croissants\",\"idxP\":71},{\"mq\":\"St-Methode\",\"nm\":\"Pain grand-p\u00E8re \u00E0 l'avoine\",\"nme\":\"Grand-Father Oat Bread\",\"attr\":\"Produit local\",\"sku\":\"31106\",\"l2\":\"Pain tranch\u00E9\",\"sl\":\"pain-grand-pere-a-lavoine-st-methode-31106\",\"sn\":\"\",\"idxP\":68},{\"mq\":\"St-Methode\",\"nm\":\"Pain style grand-m\u00E8re\",\"nme\":\"Home Style Bread\",\"attr\":\"Produit local\",\"sku\":\"31050\",\"l2\":\"Pain tranch\u00E9\",\"sl\":\"pain-style-grand-mere-st-methode-31050\",\"sn\":\"\",\"idxP\":71},{\"mq\":\"Petite Bretonne\",\"nm\":\"Madeleines\",\"nme\":\"Madeleines Tea Cakes\",\"attr\":\"Produit local\",\"sku\":\"29889\",\"l2\":\"Viennoiserie et gaufre\",\"sl\":\"madeleines-petite-bretonne-29889\",\"sn\":\"\",\"idxP\":88},{\"mq\":\"Petite Bretonne\",\"nm\":\"Micro croissants\",\"nme\":\"Micro Croissants\",\"attr\":\"Produit local\",\"sku\":\"29890\",\"l2\":\"Viennoiserie et gaufre\",\"sl\":\"micro-croissants-petite-bretonne-29890\",\"sn\":\"croissants\",\"idxP\":74},{\"mq\":\"Mejicano\",\"nm\":\"Tortilla \u00E0 l'huile d'olive 10\\\"\",\"nme\":\"Olive Oil Tortilla 10\\\"\",\"attr\":\"Produit local\",\"sku\":\"05248\",\"l2\":\"Tortilla et pain pita\",\"sl\":\"tortilla-a-lhuile-dolive-10-mejicano-05248\",\"sn\":\"\",\"idxP\":38},{\"mq\":\"Mejicano\",\"nm\":\"Tortilla tomate et basilic 12\\\"\",\"nme\":\"Tomato and Basil Tortilla 12\\\"\",\"attr\":\"Produit local\",\"sku\":\"06138\",\"l2\":\"Tortilla et pain pita\",\"sl\":\"tortilla-tomate-et-basilic-12-mejicano-06138\",\"sn\":\"tomates\",\"idxP\":23},{\"mq\":\"St-Viateur\",\"nm\":\"Bagels au s\u00E9same\",\"nme\":\"Sesame Bagels\",\"attr\":\"Produit local\",\"sku\":\"24482\",\"l2\":\"Bagel\",\"sl\":\"bagels-au-sesame-st-viateur-24482\",\"sn\":\"\",\"idxP\":100},{\"mq\":\"Petite Bretonne\",\"nm\":\"Chocolatines\",\"nme\":\"Chocolate Croissants\",\"attr\":\"\",\"sku\":\"31006\",\"l2\":\"Viennoiserie et gaufre\",\"sl\":\"chocolatines-petite-bretonne-31006\",\"sn\":\"croissants\",\"idxP\":67},{\"mq\":\"Mejicano\",\"nm\":\"Tortillas tomate et basilic 10\\\"\",\"nme\":\"Tomato and Basil Tortillas\",\"attr\":\"Produit local\",\"sku\":\"12759\",\"l2\":\"Tortilla et pain pita\",\"sl\":\"tortillas-tomate-et-basilic-10-mejicano-12759\",\"sn\":\"tomates\",\"idxP\":32},{\"mq\":\"Mejicano\",\"nm\":\"Tortilla salsa 12\\\"\",\"nme\":\"Salsa Tortilla 12\\\"\",\"attr\":\"Produit local\",\"sku\":\"06133\",\"l2\":\"Tortilla et pain pita\",\"sl\":\"tortilla-salsa-12-mejicano-06133\",\"sn\":\"\",\"idxP\":25},{\"mq\":\"St-Methode\",\"nm\":\"Pain italien 9 grains\",\"nme\":\"9 Grain Italian Bread\",\"attr\":\"Produit local\",\"sku\":\"31035\",\"l2\":\"Pain tranch\u00E9\",\"sl\":\"pain-italien-9-grains-st-methode-31035\",\"sn\":\"\",\"idxP\":46},{\"mq\":\"Sunmaid\",\"nm\":\"Pain au raisin marbr\u00E9 \u00E0 la cannelle\",\"nme\":\"Cinnamon Swirl Raisin Bread\",\"attr\":\"\",\"sku\":\"33072\",\"l2\":\"Pain tranch\u00E9\",\"sl\":\"pain-au-raisin-marbre-a-la-cannelle-sunmaid-33072\",\"sn\":\"raisins\",\"idxP\":61},{\"mq\":\"Mejicano\",\"nm\":\"Tortilla 7\\\"\",\"nme\":\"Tortilla 7\\\"\",\"attr\":\"Produit local\",\"sku\":\"35170\",\"l2\":\"Tortilla et pain pita\",\"sl\":\"tortilla-7-mejicano-35170\",\"sn\":\"\",\"idxP\":78},{\"mq\":\"Pom\",\"nm\":\"Pain hot-dog\",\"nme\":\"Hot-Dog Buns\",\"attr\":\"\",\"sku\":\"10158\",\"l2\":\"Petit pain\",\"sl\":\"pain-hot-dog-pom-10158\",\"sn\":\"\",\"idxP\":45},{\"mq\":\"Sani\",\"nm\":\"Pain \u00E0 sandwich mince multigrain\",\"nme\":\"Multigrain Thin Sandwich Bread\",\"attr\":\"\",\"sku\":\"33789\",\"l2\":\"Petit pain\",\"sl\":\"pain-a-sandwich-mince-multigrain-sani-33789\",\"sn\":\"\",\"idxP\":78},{\"mq\":\"Mejicano\",\"nm\":\"Tortilla au ma\u00EFs 4,5\\\"\",\"nme\":\"Corn Tortilla 4.5\\\"\",\"attr\":\"Produit local\",\"sku\":\"37010\",\"l2\":\"Tortilla et pain pita\",\"sl\":\"tortilla-au-mais-45-mejicano-37010\",\"sn\":\"\",\"idxP\":24},{\"mq\":\"Mejicano\",\"nm\":\"Tortilla au bl\u00E9 entier 10\\\"\",\"nme\":\"Whole Wheat Tortilla 10\\\"\",\"attr\":\"Produit local\",\"sku\":\"45664\",\"l2\":\"Tortilla et pain pita\",\"sl\":\"tortilla-au-ble-entier-10-mejicano-45664\",\"sn\":\"\",\"idxP\":59},{\"mq\":\"Mejicano\",\"nm\":\"Tortilla de bl\u00E9 7\\\"\",\"nme\":\"Tortilla 7\\\"\",\"attr\":\"Produit local\",\"sku\":\"35171\",\"l2\":\"Tortilla et pain pita\",\"sl\":\"tortilla-de-ble-7-mejicano-35171\",\"sn\":\"\",\"idxP\":28},{\"mq\":\"Petite Bretonne\",\"nm\":\"Mini chocolatines\",\"nme\":\"Mini Chocolatine Croissants\",\"attr\":\"Produit local\",\"sku\":\"46307\",\"l2\":\"Viennoiserie et gaufre\",\"sl\":\"mini-chocolatines-petite-bretonne-46307\",\"sn\":\"croissants\",\"idxP\":82},{\"mq\":\"Mejicano\",\"nm\":\"Tortilla bl\u00E9 entier 12\\\"\",\"nme\":\"Wheat Tortilla 12\\\"\",\"attr\":\"Produit local\",\"sku\":\"06131\",\"l2\":\"Tortilla et pain pita\",\"sl\":\"tortilla-ble-entier-12-mejicano-06131\",\"sn\":\"\",\"idxP\":34},{\"mq\":\"St-Methode\",\"nm\":\"Pain miche 100% grains entiers\",\"nme\":\"100% whole grain loaf bread\",\"attr\":\"Produit local\",\"sku\":\"31038\",\"l2\":\"Pain tranch\u00E9\",\"sl\":\"pain-miche-100-grains-entiers-st-methode-31038\",\"sn\":\"\",\"idxP\":61},{\"mq\":\"Mejicano\",\"nm\":\"Tortilla salsa 10\\\"\",\"nme\":\"Salsa Tortilla 10\\\"\",\"attr\":\"Produit local\",\"sku\":\"37015\",\"l2\":\"Tortilla et pain pita\",\"sl\":\"tortilla-salsa-10-mejicano-37015\",\"sn\":\"\",\"idxP\":22},{\"mq\":\"Mejicano\",\"nm\":\"Tortilla au pesto 10\\\"\",\"nme\":\"Pesto Tortilla 10\\\"\",\"attr\":\"Produit local\",\"sku\":\"45665\",\"l2\":\"Tortilla et pain pita\",\"sl\":\"tortilla-au-pesto-10-mejicano-45665\",\"sn\":\"\",\"idxP\":50},{\"mq\":\"St-Methode\",\"nm\":\"Pain miche allong\u00E9e aux grains entiers\",\"nme\":\"Whole Grain Leaf Bread\",\"attr\":\"Produit local\",\"sku\":\"31107\",\"l2\":\"Pain tranch\u00E9\",\"sl\":\"pain-miche-allongee-aux-grains-entiers-st-methode-31107\",\"sn\":\"\",\"idxP\":67},{\"mq\":\"St-Donat\",\"nm\":\"Tarte aux pacanes\",\"nme\":\"Pecan Pie\",\"attr\":\"\",\"sku\":\"10117\",\"l2\":\"G\u00E2teau\",\"sl\":\"tarte-aux-pacanes-st-donat-10117\",\"sn\":\"\",\"idxP\":61},{\"mq\":\"Mejicano\",\"nm\":\"Tortilla r\u00E9gulier 10\\\"\",\"nme\":\"Tortilla 10\\\"\",\"attr\":\"Produit local\",\"sku\":\"45667\",\"l2\":\"Tortilla et pain pita\",\"sl\":\"tortilla-regulier-10-mejicano-45667\",\"sn\":\"\",\"idxP\":93},{\"mq\":\"St-Donat\",\"nm\":\"Tourbillons de sucre \u00E0 la cr\u00E8me\",\"nme\":\"Creamy Fudge Swirls\",\"attr\":\"\",\"sku\":\"10150\",\"l2\":\"G\u00E2teau\",\"sl\":\"tourbillons-de-sucre-a-la-creme-st-donat-10150\",\"sn\":\"\",\"idxP\":33},{\"mq\":\"St-Donat\",\"nm\":\"Tarte aux pommes et sucre \u00E0 la cr\u00E8me\",\"nme\":\"Apple Fudge Pie\",\"attr\":\"\",\"sku\":\"10146\",\"l2\":\"G\u00E2teau\",\"sl\":\"tarte-aux-pommes-et-sucre-a-la-creme-st-donat-10146\",\"sn\":\"apples, pommes\",\"idxP\":28},{\"mq\":\"St-Donat\",\"nm\":\"Tarte au sucre \u00E0 la cr\u00E8me\",\"nme\":\"Creamy Fudge Pie\",\"attr\":\"\",\"sku\":\"10114\",\"l2\":\"G\u00E2teau\",\"sl\":\"tarte-au-sucre-a-la-creme-st-donat-10114\",\"sn\":\"\",\"idxP\":30},{\"mq\":\"St-Hubert\",\"nm\":\"Vol-au-vent\",\"nme\":\"St Hubert Pastry Shells\",\"attr\":\"Aliment du Qu\u00E9bec, Produit local\",\"sku\":\"28379\",\"l2\":\"Pr\u00EAt \u00E0 garnir\",\"sl\":\"vol-au-vent-st-hubert-28379\",\"sn\":\"\",\"idxP\":96},{\"mq\":\"St-Donat\",\"nm\":\"Tarte aux pommes\",\"nme\":\"Apple Pie\",\"attr\":\"\",\"sku\":\"29149\",\"l2\":\"G\u00E2teau\",\"sl\":\"tarte-aux-pommes-st-donat-29149\",\"sn\":\"apples, pommes\",\"idxP\":41},{\"mq\":\"St-Donat\",\"nm\":\"Croustade de pommes\",\"nme\":\"Apple Crumble\",\"attr\":\"\",\"sku\":\"29146\",\"l2\":\"G\u00E2teau\",\"sl\":\"croustade-de-pommes-st-donat-29146\",\"sn\":\"apples, pommes\",\"idxP\":28},{\"mq\":\"St-Donat\",\"nm\":\"Tarte \u00E0 la rhubarbe et \u00E0 la fraise\",\"nme\":\"Rhubarb and Strawberry Pie\",\"attr\":\"\",\"sku\":\"29148\",\"l2\":\"G\u00E2teau\",\"sl\":\"tarte-a-la-rhubarbe-et-a-la-fraise-st-donat-29148\",\"sn\":\"fraises\",\"idxP\":19},{\"mq\":\"Bridor\",\"nm\":\"Danoise amandine cuit\",\"nme\":\"Cooked almond danish\",\"attr\":\"\",\"sku\":\"58326\",\"l2\":\"Viennoiserie et gaufre\",\"sl\":\"danoise-amandine-cuit-bridor-58326\",\"sn\":\"croissants, amandes\",\"idxP\":70},{\"mq\":\"Bridor\",\"nm\":\"Chocolatine au beurre cuit\",\"nme\":\"Butter Chocolate Croissant\",\"attr\":\"\",\"sku\":\"29157\",\"l2\":\"Viennoiserie et gaufre\",\"sl\":\"chocolatine-au-beurre-cuit-bridor-29157\",\"sn\":\"\",\"idxP\":72},{\"mq\":\"Arz\",\"nm\":\"Pain pita blanc 8.5\\\"\",\"nme\":\"White Pita Bread 8.5\\\"\",\"attr\":\"\",\"sku\":\"29642\",\"l2\":\"Tortilla et pain pita\",\"sl\":\"pain-pita-blanc-8.5-arz-29642\",\"sn\":\"\",\"idxP\":65},{\"mq\":\"Aladdin\",\"nm\":\"Mini pain pita blanc 2.5\\\"\",\"nme\":\"White Mini Pita Bread 2.5\\\"\",\"attr\":\"\",\"sku\":\"29640\",\"l2\":\"Tortilla et pain pita\",\"sl\":\"mini-pain-pita-blanc-2.5-aladdin-29640\",\"sn\":\"\",\"idxP\":37},{\"mq\":\"Arz\",\"nm\":\"Pain pita blanc 7\\\"\",\"nme\":\"White Pita Bread 7\\\"\",\"attr\":\"\",\"sku\":\"29644\",\"l2\":\"Tortilla et pain pita\",\"sl\":\"pain-pita-blanc-7-arz-29644\",\"sn\":\"\",\"idxP\":53},{\"mq\":\"Arz\",\"nm\":\"Pain pita blanc 12\\\"\",\"nme\":\"White Pita Bread 12\\\"\",\"attr\":\"\",\"sku\":\"29638\",\"l2\":\"Tortilla et pain pita\",\"sl\":\"pain-pita-blanc-12-arz-29638\",\"sn\":\"\",\"idxP\":46},{\"mq\":\"Aladdin\",\"nm\":\"Pain pita de bl\u00E9 8.5\\\"\",\"nme\":\"Whole Wheat Pita Bread 8.5\\\"\",\"attr\":\"\",\"sku\":\"29641\",\"l2\":\"Tortilla et pain pita\",\"sl\":\"pain-pita-de-ble-8.5-aladdin-29641\",\"sn\":\"\",\"idxP\":46},{\"mq\":\"Athens\",\"nm\":\"Coquilles Feuillet\u00E9es\",\"nme\":\"Shells fillo\",\"attr\":\"\",\"sku\":\"00705\",\"l2\":\"Pr\u00EAt \u00E0 garnir\",\"sl\":\"coquilles-feuilletees-athens-00705\",\"sn\":\"\",\"idxP\":87},{\"mq\":\"Pom\",\"nm\":\"Tortillas au bl\u00E9 7''\",\"nme\":\"Wholewheat tortillas 7''\",\"attr\":\"\",\"sku\":\"31583\",\"l2\":\"Tortilla et pain pita\",\"sl\":\"tortillas-au-ble-7-pom-31583\",\"sn\":\"\",\"idxP\":13},{\"mq\":\"Pom\",\"nm\":\"Tortillas blanc 10\\\"\",\"nme\":\"White tortillas 10\\\"\",\"attr\":\"\",\"sku\":\"31585\",\"l2\":\"Tortilla et pain pita\",\"sl\":\"tortillas-blanc-10-pom-31585\",\"sn\":\"\",\"idxP\":84},{\"mq\":\"Pom\",\"nm\":\"Tortillas blanc 7''\",\"nme\":\"White tortillas 7''\",\"attr\":\"\",\"sku\":\"31584\",\"l2\":\"Tortilla et pain pita\",\"sl\":\"tortillas-blanc-7-pom-31584\",\"sn\":\"\",\"idxP\":71},{\"mq\":\"Pom\",\"nm\":\"Pains hot dog vapeur s\u00E9same 7''\",\"nme\":\"Steamed sesame hot dog bread 7''\",\"attr\":\"Aliment du Qu\u00E9bec, Produit local\",\"sku\":\"31582\",\"l2\":\"Petit pain\",\"sl\":\"pains-hot-dog-vapeur-sesame-7-pom-31582\",\"sn\":\"\",\"idxP\":68},{\"nm\":\"Panini 6.75\\\"\",\"nme\":\"Panini 6.75\\\"\",\"attr\":\"\",\"sku\":\"58343\",\"l2\":\"Petit pain\",\"sl\":\"panini-6.75-58343\",\"sn\":\"\",\"idxP\":46},{\"mq\":\"Pom\",\"nm\":\"Petits pains panini\",\"nme\":\"Panini Rolls\",\"attr\":\"\",\"sku\":\"33360\",\"l2\":\"Petit pain\",\"sl\":\"petits-pains-panini-pom-33360\",\"sn\":\"\",\"idxP\":73},{\"nm\":\"Panini 6.75\\\"\",\"nme\":\"Panini 6.75\\\"\",\"attr\":\"\",\"sku\":\"58344\",\"l2\":\"Petit pain\",\"sl\":\"panini-6.75-58344\",\"sn\":\"\",\"idxP\":50},{\"mq\":\"Villagio\",\"nm\":\"Pain blanc Artesano\",\"nme\":\"Artesano white bread\",\"attr\":\"\",\"sku\":\"35534\",\"l2\":\"Pain tranch\u00E9\",\"sl\":\"pain-blanc-artesano-villagio-35534\",\"sn\":\"\",\"idxP\":10},{\"mq\":\"La Fourn\u00E9e Dor\u00E9e\",\"nm\":\"Pains hamburger brioch\u00E9s 4un\",\"nme\":\"Brioche burger buns 4un\",\"attr\":\"\",\"sku\":\"38704\",\"l2\":\"Petit pain\",\"sl\":\"pains-hamburger-brioches-4un-la-fournee-doree-38704\",\"sn\":\"\",\"idxP\":76},{\"mq\":\"La Fourn\u00E9e Dor\u00E9e\",\"nm\":\"Pains hot-dog brioch\u00E9s 8un\",\"nme\":\"Brioche hot dog rolls 8un\",\"attr\":\"\",\"sku\":\"38619\",\"l2\":\"Petit pain\",\"sl\":\"pains-hot-dog-brioches-8un-la-fournee-doree-38619\",\"sn\":\"\",\"idxP\":49},{\"mq\":\"La Fourn\u00E9e Dor\u00E9e\",\"nm\":\"Pain brioche en tranche\",\"nme\":\"Sliced brioche\",\"attr\":\"\",\"sku\":\"38594\",\"l2\":\"Petit pain\",\"sl\":\"pain-brioche-en-tranche-la-fournee-doree-38594\",\"sn\":\"\",\"idxP\":45},{\"mq\":\"La Fourn\u00E9e Dor\u00E9e\",\"nm\":\"Mini brioches 12un\",\"nme\":\"Mini brioches 12un\",\"attr\":\"\",\"sku\":\"38600\",\"l2\":\"Viennoiserie et gaufre\",\"sl\":\"mini-brioches-12un-la-fournee-doree-38600\",\"sn\":\"\",\"idxP\":52},{\"mq\":\"La Fourn\u00E9e Dor\u00E9e\",\"nm\":\"Pains hamburger brioch\u00E9s 6un\",\"nme\":\"Brioche burger buns 6un\",\"attr\":\"\",\"sku\":\"38651\",\"l2\":\"Petit pain\",\"sl\":\"pains-hamburger-brioches-6un-la-fournee-doree-38651\",\"sn\":\"\",\"idxP\":76},{\"mq\":\"Martin's\",\"nm\":\"Pain hamburger aux pommes de terre\",\"nme\":\"Slider potato rolls\",\"attr\":\"\",\"sku\":\"40256\",\"l2\":\"Petit pain\",\"sl\":\"pain-hamburger-aux-pommes-de-terre-martins-40256\",\"sn\":\"pommes\",\"idxP\":98},{\"mq\":\"La Fourn\u00E9e Dor\u00E9e\",\"nm\":\"Pains hamburger s\u00E9same brioch\u00E9s 4un\",\"nme\":\"Brioche burger buns sesame 4un\",\"attr\":\"\",\"sku\":\"38650\",\"l2\":\"Petit pain\",\"sl\":\"pains-hamburger-sesame-brioches-4un-la-fournee-doree-38650\",\"sn\":\"\",\"idxP\":75},{\"mq\":\"Maison Isabelle\",\"nm\":\"G\u00E2teau duo moelleux dor\u00E9-marbr\u00E9\",\"nme\":\"Duo loaf cake  Marble-golden\",\"attr\":\"\",\"sku\":\"01251\",\"l2\":\"G\u00E2teau\",\"sl\":\"gateau-duo-moelleux-dore-marbre-maison-isabelle-01251\",\"sn\":\"\",\"idxP\":50},{\"mq\":\"Maison Isabelle\",\"nm\":\"G\u00E2teau citron tranch\u00E9\",\"nme\":\"Sliced Lemon loaf cake\",\"attr\":\"\",\"sku\":\"01254\",\"l2\":\"G\u00E2teau\",\"sl\":\"gateau-citron-tranche-maison-isabelle-01254\",\"sn\":\"citrons\",\"idxP\":38},{\"mq\":\"Maison Isabelle\",\"nm\":\"G\u00E2teau marbr\u00E9 tranch\u00E9\",\"nme\":\"Sliced Marble loaf cake\",\"attr\":\"\",\"sku\":\"01253\",\"l2\":\"G\u00E2teau\",\"sl\":\"gateau-marbre-tranche-maison-isabelle-01253\",\"sn\":\"\",\"idxP\":35},{\"mq\":\"Maison Isabelle\",\"nm\":\"G\u00E2teau framboise tranch\u00E9\",\"nme\":\"Sliced raspberry  loaf cake\",\"attr\":\"\",\"sku\":\"01252\",\"l2\":\"G\u00E2teau\",\"sl\":\"gateau-framboise-tranche-maison-isabelle-01252\",\"sn\":\"framboises\",\"idxP\":41},{\"mq\":\"Pom\",\"nm\":\"Tortillas bl\u00E9 entier 10\\\"\",\"nme\":\"Whole wheat ltortillas 10\\\"\",\"attr\":\"\",\"sku\":\"47408\",\"l2\":\"Tortilla et pain pita\",\"sl\":\"tortillas-ble-entier-10-pom-47408\",\"sn\":\"\",\"idxP\":12},{\"mq\":\"Pom\",\"nm\":\"Pains hamburger s\u00E9same signature\",\"nme\":\"Signature sesame hamburger buns\",\"attr\":\"Aliment du Qu\u00E9bec, Produit local\",\"sku\":\"01656\",\"l2\":\"Petit pain\",\"sl\":\"pains-hamburger-sesame-signature-pom-01656\",\"sn\":\"\",\"idxP\":80},{\"mq\":\"Pom\",\"nm\":\"Bagels tout garni\",\"nme\":\"All Dressed Bagels\",\"attr\":\"\",\"sku\":\"01862\",\"l2\":\"Bagel\",\"sl\":\"bagels-tout-garni-pom-01862\",\"sn\":\"\",\"idxP\":26},{\"mq\":\"Pom\",\"nm\":\"Bagels cannelle et raisins\",\"nme\":\"Cinnamon Raisin Bagels\",\"attr\":\"\",\"sku\":\"01863\",\"l2\":\"Bagel\",\"sl\":\"bagels-cannelle-et-raisins-pom-01863\",\"sn\":\"raisins\",\"idxP\":7},{\"mq\":\"Bon Matin\",\"nm\":\"Pain multigrain\",\"nme\":\"Multigrain bread\",\"attr\":\"\",\"sku\":\"01856\",\"l2\":\"Pain tranch\u00E9\",\"sl\":\"pain-multigrain-bon-matin-01856\",\"sn\":\"\",\"idxP\":28},{\"mq\":\"Pom\",\"nm\":\"Bagels au s\u00E9same\",\"nme\":\"Sesame Bagels\",\"attr\":\"\",\"sku\":\"01861\",\"l2\":\"Bagel\",\"sl\":\"bagels-au-sesame-pom-01861\",\"sn\":\"\",\"idxP\":42},{\"mq\":\"Pom\",\"nm\":\"Bagels 12 c\u00E9r\u00E9ales\",\"nme\":\"12 grain bagels\",\"attr\":\"\",\"sku\":\"01867\",\"l2\":\"Bagel\",\"sl\":\"bagels-12-cereales-pom-01867\",\"sn\":\"\",\"idxP\":8},{\"mq\":\"Pom\",\"nm\":\"Pains hamburger brioch\u00E9 signature\",\"nme\":\"Signature Brioche Burger Buns\",\"attr\":\"\",\"sku\":\"01873\",\"l2\":\"Petit pain\",\"sl\":\"pains-hamburger-brioche-signature-pom-01873\",\"sn\":\"\",\"idxP\":86},{\"mq\":\"Bon Matin\",\"nm\":\"Pain sans sucre sans gras 100% bl\u00E9\",\"nme\":\"100% wheat fat free sugar free bread\",\"attr\":\"\",\"sku\":\"01857\",\"l2\":\"Pain tranch\u00E9\",\"sl\":\"pain-sans-sucre-sans-gras-100-ble-bon-matin-01857\",\"sn\":\"\",\"idxP\":25},{\"mq\":\"Novali\",\"nm\":\"Muffin double chocolat\",\"nme\":\"Double Chocolate Muffin\",\"attr\":\"\",\"sku\":\"01824\",\"l2\":\"Muffin\",\"sl\":\"muffin-double-chocolat-novali-01824\",\"sn\":\"\",\"idxP\":42},{\"mq\":\"Pom\",\"nm\":\"Muffin anglais nature\",\"nme\":\"English Muffin\",\"attr\":\"\",\"sku\":\"01869\",\"l2\":\"Muffin\",\"sl\":\"muffin-anglais-nature-pom-01869\",\"sn\":\"\",\"idxP\":73},{\"mq\":\"Bon Matin\",\"nm\":\"Pain sans sucre sans gras prot\u00E9ine\",\"nme\":\"Fat free sugar free protein bread\",\"attr\":\"\",\"sku\":\"01858\",\"l2\":\"Pain tranch\u00E9\",\"sl\":\"pain-sans-sucre-sans-gras-proteine-bon-matin-01858\",\"sn\":\"\",\"idxP\":51},{\"mq\":\"Pom\",\"nm\":\"Bagels nature\",\"nme\":\"Plain Bagels\",\"attr\":\"\",\"sku\":\"01864\",\"l2\":\"Bagel\",\"sl\":\"bagels-nature-pom-01864\",\"sn\":\"\",\"idxP\":34},{\"mq\":\"Bon Matin\",\"nm\":\"Pain belge 12 c\u00E9r\u00E9ales\",\"nme\":\"Belgian bread 12 cereals\",\"attr\":\"\",\"sku\":\"01859\",\"l2\":\"Pain tranch\u00E9\",\"sl\":\"pain-belge-12-cereales-bon-matin-01859\",\"sn\":\"\",\"idxP\":83},{\"mq\":\"Bon Matin\",\"nm\":\"Pain grains rustiques\",\"nme\":\"Rustic grain bread\",\"attr\":\"\",\"sku\":\"01860\",\"l2\":\"Pain tranch\u00E9\",\"sl\":\"pain-grains-rustiques-bon-matin-01860\",\"sn\":\"\",\"idxP\":24},{\"mq\":\"English Bay\",\"nm\":\"Biscuit \u00E0 la m\u00E9lasse\",\"nme\":\"Molasses Cookie\",\"attr\":\"\",\"sku\":\"17768\",\"l2\":\"Cookie\",\"sl\":\"biscuit-a-la-melasse-english-bay-17768\",\"sn\":\"\",\"idxP\":14},{\"mq\":\"Novali\",\"nm\":\"Muffin framboises & yogourt\",\"nme\":\"Raspberries & Yogurt Muffin\",\"attr\":\"\",\"sku\":\"02062\",\"l2\":\"Muffin\",\"sl\":\"muffin-framboises-yogourt-novali-02062\",\"sn\":\"framboises\",\"idxP\":21},{\"mq\":\"Novali\",\"nm\":\"Muffin aux carottes\",\"nme\":\"Carrtos muffin\",\"attr\":\"\",\"sku\":\"02066\",\"l2\":\"Muffin\",\"sl\":\"muffin-aux-carottes-novali-02066\",\"sn\":\"carottes\",\"idxP\":24},{\"mq\":\"Novali\",\"nm\":\"Muffin aux bleuets\",\"nme\":\"Blueberry muffin\",\"attr\":\"\",\"sku\":\"02065\",\"l2\":\"Muffin\",\"sl\":\"muffin-aux-bleuets-novali-02065\",\"sn\":\"\",\"idxP\":37},{\"mq\":\"Novali\",\"nm\":\"Muffin son et fruits\",\"nme\":\"Bran and fruit muffin\",\"attr\":\"\",\"sku\":\"02061\",\"l2\":\"Muffin\",\"sl\":\"muffin-son-et-fruits-novali-02061\",\"sn\":\"\",\"idxP\":23},{\"mq\":\"Novali\",\"nm\":\"Muffin banane et chocolat\",\"nme\":\"Chocolate & Banana Muffin\",\"attr\":\"\",\"sku\":\"02064\",\"l2\":\"Muffin\",\"sl\":\"muffin-banane-et-chocolat-novali-02064\",\"sn\":\"ananas, bananes\",\"idxP\":39},{\"mq\":\"Novali\",\"nm\":\"Muffin orange et canneberges\",\"nme\":\"Orange & Cranberries Muffin\",\"attr\":\"\",\"sku\":\"02069\",\"l2\":\"Muffin\",\"sl\":\"muffin-orange-et-canneberges-novali-02069\",\"sn\":\"\",\"idxP\":41},{\"mq\":\"Bon Matin\",\"nm\":\"Pain de seigle\",\"nme\":\"Rye bread\",\"attr\":\"\",\"sku\":\"02140\",\"l2\":\"Pain tranch\u00E9\",\"sl\":\"pain-de-seigle-bon-matin-02140\",\"sn\":\"\",\"idxP\":100},{\"mq\":\"Pom\",\"nm\":\"Pain m\u00E9nage bl\u00E9\",\"nme\":\"Menage wheat bread\",\"attr\":\"\",\"sku\":\"02681\",\"l2\":\"Pain tranch\u00E9\",\"sl\":\"pain-menage-ble-pom-02681\",\"sn\":\"\",\"idxP\":11},{\"mq\":\"Pom\",\"nm\":\"Pain m\u00E9nage blanc\",\"nme\":\"Menage white bread\",\"attr\":\"\",\"sku\":\"02680\",\"l2\":\"Pain tranch\u00E9\",\"sl\":\"pain-menage-blanc-pom-02680\",\"sn\":\"\",\"idxP\":66},{\"mq\":\"English Bay\",\"nm\":\"Biscuit double chocolat\",\"nme\":\"Double Chocolate Dough Cookies\",\"attr\":\"\",\"sku\":\"25858\",\"l2\":\"Cookie\",\"sl\":\"biscuit-double-chocolat-english-bay-25858\",\"sn\":\"\",\"idxP\":42},{\"mq\":\"English Bay\",\"nm\":\"Biscuit au brisure de chocolat\",\"nme\":\"Chocolate Chips Dough Cookies\",\"attr\":\"\",\"sku\":\"25861\",\"l2\":\"Cookie\",\"sl\":\"biscuit-au-brisure-de-chocolat-english-bay-25861\",\"sn\":\"\",\"idxP\":41},{\"mq\":\"English Bay\",\"nm\":\"Biscuit caramel sal\u00E9 et chocolat\",\"nme\":\"Chocolate and Salted Caramel Dough Cookies\",\"attr\":\"\",\"sku\":\"23127\",\"l2\":\"Cookie\",\"sl\":\"biscuit-caramel-sale-et-chocolat-english-bay-23127\",\"sn\":\"\",\"idxP\":50},{\"mq\":\"English Bay\",\"nm\":\"Biscuit au beurre d'arachide\",\"nme\":\"Peanut Butter Dough Cookie\",\"attr\":\"\",\"sku\":\"44272\",\"l2\":\"Cookie\",\"sl\":\"biscuit-au-beurre-darachide-english-bay-44272\",\"sn\":\"\",\"idxP\":31},{\"mq\":\"Pom\",\"nm\":\"Pain blanc sans gras ni sucre ajout\u00E9 nature +\",\"nme\":\"Nature + No Fat Or Sugar Added White Bread\",\"attr\":\"\",\"sku\":\"02711\",\"l2\":\"Pain tranch\u00E9\",\"sl\":\"pain-blanc-sans-gras-ni-sucre-ajoute-nature-pom-02711\",\"sn\":\"\",\"idxP\":46},{\"mq\":\"Pom\",\"nm\":\"Pain sous-marin ultra-moelleux\",\"nme\":\"Ultra most submarine\",\"attr\":\"Aliment du Qu\u00E9bec\",\"sku\":\"03684\",\"l2\":\"Petit pain\",\"sl\":\"pain-sous-marin-ultra-moelleux-pom-03684\",\"sn\":\"\",\"idxP\":0},{\"mq\":\"Bon Matin\",\"nm\":\"Pain 14 c\u00E9r\u00E9ales\",\"nme\":\"14 grain bread\",\"attr\":\"\",\"sku\":\"31943\",\"l2\":\"Pain tranch\u00E9\",\"sl\":\"pain-14-cereales-bon-matin-31943\",\"sn\":\"\",\"idxP\":68},{\"mq\":\"St-Methode\",\"nm\":\"Le Campagnolo miche 100%  bl\u00E9 entier\",\"nme\":\"Le Campagnolo 100% whole wheat loaf\",\"attr\":\"\",\"sku\":\"11448\",\"l2\":\"Pain tranch\u00E9\",\"sl\":\"le-campagnolo-miche-100-ble-entier-st-methode-11448\",\"sn\":\"\",\"idxP\":20},{\"mq\":\"St-Methode\",\"nm\":\"Le Campagnolo miche blanche\",\"nme\":\"Le Campagnolo white loaf\",\"attr\":\"\",\"sku\":\"11449\",\"l2\":\"Pain tranch\u00E9\",\"sl\":\"le-campagnolo-miche-blanche-st-methode-11449\",\"sn\":\"\",\"idxP\":21},{\"mq\":\"St-Methode\",\"nm\":\"Le Campagnolo miche \u00E0 l'avoine et s\u00E9same\",\"nme\":\"Le Campagnolo sesame oat loaf\",\"attr\":\"\",\"sku\":\"11450\",\"l2\":\"Pain tranch\u00E9\",\"sl\":\"le-campagnolo-miche-a-lavoine-et-sesame-st-methode-11450\",\"sn\":\"\",\"idxP\":40},{\"mq\":\"Villagio\",\"nm\":\"Pains \u00E0 hamburger toscana\",\"nme\":\"Toscana Hemburger Buns\",\"attr\":\"\",\"sku\":\"11485\",\"l2\":\"Petit pain\",\"sl\":\"pains-a-hamburger-toscana-villagio-11485\",\"sn\":\"\",\"idxP\":0},{\"mq\":\"St-Methode\",\"nm\":\"Pain multi-c\u00E9r\u00E9ales\",\"nme\":\"Multi-cereal bread\",\"attr\":\"\",\"sku\":\"11452\",\"l2\":\"Pain tranch\u00E9\",\"sl\":\"pain-multi-cereales-st-methode-11452\",\"sn\":\"\",\"idxP\":35},{\"mq\":\"Pom\",\"nm\":\"Pain \u00E0 sandwich 100% bl\u00E9 entier long\",\"nme\":\"100% Whole Wheat Long Sandwich Bread\",\"attr\":\"\",\"sku\":\"11482\",\"l2\":\"Pain tranch\u00E9\",\"sl\":\"pain-a-sandwich-100-ble-entier-long-pom-11482\",\"sn\":\"\",\"idxP\":0},{\"mq\":\"Pom\",\"nm\":\"Pains hamburger blanc\",\"nme\":\"White Hamburger Buns\",\"attr\":\"\",\"sku\":\"01658\",\"l2\":\"Petit pain\",\"sl\":\"pains-hamburger-blanc-pom-01658\",\"sn\":\"\",\"idxP\":63},{\"mq\":\"Boulangerie Petit Pr\u00E9\",\"nm\":\"Galette avoine chocolat\",\"nme\":\"Oatmeal Chocolate Cookie\",\"attr\":\"\",\"sku\":\"11539\",\"l2\":\"G\u00E2teau\",\"sl\":\"galette-avoine-chocolat-boulangerie-petit-pre-11539\",\"sn\":\"\",\"idxP\":0},{\"mq\":\"Kontos\",\"nm\":\"Pain gyro pr\u00E9-huil\u00E9 7\\\"\",\"nme\":\"Pre-Oiled 7\\\" Gyro Bread\",\"attr\":\"\",\"sku\":\"11492\",\"l2\":\"Tortilla et pain pita\",\"sl\":\"pain-gyro-pre-huile-7-kontos-11492\",\"sn\":\"\",\"idxP\":33},{\"mq\":\"Pom\",\"nm\":\"Pains \u00E0 hot-dog cuits \u00E0 la vapeur\",\"nme\":\"Steam baked hot-dog buns\",\"attr\":\"Aliment du Qu\u00E9bec, Produit local\",\"sku\":\"11500\",\"l2\":\"Petit pain\",\"sl\":\"pains-a-hot-dog-cuits-a-la-vapeur-pom-11500\",\"sn\":\"\",\"idxP\":0},{\"mq\":\"Boulangerie Petit Pr\u00E9\",\"nm\":\"Tartelette au citron\",\"nme\":\"Lemon Tartlet\",\"attr\":\"\",\"sku\":\"11527\",\"l2\":\"G\u00E2teau\",\"sl\":\"tartelette-au-citron-boulangerie-petit-pre-11527\",\"sn\":\"citrons\",\"idxP\":0},{\"mq\":\"Boulangerie Petit Pr\u00E9\",\"nm\":\"Tartelette au sucre\",\"nme\":\"Sugar Tartlet\",\"attr\":\"\",\"sku\":\"11529\",\"l2\":\"G\u00E2teau\",\"sl\":\"tartelette-au-sucre-boulangerie-petit-pre-11529\",\"sn\":\"\",\"idxP\":0},{\"mq\":\"Pom\",\"nm\":\"Pain \u00E0 sandwich blanc long\",\"nme\":\"White Long Sandwich Bread\",\"attr\":\"\",\"sku\":\"11475\",\"l2\":\"Pain tranch\u00E9\",\"sl\":\"pain-a-sandwich-blanc-long-pom-11475\",\"sn\":\"\",\"idxP\":-9},{\"mq\":\"Boulangerie Petit Pr\u00E9\",\"nm\":\"Galette avoine traditionnelle\",\"nme\":\"Classic Oatmeal Cookie\",\"attr\":\"\",\"sku\":\"11530\",\"l2\":\"G\u00E2teau\",\"sl\":\"galette-avoine-traditionnelle-boulangerie-petit-pre-11530\",\"sn\":\"\",\"idxP\":0},{\"mq\":\"Boulangerie Petit Pr\u00E9\",\"nm\":\"Tartelette aux pacanes\",\"nme\":\"Pecan Tartlet\",\"attr\":\"\",\"sku\":\"11525\",\"l2\":\"G\u00E2teau\",\"sl\":\"tartelette-aux-pacanes-boulangerie-petit-pre-11525\",\"sn\":\"\",\"idxP\":0},{\"mq\":\"Pom\",\"nm\":\"Pain hot-dog vapeur\",\"nme\":\"Hot-Dog Steamed Buns\",\"attr\":\"\",\"sku\":\"11617\",\"l2\":\"Petit pain\",\"sl\":\"pain-hot-dog-vapeur-pom-11617\",\"sn\":\"\",\"idxP\":0},{\"mq\":\"Le petit fran\u00E7ais\",\"nm\":\"Mini beignets chocolat noisette\",\"nme\":\"Chocolate Hazelnut Mini Donuts\",\"attr\":\"\",\"sku\":\"11804\",\"l2\":\"Viennoiserie et gaufre\",\"sl\":\"mini-beignets-chocolat-noisette-le-petit-francais-11804\",\"sn\":\"\",\"idxP\":0},{\"mq\":\"Dominic - La Petite Bretonne\",\"nm\":\"Croissants cocktail\",\"nme\":\"Cocktail Croissants\",\"attr\":\"\",\"sku\":\"11975\",\"l2\":\"Viennoiserie et gaufre\",\"sl\":\"croissants-cocktail-dominic-la-petite-bretonne-11975\",\"sn\":\"croissants\",\"idxP\":0},{\"mq\":\"Mayrand Chef\",\"nm\":\"Baguettes fran\u00E7aises artisanales x2\",\"nme\":\"French Artisanal Baguettes x2\",\"attr\":\"\",\"sku\":\"11771\",\"l2\":\"Ciabatta et baguette\",\"sl\":\"baguettes-francaises-artisanales-x2-mayrand-chef-11771\",\"sn\":\"\",\"idxP\":29},{\"mq\":\"Grant's\",\"nm\":\"G\u00E2teau aux fruits Deluxe couronne\",\"nme\":\"Deluxe Crown Fruit Cake\",\"attr\":\"\",\"sku\":\"12053\",\"l2\":\"G\u00E2teau\",\"sl\":\"gateau-aux-fruits-deluxe-couronne-grants-12053\",\"sn\":\"\",\"idxP\":36},{\"mq\":\"Bridor\",\"nm\":\"Miche paysanne tranch\u00E9e\",\"nme\":\"Sliced Paysan Bread\",\"attr\":\"\",\"sku\":\"64681\",\"l2\":\"Ciabatta et baguette\",\"sl\":\"miche-paysanne-tranchee-bridor-64681\",\"sn\":\"\",\"idxP\":33},{\"mq\":\"Nammy\",\"nm\":\"Beignes aux patates \u00E0 l'\u00E9rable\",\"nme\":\"Maple Syrup Potato Donuts\",\"attr\":\"\",\"sku\":\"12147\",\"l2\":\"Viennoiserie et gaufre\",\"sl\":\"beignes-aux-patates-a-lerable-nammy-12147\",\"sn\":\"patates\",\"idxP\":74},{\"mq\":\"Kontos\",\"nm\":\"Pain naan blanc style gyro 7\\\"\",\"nme\":\"7\\\" White Naan Bread Gyro Style\",\"attr\":\"\",\"sku\":\"11486\",\"l2\":\"Tortilla et pain pita\",\"sl\":\"pain-naan-blanc-style-gyro-7-11486\",\"sn\":\"\",\"idxP\":32},{\"mq\":\"Villagio\",\"nm\":\"Pain moelleux bl\u00E9 entier\",\"nme\":\"Whole wheat moist bread\",\"attr\":\"\",\"sku\":\"30895\",\"l2\":\"Pain tranch\u00E9\",\"sl\":\"pain-moelleux-ble-entier-30895\",\"sn\":\"\",\"idxP\":9},{\"mq\":\"Villagio\",\"nm\":\"Pain blanc moelleux\",\"nme\":\"White moist bread\",\"attr\":\"\",\"sku\":\"30896\",\"l2\":\"Pain tranch\u00E9\",\"sl\":\"pain-blanc-moelleux-30896\",\"sn\":\"\",\"idxP\":33},{\"mq\":\"St-Methode\",\"nm\":\"Miche blanche club\",\"nme\":\"White loaf club\",\"attr\":\"\",\"sku\":\"31037\",\"l2\":\"Pain tranch\u00E9\",\"sl\":\"miche-blanche-club-675-g-31037\",\"sn\":\"\",\"idxP\":3},{\"mq\":\"Villagio\",\"nm\":\"Pain blanc aux s\u00E9sames\",\"nme\":\"White sesame bread\",\"attr\":\"\",\"sku\":\"31586\",\"l2\":\"Pain tranch\u00E9\",\"sl\":\"pain-blanc-aux-sesames-31586\",\"sn\":\"\",\"idxP\":12},{\"mq\":\"Pom\",\"nm\":\"Pain moelleux blanc\",\"nme\":\"Moist white bread\",\"attr\":\"\",\"sku\":\"31947\",\"l2\":\"Pain tranch\u00E9\",\"sl\":\"pain-moelleux-blanc-31947\",\"sn\":\"\",\"idxP\":33},{\"mq\":\"Pom\",\"nm\":\"Pain moelleux bl\u00E9 entier\",\"nme\":\"Moist whole wheat bread\",\"attr\":\"\",\"sku\":\"31948\",\"l2\":\"Pain tranch\u00E9\",\"sl\":\"pain-moelleux-ble-entier-31948\",\"sn\":\"\",\"idxP\":20},{\"mq\":\"St-Methode\",\"nm\":\"Pain quinoa sans gras sans sucre ajout\u00E9\",\"nme\":\"Fat free sugar free quinoa bread\",\"attr\":\"\",\"sku\":\"32527\",\"l2\":\"Pain tranch\u00E9\",\"sl\":\"pain-quinoa-sans-gras-sans-sucre-ajoute-550-g-32527\",\"sn\":\"\",\"idxP\":4},{\"mq\":\"Pom\",\"nm\":\"Pains hamburger s\u00E9same signature\",\"nme\":\"Signature sesame hamburger buns\",\"attr\":\"\",\"sku\":\"35872\",\"l2\":\"Petit pain\",\"sl\":\"pains-hamburger-sesame-signature-35872\",\"sn\":\"\",\"idxP\":1},{\"mq\":\"Ace\",\"nm\":\"Pain hamburger classique tr. 4.5\\\"\",\"nme\":\"Frozen Classic sliced hamburger bun 4.5\\\"\",\"attr\":\"\",\"sku\":\"67306\",\"l2\":\"Petit pain\",\"sl\":\"pain-hamburger-classique-tr-45-67306\",\"sn\":\"\",\"idxP\":16},{\"mq\":\"Ace\",\"nm\":\"Pain bocata ronda 8\\\"\",\"nme\":\"8\\\" Bocata Ronda Bread\",\"attr\":\"\",\"sku\":\"67590\",\"l2\":\"Ciabatta et baguette\",\"sl\":\"pain-bocata-ronda-8-67590\",\"sn\":\"\",\"idxP\":33},{\"mq\":\"Ace\",\"nm\":\"Pain ciabatta pezzetti duo\",\"nme\":\"Pezzetti Duo Bread Roll\",\"attr\":\"\",\"sku\":\"67592\",\"l2\":\"Ciabatta et baguette\",\"sl\":\"pain-ciabatta-pezzetti-duo-67592\",\"sn\":\"\",\"idxP\":33},{\"mq\":\"Ace\",\"nm\":\"Pain ciabatta piccola\",\"nme\":\"Ciabatta Piccola Bread Roll\",\"attr\":\"\",\"sku\":\"67593\",\"l2\":\"Ciabatta et baguette\",\"sl\":\"pain-ciabatta-piccola-67593\",\"sn\":\"\",\"idxP\":33},{\"mq\":\"Bridor\",\"nm\":\"Pain brioche\",\"nme\":\"Brioche Bread\",\"attr\":\"\",\"sku\":\"02759\",\"l2\":\"Petit pain\",\"sl\":\"pain-brioche-02759\",\"sn\":\"\",\"idxP\":31},{\"mq\":\"Martin's\",\"nm\":\"Pain hamburger pomme de terre 4\\\"\",\"nme\":\"4\\\" Potato Hamburger Bread\",\"attr\":\"\",\"sku\":\"68159\",\"l2\":\"Petit pain\",\"sl\":\"pain-hamburger-pomme-de-terre-4-68159\",\"sn\":\"pommes\",\"idxP\":25},{\"mq\":\"Villagio\",\"nm\":\"Pains saucisse toscana\",\"nme\":\"Toscanai Sausage Buns\",\"attr\":\"\",\"sku\":\"11484\",\"l2\":\"Petit pain\",\"sl\":\"pains-saucisse-toscana-11484\",\"sn\":\"\",\"idxP\":9},{\"mq\":\"Martin's\",\"nm\":\"Pain hot dog pomme de terre\",\"nme\":\"Potato Hot Dog Bread\",\"attr\":\"\",\"sku\":\"12617\",\"l2\":\"Petit pain\",\"sl\":\"pain-hot-dog-pomme-de-terre-12617\",\"sn\":\"pommes\",\"idxP\":33},{\"mq\":\"St-Methode\",\"nm\":\"Pain campagnolo miche dor\u00E9e\",\"nme\":\"Golden Campagnolo Loaf\",\"attr\":\"\",\"sku\":\"12693\",\"l2\":\"Pain tranch\u00E9\",\"sl\":\"pain-campagnolo-miche-doree-12693\",\"sn\":\"\",\"idxP\":0},{\"mq\":\"St-Methode\",\"nm\":\"Pain royal miche r\u00E9colte\",\"nme\":\"Royal Harvest Loaf\",\"attr\":\"\",\"sku\":\"12694\",\"l2\":\"Pain tranch\u00E9\",\"sl\":\"pain-royal-miche-recolte-12694\",\"sn\":\"\",\"idxP\":0},{\"mq\":\"St-Methode\",\"nm\":\"Pain grains gourmets miche\",\"nme\":\"Gourmet Seeds Loaf\",\"attr\":\"\",\"sku\":\"12695\",\"l2\":\"Pain tranch\u00E9\",\"sl\":\"pain-grains-gourmets-miche-12695\",\"sn\":\"\",\"idxP\":0},{\"mq\":\"Snowdon\",\"nm\":\"Pain miche oignon\",\"nme\":\"Onion Bread Loaf\",\"attr\":\"\",\"sku\":\"12778\",\"l2\":\"Pain tranch\u00E9\",\"sl\":\"pain-miche-oignon-12778\",\"sn\":\"onions, oignons\",\"idxP\":0},{\"mq\":\"Snowdon\",\"nm\":\"Pain bulka challah tranch\u00E9\",\"nme\":\"Sliced Bulka Challah Bread\",\"attr\":\"\",\"sku\":\"12779\",\"l2\":\"Pain tranch\u00E9\",\"sl\":\"pain-bulka-challah-tranche-12779\",\"sn\":\"\",\"idxP\":0},{\"mq\":\"Snowdon\",\"nm\":\"Pain seigle\",\"nme\":\"Rye Bread\",\"attr\":\"\",\"sku\":\"12780\",\"l2\":\"Pain tranch\u00E9\",\"sl\":\"pain-seigle-12780\",\"sn\":\"\",\"idxP\":0},{\"mq\":\"Nammy\",\"nm\":\"Beigne aux patates pomme\",\"nme\":\"Apple Potato Donut\",\"attr\":\"\",\"sku\":\"12864\",\"l2\":\"Viennoiserie et gaufre\",\"sl\":\"beigne-aux-patates-pomme-12864\",\"sn\":\"apples, patates, pommes\",\"idxP\":0},{\"mq\":\"Bon Matin\",\"nm\":\"Pain avoine et fibres d'avoine\",\"nme\":\"Oat and Oat Fiber Bread\",\"attr\":\"\",\"sku\":\"13077\",\"l2\":\"Pain tranch\u00E9\",\"sl\":\"pain-avoine-et-fibres-davoine-13077\",\"sn\":\"\",\"idxP\":0},{\"mq\":\"Bon Matin\",\"nm\":\"Pain quinoa et vitamine D\",\"nme\":\"Quinoa and Vitamin D Bread\",\"attr\":\"\",\"sku\":\"13078\",\"l2\":\"Pain tranch\u00E9\",\"sl\":\"pain-quinoa-et-vitamine-d-13078\",\"sn\":\"\",\"idxP\":0},{\"mq\":\"Maizteca\",\"nm\":\"Tortilla ma\u00EFs jaune\",\"nme\":\"Yellow Corn Tortilla\",\"attr\":\"\",\"sku\":\"13121\",\"l2\":\"Tortilla et pain pita\",\"sl\":\"tortilla-mais-jaune-13121\",\"sn\":\"\",\"idxP\":0},{\"mq\":\"Maizteca\",\"nm\":\"Tortilla ma\u00EFs blanc\",\"nme\":\"White Corn Tortilla\",\"attr\":\"\",\"sku\":\"13122\",\"l2\":\"Tortilla et pain pita\",\"sl\":\"tortilla-mais-blanc-13122\",\"sn\":\"\",\"idxP\":0},{\"mq\":\"Taouk\",\"nm\":\"Baklava\",\"nme\":\"Baklava\",\"attr\":\"\",\"sku\":\"13142\",\"l2\":\"Viennoiserie et gaufre\",\"sl\":\"baklava-13142\",\"sn\":\"\",\"idxP\":0},{\"mq\":\"Taouk\",\"nm\":\"Baklava caramel sal\u00E9\",\"nme\":\"Salted Caramel Baklava\",\"attr\":\"\",\"sku\":\"13148\",\"l2\":\"Viennoiserie et gaufre\",\"sl\":\"baklava-caramel-sale-13148\",\"sn\":\"\",\"idxP\":0},{\"mq\":\"Snowdon\",\"nm\":\"Pain torsad\u00E9 raisin challah\",\"nme\":\"Challah Raisin Twist Bread\",\"attr\":\"\",\"sku\":\"13253\",\"l2\":\"Pain tranch\u00E9\",\"sl\":\"pain-torsade-raisin-challah-13253\",\"sn\":\"raisins\",\"idxP\":0},{\"mq\":\"Snowdon\",\"nm\":\"Pain noir long\",\"nme\":\"Long Black Bread\",\"attr\":\"\",\"sku\":\"13254\",\"l2\":\"Pain tranch\u00E9\",\"sl\":\"pain-noir-long-13254\",\"sn\":\"\",\"idxP\":0},{\"mq\":\"San Daniele\",\"nm\":\"Mortadelle demie\",\"nme\":\"Half Mortadella\",\"attr\":\"\",\"sku\":\"00632\",\"l2\":\"Mortadelle\",\"sl\":\"mortadelle-demie-san-daniele-00632\",\"sn\":\"\",\"idxP\":50},{\"mq\":\"Mastro\",\"nm\":\"Salami prosciutto sans gluten sans lactose\",\"nme\":\"Gluten Free Lactose Free Prosciutto Salami\",\"attr\":\"Sans gluten, Sans lactose\",\"sku\":\"00879\",\"l2\":\"Salami\",\"sl\":\"salami-prosciutto-sans-gluten-sans-lactose-mastro-00879\",\"sn\":\"\",\"idxP\":37},{\"mq\":\"Brandt\",\"nm\":\"Poulet fum\u00E9\",\"nme\":\"Smoked Chicken\",\"attr\":\"Sans gluten\",\"sku\":\"00215\",\"l2\":\"Poulet et dinde\",\"sl\":\"poulet-fume-brandt-00215\",\"sn\":\"\",\"idxP\":42},{\"mq\":\"Papille\",\"nm\":\"Rosette de Lyon aux fines herbes\",\"nme\":\"Rosette de Lyon with Fine Herbs\",\"attr\":\"\",\"sku\":\"00980\",\"l2\":\"Saucisson\",\"sl\":\"rosette-de-lyon-aux-fines-herbes-papille-00980\",\"sn\":\"\",\"idxP\":29},{\"mq\":\"Maple Lodge\",\"nm\":\"Saucisses au poulet jumbo\",\"nme\":\"Jumbo Chicken Sausage\",\"attr\":\"\",\"sku\":\"01032\",\"l2\":\"Saucisse\",\"sl\":\"saucisses-au-poulet-jumbo-maple-lodge-01032\",\"sn\":\"\",\"idxP\":40},{\"mq\":\"Lesters\",\"nm\":\"Bologne r\u00E9gulier entier\",\"nme\":\"Regular Bologna\",\"attr\":\"Produit local\",\"sku\":\"05550\",\"l2\":\"Bologne\",\"sl\":\"bologne-regulier-entier-lesters-05550\",\"sn\":\"\",\"idxP\":100},{\"mq\":\"Lesters\",\"nm\":\"Salami tout boeuf entier\",\"nme\":\"Whole All Beef Salami\",\"attr\":\"Produit local\",\"sku\":\"05557\",\"l2\":\"Salami\",\"sl\":\"salami-tout-boeuf-entier-lesters-05557\",\"sn\":\"oeufs\",\"idxP\":98},{\"mq\":\"Lesters\",\"nm\":\"Saucisses fum\u00E9es\",\"nme\":\"Smoked Sausage\",\"attr\":\"Produit local\",\"sku\":\"05549\",\"l2\":\"Saucisse\",\"sl\":\"saucisses-fumees-lesters-05549\",\"sn\":\"\",\"idxP\":66},{\"mq\":\"Hygrade\",\"nm\":\"Saucisse fum\u00E9e au boeuf\",\"nme\":\"Smoked beef sausage\",\"attr\":\"\",\"sku\":\"05622\",\"l2\":\"Saucisse\",\"sl\":\"saucisse-fumee-au-boeuf-hygrade-05622\",\"sn\":\"oeufs\",\"idxP\":20},{\"mq\":\"Papille\",\"nm\":\"Rosette de Lyon au parmesan\",\"nme\":\"Rosette de Lyon with Parmesan Cheese\",\"attr\":\"\",\"sku\":\"00983\",\"l2\":\"Saucisson\",\"sl\":\"rosette-de-lyon-au-parmesan-papille-00983\",\"sn\":\"\",\"idxP\":50},{\"mq\":\"San Daniele\",\"nm\":\"Mortadelle l\u00E9g\u00E8re\",\"nme\":\"Light Mortadella Wheel\",\"attr\":\"\",\"sku\":\"07626\",\"l2\":\"Mortadelle\",\"sl\":\"mortadelle-legere-san-daniele-07626\",\"sn\":\"\",\"idxP\":7},{\"mq\":\"Lesters\",\"nm\":\"Bologne \u00E0 l'ail carr\u00E9e\",\"nme\":\"Square Garlic Bologna\",\"attr\":\"Produit local\",\"sku\":\"05551\",\"l2\":\"Bologne\",\"sl\":\"bologne-a-lail-carree-lesters-05551\",\"sn\":\"\",\"idxP\":37},{\"mq\":\"Maple Lodge\",\"nm\":\"Saucisses au poulet\",\"nme\":\"Regular Chicken Sausages\",\"attr\":\"\",\"sku\":\"10651\",\"l2\":\"Saucisse\",\"sl\":\"saucisses-au-poulet-maple-lodge-10651\",\"sn\":\"\",\"idxP\":100},{\"mq\":\"Mastro\",\"nm\":\"Prosciutto cotto extra-maigre\",\"nme\":\"Exra lean Cotto Prosciutto\",\"attr\":\"\",\"sku\":\"10508\",\"l2\":\"Prosciutto\",\"sl\":\"prosciutto-cotto-extra-maigre-mastro-10508\",\"sn\":\"\",\"idxP\":43},{\"mq\":\"Mastro\",\"nm\":\"Capicollo doux plat\",\"nme\":\"Flat Mild Capicollo\",\"attr\":\"\",\"sku\":\"10513\",\"l2\":\"Capicolle\",\"sl\":\"capicollo-doux-plat-mastro-10513\",\"sn\":\"capicolle\",\"idxP\":22},{\"mq\":\"Mastro\",\"nm\":\"Salami de G\u00EAnes fort demi sans gluten \\\/lactose\",\"nme\":\"Half Hot Genoa Salami Gluten\\\/lactose free\",\"attr\":\"\",\"sku\":\"10512\",\"l2\":\"Salami\",\"sl\":\"salami-de-genes-fort-demi-sans-gluten-lactose-mastro-10512\",\"sn\":\"\",\"idxP\":33},{\"mq\":\"Mastro\",\"nm\":\"Salami chorizo en demi\",\"nme\":\"Half Chorizo Salami\",\"attr\":\"\",\"sku\":\"14913\",\"l2\":\"Salami\",\"sl\":\"salami-chorizo-en-demi-mastro-14913\",\"sn\":\"\",\"idxP\":24},{\"mq\":\"Mastro\",\"nm\":\"Capicolle fort plat\",\"nme\":\"Hot Flat Capicollo\",\"attr\":\"\",\"sku\":\"16517\",\"l2\":\"Capicolle\",\"sl\":\"capicolle-fort-plat-mastro-16517\",\"sn\":\"capicolle\",\"idxP\":13},{\"mq\":\"San Daniele\",\"nm\":\"Mortadelle\",\"nme\":\"Mortadella\",\"attr\":\"\",\"sku\":\"15961\",\"l2\":\"Mortadelle\",\"sl\":\"mortadelle-san-daniele-15961\",\"sn\":\"\",\"idxP\":67},{\"mq\":\"Johnny\",\"nm\":\"Sopressata calabrese fort\",\"nme\":\"Strong Calabrese Sopressata\",\"attr\":\"\",\"sku\":\"16717\",\"l2\":\"Saucisse\",\"sl\":\"sopressata-calabrese-fort-johnny-16717\",\"sn\":\"\",\"idxP\":67},{\"mq\":\"Maple Lodge\",\"nm\":\"R\u00F4ti de poitrine de poulet fum\u00E9\",\"nme\":\"Smoked Chicken Breast Roast\",\"attr\":\"Sans gluten\",\"sku\":\"16699\",\"l2\":\"Poulet et dinde\",\"sl\":\"roti-de-poitrine-de-poulet-fume-maple-lodge-16699\",\"sn\":\"\",\"idxP\":86},{\"mq\":\"Roma\",\"nm\":\"Demi capicollo piquant\",\"nme\":\"Hot Half Capicollo\",\"attr\":\"\",\"sku\":\"17912\",\"l2\":\"Capicolle\",\"sl\":\"demi-capicollo-piquant-roma-17912\",\"sn\":\"capicolle\",\"idxP\":64},{\"mq\":\"Roma\",\"nm\":\"Demi capicollo doux\",\"nme\":\"Mild Half Capicollo\",\"attr\":\"Aliment du Qu\u00E9bec, Produit local\",\"sku\":\"17913\",\"l2\":\"Capicolle\",\"sl\":\"demi-capicollo-doux-roma-17913\",\"sn\":\"\",\"idxP\":67},{\"mq\":\"San Daniele\",\"nm\":\"Prosciutto fum\u00E9 et tranch\u00E9\",\"nme\":\"Sliced Smoked Prosciutto\",\"attr\":\"\",\"sku\":\"16716\",\"l2\":\"Prosciutto\",\"sl\":\"prosciutto-fume-et-tranche-san-daniele-16716\",\"sn\":\"\",\"idxP\":43},{\"mq\":\"San Daniele\",\"nm\":\"Prosciutto sec argent\u00E9 entier\",\"nme\":\"Dry Mild Prosciutto\",\"attr\":\"\",\"sku\":\"18709\",\"l2\":\"Prosciutto\",\"sl\":\"prosciutto-sec-argente-entier-san-daniele-18709\",\"sn\":\"\",\"idxP\":100},{\"mq\":\"Johnny\",\"nm\":\"Demi prosciutto sec\",\"nme\":\"Half Dry Prosciutto\",\"attr\":\"\",\"sku\":\"20778\",\"l2\":\"Prosciutto\",\"sl\":\"demi-prosciutto-sec-johnny-20778\",\"sn\":\"\",\"idxP\":91},{\"mq\":\"Fantino\",\"nm\":\"Demi capicollo piquant\",\"nme\":\"Hot Half Capicollo\",\"attr\":\"Produit local\",\"sku\":\"20724\",\"l2\":\"Capicolle\",\"sl\":\"demi-capicollo-piquant-fantino-20724\",\"sn\":\"capicolle\",\"idxP\":7},{\"mq\":\"Johnny\",\"nm\":\"Prosciutto sec\",\"nme\":\"Dry Prosciutto\",\"attr\":\"\",\"sku\":\"20776\",\"l2\":\"Prosciutto\",\"sl\":\"prosciutto-sec-johnny-20776\",\"sn\":\"\",\"idxP\":71},{\"mq\":\"Levitts\",\"nm\":\"Poitrine de boeuf fum\u00E9e tranch\u00E9e\",\"nme\":\"Sliced Smoked Meat\",\"attr\":\"\",\"sku\":\"21064\",\"l2\":\"Viande fum\u00E9e\",\"sl\":\"poitrine-de-boeuf-fumee-tranchee-levitts-21064\",\"sn\":\"oeufs\",\"idxP\":72},{\"mq\":\"Lafleur\",\"nm\":\"Cotton Bologna\",\"nme\":\"Cotton Bologna\",\"attr\":\"Produit local\",\"sku\":\"21390\",\"l2\":\"Bologne\",\"sl\":\"cotton-bologna-lafleur-21390\",\"sn\":\"\",\"idxP\":71},{\"mq\":\"Lafleur\",\"nm\":\"Saucisse fum\u00E9e r\u00E9guli\u00E8re\",\"nme\":\"Wiener Sausage\",\"attr\":\"Aliment du Qu\u00E9bec, Produit local\",\"sku\":\"19189\",\"l2\":\"Saucisse\",\"sl\":\"saucisse-fumee-reguliere-lafleur-19189\",\"sn\":\"\",\"idxP\":77},{\"mq\":\"Delstar\",\"nm\":\"Poitrine de viande fum\u00E9e tranch\u00E9e\",\"nme\":\"Sliced Smoked Meat\",\"attr\":\"\",\"sku\":\"22963\",\"l2\":\"Viande fum\u00E9e\",\"sl\":\"poitrine-de-viande-fumee-tranchee-delstar-22963\",\"sn\":\"\",\"idxP\":70},{\"mq\":\"Gasp\u00E9sien\",\"nm\":\"Bologne super premium\",\"nme\":\"Super Premium Bologna\",\"attr\":\"Produit local\",\"sku\":\"23608\",\"l2\":\"Bologne\",\"sl\":\"bologne-super-premium-gaspesien-23608\",\"sn\":\"\",\"idxP\":38},{\"mq\":\"Fantino\",\"nm\":\"Demi capicollo doux\",\"nme\":\"Half Mild Capicollo\",\"attr\":\"Produit local\",\"sku\":\"20723\",\"l2\":\"Capicolle\",\"sl\":\"demi-capicollo-doux-fantino-20723\",\"sn\":\"capicolle\",\"idxP\":6},{\"mq\":\"Gasp\u00E9sien\",\"nm\":\"Bologne super premium tranch\u00E9\",\"nme\":\"Sliced Super Premium Bologna\",\"attr\":\"Produit local\",\"sku\":\"23611\",\"l2\":\"Bologne\",\"sl\":\"bologne-super-premium-tranche-gaspesien-23611\",\"sn\":\"\",\"idxP\":27},{\"mq\":\"Maple Lodge\",\"nm\":\"Saucisse forte au poulet\",\"nme\":\"Hot Chicken Sausage\",\"attr\":\"\",\"sku\":\"23722\",\"l2\":\"Saucisse\",\"sl\":\"saucisse-forte-au-poulet-maple-lodge-23722\",\"sn\":\"\",\"idxP\":34},{\"mq\":\"Lafleur\",\"nm\":\"Saucisses fum\u00E9es originales\",\"nme\":\"Original Smoked Sausages\",\"attr\":\"Aliment du Qu\u00E9bec, Produit local\",\"sku\":\"24825\",\"l2\":\"Saucisse\",\"sl\":\"saucisses-fumees-originales-lafleur-24825\",\"sn\":\"\",\"idxP\":100},{\"mq\":\"Maple Lodge\",\"nm\":\"Saucisse forte au poulet halal\",\"nme\":\"Halal Hot Chicken Sausage\",\"attr\":\"\",\"sku\":\"23721\",\"l2\":\"Charcuterie halal\",\"sl\":\"saucisse-forte-au-poulet-halal-maple-lodge-23721\",\"sn\":\"\",\"idxP\":29},{\"mq\":\"Delstar\",\"nm\":\"Garniture de viande fum\u00E9e\",\"nme\":\"Smoked Meat Topping\",\"attr\":\"\",\"sku\":\"22962\",\"l2\":\"Viande fum\u00E9e\",\"sl\":\"garniture-de-viande-fumee-delstar-22962\",\"sn\":\"\",\"idxP\":57},{\"mq\":\"Lesters\",\"nm\":\"Saucisse fum\u00E9e BBQ\",\"nme\":\"BBQ Smoked Sausage\",\"attr\":\"Produit local\",\"sku\":\"23401\",\"l2\":\"Saucisse\",\"sl\":\"saucisse-fumee-bbq-lesters-23401\",\"sn\":\"\",\"idxP\":26},{\"mq\":\"Canard Goulu\",\"nm\":\"Foie gras de canard\",\"nme\":\"Duck Foie Gras\",\"attr\":\"Aliment du Qu\u00E9bec, Produit local\",\"sku\":\"25336\",\"l2\":\"Canard\",\"sl\":\"foie-gras-de-canard-canard-goulu-25336\",\"sn\":\"\",\"idxP\":26},{\"mq\":\"Canard Goulu\",\"nm\":\"Foie gras de canard \u00E0 l'armagnac\",\"nme\":\"Armagnac Duck Foie Gras\",\"attr\":\"Aliment du Qu\u00E9bec, Produit local\",\"sku\":\"25340\",\"l2\":\"Canard\",\"sl\":\"foie-gras-de-canard-a-larmagnac-canard-goulu-25340\",\"sn\":\"\",\"idxP\":15},{\"mq\":\"Canard Goulu\",\"nm\":\"P\u00E2t\u00E9 de canard au porto\",\"nme\":\"Porto Duck Pate\",\"attr\":\"Aliment du Qu\u00E9bec, Produit local\",\"sku\":\"25338\",\"l2\":\"Canard\",\"sl\":\"pate-de-canard-au-porto-canard-goulu-25338\",\"sn\":\"\",\"idxP\":19},{\"mq\":\"Canard Goulu\",\"nm\":\"Magret de canard fum\u00E9 tranch\u00E9\",\"nme\":\"Smoked Dust-Breast Filet\",\"attr\":\"Aliment du Qu\u00E9bec, Produit local\",\"sku\":\"25342\",\"l2\":\"Canard\",\"sl\":\"magret-de-canard-fume-tranche-canard-goulu-25342\",\"sn\":\"\",\"idxP\":31},{\"mq\":\"Canard Goulu\",\"nm\":\"Foie gras de canard \u00E0 la truffe\",\"nme\":\"Duck Foie Gras with Truffle\",\"attr\":\"Aliment du Qu\u00E9bec, Produit local\",\"sku\":\"25343\",\"l2\":\"Canard\",\"sl\":\"foie-gras-de-canard-a-la-truffe-canard-goulu-25343\",\"sn\":\"\",\"idxP\":14},{\"mq\":\"Canard Goulu\",\"nm\":\"Foie gras de canard \u00E0 l'\u00E9rable\",\"nme\":\"Maple Duck Foie Gras\",\"attr\":\"Aliment du Qu\u00E9bec, Produit local\",\"sku\":\"25341\",\"l2\":\"Canard\",\"sl\":\"foie-gras-de-canard-a-lerable-canard-goulu-25341\",\"sn\":\"\",\"idxP\":12},{\"mq\":\"Mastro\",\"nm\":\"Mortadelle 5 en demi\",\"nme\":\"Half Mortadella 5\",\"attr\":\"\",\"sku\":\"25515\",\"l2\":\"Mortadelle\",\"sl\":\"mortadelle-5-en-demi-mastro-25515\",\"sn\":\"\",\"idxP\":26},{\"mq\":\"Piller's\",\"nm\":\"Salami d'amour entier\",\"nme\":\"Whole Salami d'Amour\",\"attr\":\"Sans gluten\",\"sku\":\"25917\",\"l2\":\"Salami\",\"sl\":\"salami-damour-entier-pillers-25917\",\"sn\":\"\",\"idxP\":29},{\"mq\":\"Delstar\",\"nm\":\"Salami tout boeuf\",\"nme\":\"Half All Beef Salami\",\"attr\":\"\",\"sku\":\"26288\",\"l2\":\"Salami\",\"sl\":\"salami-tout-boeuf-delstar-26288\",\"sn\":\"\",\"idxP\":77},{\"mq\":\"Lesters\",\"nm\":\"Saucisses fum\u00E9es jumbo\",\"nme\":\"Jumbo Smoked Sausage\",\"attr\":\"Produit local\",\"sku\":\"30069\",\"l2\":\"Saucisse\",\"sl\":\"saucisses-fumees-jumbo-lesters-30069\",\"sn\":\"\",\"idxP\":23},{\"mq\":\"Maison de Savoie\",\"nm\":\"Saucisson sec droit\",\"nme\":\"Pure Pork Dry Sausage\",\"attr\":\"\",\"sku\":\"30925\",\"l2\":\"Saucisson\",\"sl\":\"saucisson-sec-droit-maison-de-savoie-30925\",\"sn\":\"\",\"idxP\":100},{\"mq\":\"Roma\",\"nm\":\"Pepperoni sous vide\",\"nme\":\"Pepperoni vacuum sealed\",\"attr\":\"Aliment du Qu\u00E9bec, Produit local\",\"sku\":\"32729\",\"l2\":\"Pepperoni\",\"sl\":\"pepperoni-sous-vide-roma-32729\",\"sn\":\"\",\"idxP\":99},{\"mq\":\"Delstar\",\"nm\":\"Poitrine de b\u0153uf fum\u00E9e reg.  enti\u00E8re\",\"nme\":\"Smoked beef brisket reg. whole\",\"attr\":\"\",\"sku\":\"29615\",\"l2\":\"Viande fum\u00E9e\",\"sl\":\"poitrine-de-buf-fumee-reg.-entiere-delstar-29615\",\"sn\":\"\",\"idxP\":28},{\"mq\":\"Maison de Savoie\",\"nm\":\"Saucisson sec courb\u00E9\",\"nme\":\"Pure Pork Dry Sausage\",\"attr\":\"\",\"sku\":\"30924\",\"l2\":\"Saucisson\",\"sl\":\"saucisson-sec-courbe-maison-de-savoie-30924\",\"sn\":\"\",\"idxP\":71},{\"mq\":\"Mastro\",\"nm\":\"Capicollo extra fort\",\"nme\":\"Extra Hot Capicollo\",\"attr\":\"\",\"sku\":\"29559\",\"l2\":\"Capicolle\",\"sl\":\"capicollo-extra-fort-mastro-29559\",\"sn\":\"capicolle\",\"idxP\":7},{\"mq\":\"Lesters\",\"nm\":\"Saucisses hot dog fum\u00E9es tout boeuf\",\"nme\":\"All Beef Smoked Wiener Sausages\",\"attr\":\"Produit local\",\"sku\":\"30070\",\"l2\":\"Saucisse\",\"sl\":\"saucisses-hot-dog-fumees-tout-boeuf-lesters-30070\",\"sn\":\"oeufs\",\"idxP\":25},{\"mq\":\"Maison de Savoie\",\"nm\":\"Rosette nature\",\"nme\":\"Nature Sausage\",\"attr\":\"\",\"sku\":\"30922\",\"l2\":\"Saucisson\",\"sl\":\"rosette-nature-maison-de-savoie-30922\",\"sn\":\"\",\"idxP\":41},{\"mq\":\"Mastro\",\"nm\":\"Demi salami de G\u00EAnes r\u00E9gulier sans gluten \\\/lactose\",\"nme\":\"Gluten Free Lactose Free Half Genoa Salami\",\"attr\":\"Sans gluten, Sans lactose\",\"sku\":\"28474\",\"l2\":\"Salami\",\"sl\":\"demi-salami-de-genes-regulier-sans-gluten-lactose-mastro-28474\",\"sn\":\"\",\"idxP\":85},{\"mq\":\"Roma\",\"nm\":\"Capicolle extra fort\",\"nme\":\"Extra Hot Capicollo\",\"attr\":\"Aliment du Qu\u00E9bec, Produit local\",\"sku\":\"34327\",\"l2\":\"Capicolle\",\"sl\":\"capicolle-extra-fort-roma-34327\",\"sn\":\"\",\"idxP\":30},{\"mq\":\"Johnny\",\"nm\":\"Saucisse s\u00E8che longue douce\",\"nme\":\"Long Dry Mild Sausage\",\"attr\":\"\",\"sku\":\"33109\",\"l2\":\"Saucisse\",\"sl\":\"saucisse-seche-longue-douce-johnny-33109\",\"sn\":\"\",\"idxP\":62}], [{\"mq\":\"Maple Lodge\",\"nm\":\"Saucisse au poulet supr\u00EAme\",\"nme\":\"Supreme Chicken Sausage\",\"attr\":\"\",\"sku\":\"36109\",\"l2\":\"Saucisse\",\"sl\":\"saucisse-au-poulet-supreme-maple-lodge-36109\",\"sn\":\"\",\"idxP\":31},{\"mq\":\"Roma\",\"nm\":\"Pepperoni pour pizza 4\\\"\",\"nme\":\"Pizza Pepperoni 4\\\"\",\"attr\":\"Produit local\",\"sku\":\"32520\",\"l2\":\"Pepperoni\",\"sl\":\"pepperoni-pour-pizza-4-roma-32520\",\"sn\":\"\",\"idxP\":92},{\"mq\":\"Maple Lodge\",\"nm\":\"Bologne de poulet tranch\u00E9 halal\",\"nme\":\"Halal Sliced Chicken Bologna\",\"attr\":\"Sans gluten\",\"sku\":\"35910\",\"l2\":\"Charcuterie halal\",\"sl\":\"bologne-de-poulet-tranche-halal-maple-lodge-35910\",\"sn\":\"\",\"idxP\":77},{\"mq\":\"Piller's\",\"nm\":\"Salami carr\u00E9 avec graines de moutarde\",\"nme\":\"Square Mustard Seed Salami\",\"attr\":\"Sans gluten\",\"sku\":\"37101\",\"l2\":\"Salami\",\"sl\":\"salami-carre-avec-graines-de-moutarde-pillers-37101\",\"sn\":\"\",\"idxP\":23},{\"mq\":\"Salamico\",\"nm\":\"Saucisson cracovie\",\"nme\":\"Cracovia Sausage\",\"attr\":\"Sans gluten\",\"sku\":\"35483\",\"l2\":\"Saucisse\",\"sl\":\"saucisson-cracovie-salamico-35483\",\"sn\":\"\",\"idxP\":36},{\"mq\":\"Roma\",\"nm\":\"Capicolle rond doux tranch\u00E9\",\"nme\":\"Sliced round Mild Capicollo\",\"attr\":\"Aliment du Qu\u00E9bec, Produit local\",\"sku\":\"37319\",\"l2\":\"Capicolle\",\"sl\":\"capicolle-rond-doux-tranche-roma-37319\",\"sn\":\"capicolle\",\"idxP\":42},{\"mq\":\"San Daniele\",\"nm\":\"Mortadelle forte\",\"nme\":\"Hot Mortadella\",\"attr\":\"\",\"sku\":\"35525\",\"l2\":\"Mortadelle\",\"sl\":\"mortadelle-forte-san-daniele-35525\",\"sn\":\"\",\"idxP\":2},{\"mq\":\"Maple Lodge\",\"nm\":\"Poitrine de poulet fum\u00E9 et tranch\u00E9e\",\"nme\":\"Sliced Smoked Chicken Breast\",\"attr\":\"\",\"sku\":\"36107\",\"l2\":\"Poulet et dinde\",\"sl\":\"poitrine-de-poulet-fume-et-tranchee-maple-lodge-36107\",\"sn\":\"\",\"idxP\":25},{\"mq\":\"Piller's\",\"nm\":\"Salami vieille for\u00EAt\",\"nme\":\"Old Forest Salami\",\"attr\":\"Sans gluten\",\"sku\":\"37102\",\"l2\":\"Salami\",\"sl\":\"salami-vieille-foret-pillers-37102\",\"sn\":\"\",\"idxP\":30},{\"mq\":\"San Daniele\",\"nm\":\"Prosciutto tranch\u00E9\",\"nme\":\"Sliced Prosciutto\",\"attr\":\"Sans gluten\",\"sku\":\"37413\",\"l2\":\"Prosciutto\",\"sl\":\"prosciutto-tranche-san-daniele-37413\",\"sn\":\"\",\"idxP\":66},{\"mq\":\"Mastro\",\"nm\":\"Sopressata doux en demi\",\"nme\":\"Mild Half Sopressata\",\"attr\":\"Sans gluten\",\"sku\":\"36747\",\"l2\":\"Salami\",\"sl\":\"sopressata-doux-en-demi-mastro-36747\",\"sn\":\"\",\"idxP\":17},{\"mq\":\"Maple Lodge\",\"nm\":\"Saucisse halal au poulet\",\"nme\":\"Halal Chicken Sausage\",\"attr\":\"\",\"sku\":\"37961\",\"l2\":\"Charcuterie halal\",\"sl\":\"saucisse-halal-au-poulet-maple-lodge-37961\",\"sn\":\"\",\"idxP\":100},{\"mq\":\"Mello\",\"nm\":\"Demi poitrine de boeuf fum\u00E9e \u00E0 l'ancienne\",\"nme\":\"Old Fashioned Smoked Beef Brisket\",\"attr\":\"\",\"sku\":\"37324\",\"l2\":\"Viande fum\u00E9e\",\"sl\":\"demi-poitrine-de-boeuf-fumee-a-lancienne-mello-37324\",\"sn\":\"oeufs\",\"idxP\":72},{\"mq\":\"Piller's\",\"nm\":\"Pepperoni original\",\"nme\":\"Originial Pepperoni\",\"attr\":\"Sans gluten\",\"sku\":\"38199\",\"l2\":\"Pepperoni\",\"sl\":\"pepperoni-original-pillers-38199\",\"sn\":\"\",\"idxP\":58},{\"mq\":\"Brandt\",\"nm\":\"Kolbassa \u00E0 la dinde\",\"nme\":\"Turkey Kolbassa\",\"attr\":\"\",\"sku\":\"38999\",\"l2\":\"Saucisson\",\"sl\":\"kolbassa-a-la-dinde-brandt-38999\",\"sn\":\"\",\"idxP\":54},{\"mq\":\"Brandt\",\"nm\":\"Saucisson Kolbassa\",\"nme\":\"Kolbassa Sausage\",\"attr\":\"Sans gluten\",\"sku\":\"39027\",\"l2\":\"Saucisson\",\"sl\":\"saucisson-kolbassa-brandt-39027\",\"sn\":\"\",\"idxP\":65},{\"mq\":\"Mello\",\"nm\":\"Poitrine boeuf reg mello\",\"nme\":\"Breast beef reg mello\",\"attr\":\"\",\"sku\":\"41092\",\"l2\":\"Viande fum\u00E9e\",\"sl\":\"poitrine-boeuf-reg-mello-mello-41092\",\"sn\":\"\",\"idxP\":74},{\"mq\":\"San Daniele\",\"nm\":\"Prosciutto en demi\",\"nme\":\"Half Prosciutto\",\"attr\":\"\",\"sku\":\"42212\",\"l2\":\"Prosciutto\",\"sl\":\"prosciutto-en-demi-san-daniele-42212\",\"sn\":\"\",\"idxP\":52},{\"mq\":\"Mastro\",\"nm\":\"Salami de G\u00EAnes piquant\",\"nme\":\"Hot Genoa Salami\",\"attr\":\"\",\"sku\":\"42238\",\"l2\":\"Salami\",\"sl\":\"salami-de-genes-piquant-mastro-42238\",\"sn\":\"\",\"idxP\":47},{\"mq\":\"Brandt\",\"nm\":\"Saucisse de campagne\",\"nme\":\"Country Style Sausage\",\"attr\":\"Sans gluten, Sans lactose\",\"sku\":\"39098\",\"l2\":\"Saucisse\",\"sl\":\"saucisse-de-campagne-brandt-39098\",\"sn\":\"\",\"idxP\":25},{\"mq\":\"Mastro\",\"nm\":\"Salami de G\u00EAnes doux\",\"nme\":\"Mild Genoa Salami\",\"attr\":\"\",\"sku\":\"42237\",\"l2\":\"Salami\",\"sl\":\"salami-de-genes-doux-mastro-42237\",\"sn\":\"\",\"idxP\":78},{\"mq\":\"Mello\",\"nm\":\"Pastrami demi mello\",\"nme\":\"Pastrami half mello\",\"attr\":\"\",\"sku\":\"42744\",\"l2\":\"Viande fum\u00E9e\",\"sl\":\"pastrami-demi-mello-mello-42744\",\"sn\":\"\",\"idxP\":59},{\"mq\":\"Virginia\",\"nm\":\"Pastrami fum\u00E9\",\"nme\":\"Smoked Pastrami\",\"attr\":\"\",\"sku\":\"47867\",\"l2\":\"Viande fum\u00E9e\",\"sl\":\"pastrami-fume-virginia-47867\",\"sn\":\"\",\"idxP\":76},{\"mq\":\"Cardinal\",\"nm\":\"Salade de pomme de terre\",\"nme\":\"Potato Salad\",\"attr\":\"Produit local\",\"sku\":\"00265\",\"l2\":\"Pr\u00EAt \u00E0 manger\",\"sl\":\"salade-de-pomme-de-terre-cardinal-00265\",\"sn\":\"pommes\",\"idxP\":12},{\"mq\":\"Olymel\",\"nm\":\"Bologne \u00E0 l'ail entier\",\"nme\":\"Whole Garlic Bologna\",\"attr\":\"\",\"sku\":\"47262\",\"l2\":\"Bologne\",\"sl\":\"bologne-a-lail-entier-olymel-47262\",\"sn\":\"\",\"idxP\":27},{\"mq\":\"Johnny\",\"nm\":\"Cacciatore douce\",\"nme\":\"Mild Cacciatore\",\"attr\":\"\",\"sku\":\"48746\",\"l2\":\"Saucisse\",\"sl\":\"cacciatore-douce-johnny-48746\",\"sn\":\"\",\"idxP\":65},{\"mq\":\"Cardinal\",\"nm\":\"Salade de chou\",\"nme\":\"Cole Slaw\",\"attr\":\"Produit local\",\"sku\":\"00262\",\"l2\":\"Pr\u00EAt \u00E0 manger\",\"sl\":\"salade-de-chou-cardinal-00262\",\"sn\":\"\",\"idxP\":22},{\"mq\":\"Papille\",\"nm\":\"Saucisson au vin blanc\",\"nme\":\"White Wine Dry Sausage\",\"attr\":\"\",\"sku\":\"07915\",\"l2\":\"Saucisson\",\"sl\":\"saucisson-au-vin-blanc-papille-07915\",\"sn\":\"\",\"idxP\":52},{\"mq\":\"Rustica\",\"nm\":\"Pizza \u00E0 la tomate ronde\",\"nme\":\"Round Tomato Pizza\",\"attr\":\"Produit local\",\"sku\":\"08695\",\"l2\":\"Pr\u00EAt \u00E0 manger\",\"sl\":\"pizza-a-la-tomate-ronde-rustica-08695\",\"sn\":\"tomates\",\"idxP\":69},{\"mq\":\"Cardinal\",\"nm\":\"Salade de chou cr\u00E9meuse\",\"nme\":\"Creamy Cole Slaw\",\"attr\":\"Produit local\",\"sku\":\"00263\",\"l2\":\"Pr\u00EAt \u00E0 manger\",\"sl\":\"salade-de-chou-cremeuse-cardinal-00263\",\"sn\":\"\",\"idxP\":19},{\"mq\":\"Papille\",\"nm\":\"Saucisson au vin Rouge\",\"nme\":\"Red Wine Rosette de Lyon\",\"attr\":\"\",\"sku\":\"07914\",\"l2\":\"Saucisson\",\"sl\":\"saucisson-au-vin-rouge-papille-07914\",\"sn\":\"\",\"idxP\":38},{\"mq\":\"Johnny\",\"nm\":\"Cacciatore forte\",\"nme\":\"HotCacciatore\",\"attr\":\"\",\"sku\":\"48747\",\"l2\":\"Saucisse\",\"sl\":\"cacciatore-forte-johnny-48747\",\"sn\":\"\",\"idxP\":61},{\"mq\":\"Cardinal\",\"nm\":\"Salade de macaroni\",\"nme\":\"Macaroni Salad\",\"attr\":\"Produit local\",\"sku\":\"00267\",\"l2\":\"Pr\u00EAt \u00E0 manger\",\"sl\":\"salade-de-macaroni-cardinal-00267\",\"sn\":\"\",\"idxP\":15},{\"mq\":\"Olymel\",\"nm\":\"Poitrine de dinde r\u00F4tie miel moutarde\",\"nme\":\"Honey Mustard Roasted Turkey Breast\",\"attr\":\"\",\"sku\":\"10502\",\"l2\":\"Poulet et dinde\",\"sl\":\"poitrine-de-dinde-rotie-miel-moutarde-olymel-10502\",\"sn\":\"\",\"idxP\":16},{\"mq\":\"Papille\",\"nm\":\"Saucisson aux tomates s\u00E9ch\u00E9es\",\"nme\":\"Dry Sausage with Tomato\",\"attr\":\"\",\"sku\":\"14432\",\"l2\":\"Saucisson\",\"sl\":\"saucisson-aux-tomates-sechees-papille-14432\",\"sn\":\"tomates\",\"idxP\":34},{\"mq\":\"Prince\",\"nm\":\"Bacon r\u00E9gulier\",\"nme\":\"Regular Bacon\",\"attr\":\"\",\"sku\":\"00972\",\"l2\":\"Bacon et pancetta\",\"sl\":\"bacon-regulier-prince-00972\",\"sn\":\"\",\"idxP\":100},{\"mq\":\"Olymel\",\"nm\":\"Poitrine dinde r\u00F4tie chipotle\",\"nme\":\"Chipotle Roasted Turkey Breast\",\"attr\":\"\",\"sku\":\"10503\",\"l2\":\"Poulet et dinde\",\"sl\":\"poitrine-dinde-rotie-chipotle-olymel-10503\",\"sn\":\"\",\"idxP\":16},{\"mq\":\"Mastro\",\"nm\":\"Pancetta douce en d\u00E9s\",\"nme\":\"Mild Pancetta Cubes\",\"attr\":\"\",\"sku\":\"10516\",\"l2\":\"Bacon et pancetta\",\"sl\":\"pancetta-douce-en-des-mastro-10516\",\"sn\":\"\",\"idxP\":20},{\"mq\":\"Maple Lodge\",\"nm\":\"R\u00F4ti de poitrine de poulet cuit\",\"nme\":\"Cooked Chicken Breast Roast\",\"attr\":\"Sans gluten\",\"sku\":\"16698\",\"l2\":\"Poulet et dinde\",\"sl\":\"roti-de-poitrine-de-poulet-cuit-maple-lodge-16698\",\"sn\":\"\",\"idxP\":43},{\"mq\":\"Lesters\",\"nm\":\"Rosbif de ronde de boeuf\",\"nme\":\"Roast Beef\",\"attr\":\"Produit local\",\"sku\":\"05547\",\"l2\":\"Boeuf\",\"sl\":\"rosbif-de-ronde-de-boeuf-lesters-05547\",\"sn\":\"oeufs\",\"idxP\":26},{\"mq\":\"Korona\",\"nm\":\"Jambon toupie fum\u00E9 entier\",\"nme\":\"Whole Smoked Toupie Ham\",\"attr\":\"\",\"sku\":\"13655\",\"l2\":\"Jambon\",\"sl\":\"jambon-toupie-fume-entier-korona-13655\",\"sn\":\"\",\"idxP\":74},{\"mq\":\"Cardinal\",\"nm\":\"Salade de chou cr\u00E9meuse\",\"nme\":\"Creamy Coleslaw Salad\",\"attr\":\"Produit local\",\"sku\":\"18110\",\"l2\":\"Pr\u00EAt \u00E0 manger\",\"sl\":\"salade-de-chou-cremeuse-cardinal-18110\",\"sn\":\"\",\"idxP\":6},{\"mq\":\"Rustica\",\"nm\":\"Pizza traditionnelle aux tomates\",\"nme\":\"Traditional Tomato Pizza\",\"attr\":\"Produit local\",\"sku\":\"08701\",\"l2\":\"Pr\u00EAt \u00E0 manger\",\"sl\":\"pizza-traditionnelle-aux-tomates-rustica-08701\",\"sn\":\"tomates\",\"idxP\":93},{\"mq\":\"Cardinal\",\"nm\":\"Salade de chou\",\"nme\":\"Coleslaw Salad\",\"attr\":\"Produit local\",\"sku\":\"18109\",\"l2\":\"Pr\u00EAt \u00E0 manger\",\"sl\":\"salade-de-chou-cardinal-18109\",\"sn\":\"\",\"idxP\":6},{\"mq\":\"Mastro\",\"nm\":\"Jambon toscane en demi\",\"nme\":\"Half Toscano Ham\",\"attr\":\"\",\"sku\":\"19971\",\"l2\":\"Jambon\",\"sl\":\"jambon-toscane-en-demi-mastro-19971\",\"sn\":\"\",\"idxP\":14},{\"mq\":\"Papille\",\"nm\":\"Rosette de Lyon \u00E0 la bi\u00E8re noire\",\"nme\":\"Rosette de Lyon with Beer\",\"attr\":\"\",\"sku\":\"07913\",\"l2\":\"Saucisson\",\"sl\":\"rosette-de-lyon-a-la-biere-noire-papille-07913\",\"sn\":\"\",\"idxP\":36},{\"mq\":\"Taillefer\",\"nm\":\"Creton r\u00E9gulier en vrac\",\"nme\":\"Regular Bulk Creton\",\"attr\":\"\",\"sku\":\"17831\",\"l2\":\"Charcuterie traiteur\",\"sl\":\"creton-regulier-en-vrac-taillefer-17831\",\"sn\":\"\",\"idxP\":5},{\"mq\":\"Prince\",\"nm\":\"Fl\u00E8che de bacon r\u00E9gulier\",\"nme\":\"Regular Bacon Slab\",\"attr\":\"\",\"sku\":\"20748\",\"l2\":\"Bacon et pancetta\",\"sl\":\"fleche-de-bacon-regulier-prince-20748\",\"sn\":\"\",\"idxP\":71},{\"mq\":\"Johnny\",\"nm\":\"Jambon italien entier\",\"nme\":\"Italian Cooked Ham whole\",\"attr\":\"\",\"sku\":\"20777\",\"l2\":\"Jambon\",\"sl\":\"jambon-italien-entier-johnny-20777\",\"sn\":\"\",\"idxP\":15},{\"mq\":\"Lafleur\",\"nm\":\"Jambon toupie fum\u00E9 1\\\/4 livre\",\"nme\":\"Toupie Smoked Ham\",\"attr\":\"Sans gluten, Aliment du Qu\u00E9bec, Produit local\",\"sku\":\"15882\",\"l2\":\"Jambon\",\"sl\":\"jambon-toupie-fume-14-livre-lafleur-15882\",\"sn\":\"\",\"idxP\":65},{\"mq\":\"Virginia\",\"nm\":\"Jambon fum\u00E9 \u00E0 l'ancienne entier\",\"nme\":\"Old Fashion Smoked Ham\",\"attr\":\"\",\"sku\":\"21723\",\"l2\":\"Jambon\",\"sl\":\"jambon-fume-a-lancienne-entier-virginia-21723\",\"sn\":\"\",\"idxP\":84},{\"mq\":\"Mastro\",\"nm\":\"Jambon r\u00F4ti au four romarin\",\"nme\":\"Rosemary Oven Roasted Ham\",\"attr\":\"\",\"sku\":\"20159\",\"l2\":\"Jambon\",\"sl\":\"jambon-roti-au-four-romarin-mastro-20159\",\"sn\":\"\",\"idxP\":24},{\"mq\":\"Virginia\",\"nm\":\"Jambon d\u00E9soss\u00E9 fum\u00E9 entier\",\"nme\":\"Whole Boneless Smoked Ham\",\"attr\":\"\",\"sku\":\"21721\",\"l2\":\"Jambon\",\"sl\":\"jambon-desosse-fume-entier-virginia-21721\",\"sn\":\"\",\"idxP\":69},{\"mq\":\"Gasp\u00E9sien\",\"nm\":\"Jambon cuit\",\"nme\":\"Cooked Ham\",\"attr\":\"Produit local\",\"sku\":\"22550\",\"l2\":\"Jambon\",\"sl\":\"jambon-cuit-gaspesien-22550\",\"sn\":\"\",\"idxP\":42},{\"mq\":\"Salumi\",\"nm\":\"Saucisson chorizo piquant\",\"nme\":\"Hot Chorizo Sausage\",\"attr\":\"\",\"sku\":\"20064\",\"l2\":\"Salami\",\"sl\":\"saucisson-chorizo-piquant-salumi-20064\",\"sn\":\"\",\"idxP\":78},{\"mq\":\"Virginia\",\"nm\":\"Jambon fum\u00E9 style toupie\",\"nme\":\"Toupie Style Smoked Ham\",\"attr\":\"\",\"sku\":\"21724\",\"l2\":\"Jambon\",\"sl\":\"jambon-fume-style-toupie-virginia-21724\",\"sn\":\"\",\"idxP\":91},{\"mq\":\"Fumagalli\",\"nm\":\"Pancetta fum\u00E9e\",\"nme\":\"Smoked Pancetta\",\"attr\":\"\",\"sku\":\"21563\",\"l2\":\"Bacon et pancetta\",\"sl\":\"pancetta-fumee-fumagalli-21563\",\"sn\":\"\",\"idxP\":10},{\"mq\":\"Piller's\",\"nm\":\"R\u00F4ti de b\u0153uf tranch\u00E9\",\"nme\":\"Sliced Roast Beef\",\"attr\":\"Sans gluten\",\"sku\":\"23541\",\"l2\":\"Boeuf\",\"sl\":\"roti-de-buf-tranche-pillers-23541\",\"sn\":\"\",\"idxP\":14},{\"mq\":\"Gasp\u00E9sien\",\"nm\":\"Jambon cuit tranch\u00E9\",\"nme\":\"Sliced Cooked Ham\",\"attr\":\"\",\"sku\":\"23614\",\"l2\":\"Jambon\",\"sl\":\"jambon-cuit-tranche-gaspesien-23614\",\"sn\":\"\",\"idxP\":42},{\"mq\":\"Gasp\u00E9sien\",\"nm\":\"Creton\",\"nme\":\"Creton\",\"attr\":\"Produit local\",\"sku\":\"22554\",\"l2\":\"Charcuterie traiteur\",\"sl\":\"creton-gaspesien-22554\",\"sn\":\"\",\"idxP\":56},{\"mq\":\"Gasp\u00E9sien\",\"nm\":\"Jambon fum\u00E9 genre toupie 3kg\",\"nme\":\"Toupie Style Smoked Ham 3kg\",\"attr\":\"Produit local\",\"sku\":\"23607\",\"l2\":\"Jambon\",\"sl\":\"jambon-fume-genre-toupie-3kg-gaspesien-23607\",\"sn\":\"\",\"idxP\":91},{\"mq\":\"Gasp\u00E9sien\",\"nm\":\"Jambon fum\u00E9 \u00E0 dejeuner\",\"nme\":\"Breakfast Smoked Ham\",\"attr\":\"Produit local\",\"sku\":\"23618\",\"l2\":\"Jambon\",\"sl\":\"jambon-fume-a-dejeuner-gaspesien-23618\",\"sn\":\"\",\"idxP\":22},{\"mq\":\"Gasp\u00E9sien\",\"nm\":\"Simili poulet carr\u00E9 tranch\u00E9\",\"nme\":\"Sliced Square Mock Chicken\",\"attr\":\"Produit local\",\"sku\":\"23628\",\"l2\":\"Bologne\",\"sl\":\"simili-poulet-carre-tranche-gaspesien-23628\",\"sn\":\"\",\"idxP\":42},{\"mq\":\"Gasp\u00E9sien\",\"nm\":\"Jambon blanc\",\"nme\":\"White Ham\",\"attr\":\"Produit local\",\"sku\":\"22551\",\"l2\":\"Jambon\",\"sl\":\"jambon-blanc-gaspesien-22551\",\"sn\":\"\",\"idxP\":43},{\"mq\":\"Gasp\u00E9sien\",\"nm\":\"Jambon blanc cuit tranch\u00E9\",\"nme\":\"Sliced  Cooked White Ham\",\"attr\":\"Produit local\",\"sku\":\"23625\",\"l2\":\"Jambon\",\"sl\":\"jambon-blanc-cuit-tranche-gaspesien-23625\",\"sn\":\"\",\"idxP\":35},{\"mq\":\"Lafleur\",\"nm\":\"Bacon tranch\u00E9\",\"nme\":\"Sliced Bacon\",\"attr\":\"Produit local\",\"sku\":\"29757\",\"l2\":\"Bacon et pancetta\",\"sl\":\"bacon-tranche-lafleur-29757\",\"sn\":\"\",\"idxP\":96},{\"mq\":\"Maple Lodge\",\"nm\":\"R\u00F4ti de poitrine de poulet cajun\",\"nme\":\"Cajun Chicken Breast Roast\",\"attr\":\"Sans gluten\",\"sku\":\"30992\",\"l2\":\"Poulet et dinde\",\"sl\":\"roti-de-poitrine-de-poulet-cajun-maple-lodge-30992\",\"sn\":\"\",\"idxP\":21},{\"mq\":\"Olymel\",\"nm\":\"Bacon\",\"nme\":\"Bacon\",\"attr\":\"\",\"sku\":\"30192\",\"l2\":\"Bacon et pancetta\",\"sl\":\"bacon-olymel-30192\",\"sn\":\"\",\"idxP\":96},{\"mq\":\"Brandt\",\"nm\":\"Haut de cuisse de dinde\",\"nme\":\"Top legs Turkey\",\"attr\":\"Sans gluten, Sans lactose\",\"sku\":\"32386\",\"l2\":\"Poulet et dinde\",\"sl\":\"haut-de-cuisse-de-dinde-brandt-32386\",\"sn\":\"\",\"idxP\":53},{\"mq\":\"Gasp\u00E9sien\",\"nm\":\"Jambon toupie en demi\",\"nme\":\"Half Toupie Ham\",\"attr\":\"Produit local\",\"sku\":\"23622\",\"l2\":\"Jambon\",\"sl\":\"jambon-toupie-en-demi-gaspesien-23622\",\"sn\":\"\",\"idxP\":25},{\"mq\":\"Gasp\u00E9sien\",\"nm\":\"Jambon toupie 1\\\/4\",\"nme\":\"Toupie Ham 1\\\/4\",\"attr\":\"Produit local\",\"sku\":\"23621\",\"l2\":\"Jambon\",\"sl\":\"jambon-toupie-14-gaspesien-23621\",\"sn\":\"\",\"idxP\":52},{\"mq\":\"Mastro\",\"nm\":\"Calabrese fort en demi\",\"nme\":\"Half Hot Calabrese\",\"attr\":\"Sans gluten, Sans lactose\",\"sku\":\"25241\",\"l2\":\"Salami\",\"sl\":\"calabrese-fort-en-demi-mastro-25241\",\"sn\":\"\",\"idxP\":31},{\"mq\":\"Gasp\u00E9sien\",\"nm\":\"Jambon P'tit classique\",\"nme\":\"Ptit Classic Ham\",\"attr\":\"Produit local\",\"sku\":\"23616\",\"l2\":\"Jambon\",\"sl\":\"jambon-ptit-classique-gaspesien-23616\",\"sn\":\"\",\"idxP\":37},{\"mq\":\"Salamico\",\"nm\":\"Bacon foret noire\",\"nme\":\"Black Forest Bacon\",\"attr\":\"Sans gluten, Produit local\",\"sku\":\"35470\",\"l2\":\"Bacon et pancetta\",\"sl\":\"bacon-foret-noire-salamico-35470\",\"sn\":\"\",\"idxP\":65},{\"mq\":\"Maple Lodge\",\"nm\":\"Poitrine de poulet cuite et tranch\u00E9e\",\"nme\":\"Sliced Cooked Chicken Breast\",\"attr\":\"\",\"sku\":\"36108\",\"l2\":\"Poulet et dinde\",\"sl\":\"poitrine-de-poulet-cuite-et-tranchee-maple-lodge-36108\",\"sn\":\"\",\"idxP\":22},{\"mq\":\"Brandt\",\"nm\":\"Pain de viande aux olives\",\"nme\":\"Olive Meat Bread\",\"attr\":\"\",\"sku\":\"32387\",\"l2\":\"Bologne\",\"sl\":\"pain-de-viande-aux-olives-brandt-32387\",\"sn\":\"piments\",\"idxP\":17},{\"mq\":\"Mastro\",\"nm\":\"Pancetta piquante piquante\",\"nme\":\"Classic Pancetta Hot\",\"attr\":\"Sans gluten, Sans lactose\",\"sku\":\"36684\",\"l2\":\"Bacon et pancetta\",\"sl\":\"pancetta-piquante-piquante-mastro-36684\",\"sn\":\"\",\"idxP\":12},{\"mq\":\"Gasp\u00E9sien\",\"nm\":\"Simili poulet carr\u00E9\",\"nme\":\"Square Chicken Mock\",\"attr\":\"\",\"sku\":\"37659\",\"l2\":\"Bologne\",\"sl\":\"simili-poulet-carre-gaspesien-37659\",\"sn\":\"\",\"idxP\":100},{\"mq\":\"Gasp\u00E9sien\",\"nm\":\"Jambon cuit style europ\u00E9en tranch\u00E9\",\"nme\":\"Sliced European Style Cooked Ham\",\"attr\":\"Produit local\",\"sku\":\"23624\",\"l2\":\"Jambon\",\"sl\":\"jambon-cuit-style-europeen-tranche-gaspesien-23624\",\"sn\":\"\",\"idxP\":33},{\"mq\":\"Salamico\",\"nm\":\"Bacon r\u00E9gulier\",\"nme\":\"Regular Bacon\",\"attr\":\"Sans gluten, Produit local\",\"sku\":\"35472\",\"l2\":\"Bacon et pancetta\",\"sl\":\"bacon-regulier-salamico-35472\",\"sn\":\"\",\"idxP\":75},{\"mq\":\"Mastro\",\"nm\":\"Pancetta classique\",\"nme\":\"Classic Pancetta\",\"attr\":\"\",\"sku\":\"36748\",\"l2\":\"Bacon et pancetta\",\"sl\":\"pancetta-classique-mastro-36748\",\"sn\":\"\",\"idxP\":36},{\"mq\":\"Salamico\",\"nm\":\"Bacon au poivre noir\",\"nme\":\"Black Pepper Bacon\",\"attr\":\"Sans gluten, Produit local\",\"sku\":\"37652\",\"l2\":\"Bacon et pancetta\",\"sl\":\"bacon-au-poivre-noir-salamico-37652\",\"sn\":\"\",\"idxP\":57},{\"mq\":\"Delstar\",\"nm\":\"Rosbif de ronde assaisonn\u00E9e cuite\",\"nme\":\"Cooked Seasoned Roast Beef\",\"attr\":\"\",\"sku\":\"47871\",\"l2\":\"Boeuf\",\"sl\":\"rosbif-de-ronde-assaisonnee-cuite-delstar-47871\",\"sn\":\"\",\"idxP\":81},{\"mq\":\"Virginia\",\"nm\":\"Poitrine de dinde cuite\",\"nme\":\"Cooked Turkey Breast Roast\",\"attr\":\"\",\"sku\":\"43020\",\"l2\":\"Poulet et dinde\",\"sl\":\"poitrine-de-dinde-cuite-virginia-43020\",\"sn\":\"\",\"idxP\":90},{\"mq\":\"Brandt\",\"nm\":\"Saucisson polonais\",\"nme\":\"Polish Sausage\",\"attr\":\"Sans gluten\",\"sku\":\"39014\",\"l2\":\"Saucisson\",\"sl\":\"saucisson-polonais-brandt-39014\",\"sn\":\"\",\"idxP\":71},{\"mq\":\"Fumagalli\",\"nm\":\"Coppa\",\"nme\":\"Coppa\",\"attr\":\"\",\"sku\":\"37809\",\"l2\":\"Prosciutto\",\"sl\":\"coppa-fumagalli-37809\",\"sn\":\"\",\"idxP\":7},{\"mq\":\"Mello\",\"nm\":\"Poitrine de boeuf \u00E0 l'ancienne\",\"nme\":\"Old Fashioned Beef Breast\",\"attr\":\"\",\"sku\":\"41091\",\"l2\":\"Viande fum\u00E9e\",\"sl\":\"poitrine-de-boeuf-a-lancienne-mello-41091\",\"sn\":\"oeufs\",\"idxP\":65},{\"mq\":\"Lafleur\",\"nm\":\"Bacon pr\u00E9-cuit\",\"nme\":\"Pre-cooked Bacon\",\"attr\":\"Sans gluten, Produit local\",\"sku\":\"42308\",\"l2\":\"Bacon et pancetta\",\"sl\":\"bacon-pre-cuit-lafleur-42308\",\"sn\":\"\",\"idxP\":60},{\"mq\":\"Korona\",\"nm\":\"Jambon d\u00E9soss\u00E9 fum\u00E9 \u00E0 l'ancienne\",\"nme\":\"Old Fashioned Smoked Ham\",\"attr\":\"\",\"sku\":\"42743\",\"l2\":\"Jambon\",\"sl\":\"jambon-desosse-fume-a-lancienne-korona-42743\",\"sn\":\"\",\"idxP\":42},{\"mq\":\"Lafleur\",\"nm\":\"Jambon cuit 4\\\"x6\\\"\",\"nme\":\"Cooked Ham 4\\\"x6\\\"\",\"attr\":\"Sans gluten, Aliment du Qu\u00E9bec, Produit local\",\"sku\":\"45026\",\"l2\":\"Jambon\",\"sl\":\"jambon-cuit-4x6-lafleur-45026\",\"sn\":\"\",\"idxP\":34},{\"mq\":\"San Daniele\",\"nm\":\"Demi speck sec\",\"nme\":\"Dry Half Speck\",\"attr\":\"\",\"sku\":\"39747\",\"l2\":\"Prosciutto\",\"sl\":\"demi-speck-sec-san-daniele-39747\",\"sn\":\"\",\"idxP\":14},{\"mq\":\"Virginia\",\"nm\":\"Poitrine de dinde fum\u00E9e\",\"nme\":\"Smoked Turkey Breast\",\"attr\":\"\",\"sku\":\"43583\",\"l2\":\"Poulet et dinde\",\"sl\":\"poitrine-de-dinde-fumee-virginia-43583\",\"sn\":\"\",\"idxP\":100},{\"mq\":\"Piller's\",\"nm\":\"Salami caliente\",\"nme\":\"Caliente Salami\",\"attr\":\"Sans gluten\",\"sku\":\"37104\",\"l2\":\"Salami\",\"sl\":\"salami-caliente-pillers-37104\",\"sn\":\"\",\"idxP\":11},{\"mq\":\"Roma\",\"nm\":\"Capicolle plat fort tranche\",\"nme\":\"Sliced Flat Hot Capicollo\",\"attr\":\"Aliment du Qu\u00E9bec, Produit local\",\"sku\":\"37318\",\"l2\":\"Capicolle\",\"sl\":\"capicolle-plat-fort-tranche-roma-37318\",\"sn\":\"capicolle\",\"idxP\":36},{\"mq\":\"Mello\",\"nm\":\"Pepperoni entier 2\\\"\",\"nme\":\"Whole Pepperoni 2\\\"\",\"attr\":\"\",\"sku\":\"41087\",\"l2\":\"Pepperoni\",\"sl\":\"pepperoni-entier-2-mello-41087\",\"sn\":\"\",\"idxP\":85},{\"mq\":\"Korona\",\"nm\":\"Jambon For\u00EAt Noire entier\",\"nme\":\"Whole Black Forest Ham\",\"attr\":\"\",\"sku\":\"42742\",\"l2\":\"Jambon\",\"sl\":\"jambon-foret-noire-entier-korona-42742\",\"sn\":\"\",\"idxP\":70},{\"mq\":\"Olymel\",\"nm\":\"Bologne r\u00E9gulier entier\",\"nme\":\"Whole Regular Bologna\",\"attr\":\"\",\"sku\":\"26486\",\"l2\":\"Bologne\",\"sl\":\"bologne-regulier-entier-olymel-26486\",\"sn\":\"\",\"idxP\":52},{\"mq\":\"L'H\u00E9ritage\",\"nm\":\"F\u00E8ves au lard cuites au four\",\"nme\":\"Oven-baked Beans with Pork\",\"attr\":\"Aliment du Qu\u00E9bec, Produit local\",\"sku\":\"34253\",\"l2\":\"Charcuterie traiteur\",\"sl\":\"feves-au-lard-cuites-au-four-lheritage-34253\",\"sn\":\"\",\"idxP\":74},{\"mq\":\"Arahova\",\"nm\":\"Trempette tzatziki\",\"nme\":\"Tzatziki Dip\",\"attr\":\"\",\"sku\":\"06918\",\"l2\":\"Pr\u00EAt \u00E0 manger\",\"sl\":\"trempette-tzatziki-arahova-06918\",\"sn\":\"\",\"idxP\":67},{\"mq\":\"Arahova\",\"nm\":\"Tzatziki\",\"nme\":\"Tzatziki\",\"attr\":\"\",\"sku\":\"06919\",\"l2\":\"Pr\u00EAt \u00E0 manger\",\"sl\":\"tzatziki-arahova-06919\",\"sn\":\"\",\"idxP\":50},{\"mq\":\"Piller's\",\"nm\":\"Pastrami tranch\u00E9\",\"nme\":\"Sliced Pastrami\",\"attr\":\"Sans gluten\",\"sku\":\"23542\",\"l2\":\"Viande fum\u00E9e\",\"sl\":\"pastrami-tranche-pillers-23542\",\"sn\":\"\",\"idxP\":37},{\"mq\":\"Mello\",\"nm\":\"Demi pointe de poitrine de boeuf fum\u00E9e\",\"nme\":\"Half Smoked Beef Brisket\",\"attr\":\"\",\"sku\":\"37325\",\"l2\":\"Viande fum\u00E9e\",\"sl\":\"demi-pointe-de-poitrine-de-boeuf-fumee-mello-37325\",\"sn\":\"oeufs\",\"idxP\":86},{\"mq\":\"Delstar\",\"nm\":\"Poitrine de b\u0153uf fum\u00E9e \u00E0 l\u2019ancienne enti\u00E8re\",\"nme\":\"Whole old-fashioned smoked beef brisket\",\"attr\":\"\",\"sku\":\"09651\",\"l2\":\"Viande fum\u00E9e\",\"sl\":\"poitrine-de-buf-fumee-a-lancienne-entiere-delstar-09651\",\"sn\":\"oeufs\",\"idxP\":34},{\"mq\":\"L'H\u00E9ritage\",\"nm\":\"F\u00E8ves au lard cuites au four\",\"nme\":\"Oven-baked Beans with Pork\",\"attr\":\"\",\"sku\":\"06434\",\"l2\":\"Charcuterie traiteur\",\"sl\":\"feves-au-lard-cuites-au-four-lheritage-06434\",\"sn\":\"\",\"idxP\":43},{\"mq\":\"Fontaine Sant\u00E9\",\"nm\":\"Hummus aux noix de pins r\u00F4ties\",\"nme\":\"Roasted Pine Nuts Hummus\",\"attr\":\"Sans gluten, Produit local\",\"sku\":\"18142\",\"l2\":\"Pr\u00EAt \u00E0 manger\",\"sl\":\"hummus-aux-noix-de-pins-roties-fontaine-sante-18142\",\"sn\":\"\",\"idxP\":51},{\"mq\":\"Fontaine Sant\u00E9\",\"nm\":\"Bruschetta traditionnelle\",\"nme\":\"Bruschetta\",\"attr\":\"Sans gluten, Produit local\",\"sku\":\"18145\",\"l2\":\"Pr\u00EAt \u00E0 manger\",\"sl\":\"bruschetta-traditionnelle-fontaine-sante-18145\",\"sn\":\"\",\"idxP\":51},{\"mq\":\"Fontaine Sant\u00E9\",\"nm\":\"Hummus aux jalapenos r\u00F4tis\",\"nme\":\"Roasted Jalapenos Hummus\",\"attr\":\"Sans gluten, Produit local\",\"sku\":\"18146\",\"l2\":\"Pr\u00EAt \u00E0 manger\",\"sl\":\"hummus-aux-jalapenos-rotis-fontaine-sante-18146\",\"sn\":\"\",\"idxP\":43},{\"mq\":\"Fontaine Sant\u00E9\",\"nm\":\"Hummus aux poivrons rouges r\u00F4tis\",\"nme\":\"Roasted Red Peppers Hummus\",\"attr\":\"Sans gluten, Produit local\",\"sku\":\"18144\",\"l2\":\"Pr\u00EAt \u00E0 manger\",\"sl\":\"hummus-aux-poivrons-rouges-rotis-fontaine-sante-18144\",\"sn\":\"\",\"idxP\":51},{\"mq\":\"Fontaine Sant\u00E9\",\"nm\":\"Hummus chipotle\",\"nme\":\"Chipotle Hummus\",\"attr\":\"Sans gluten, Produit local\",\"sku\":\"18140\",\"l2\":\"Pr\u00EAt \u00E0 manger\",\"sl\":\"hummus-chipotle-fontaine-sante-18140\",\"sn\":\"\",\"idxP\":25},{\"mq\":\"Fontaine Sant\u00E9\",\"nm\":\"Hummus artichaut r\u00F4ti \u00E9pinards\",\"nme\":\"Roasted Artichoke Spinach\",\"attr\":\"Sans gluten, Produit local\",\"sku\":\"18148\",\"l2\":\"Pr\u00EAt \u00E0 manger\",\"sl\":\"hummus-artichaut-roti-epinards-fontaine-sante-18148\",\"sn\":\"\u00E9pinards\",\"idxP\":38},{\"mq\":\"Fontaine Sant\u00E9\",\"nm\":\"Hummus aux oignons caram\u00E9lis\u00E9s\",\"nme\":\"Caramelized Onions Hummus\",\"attr\":\"Sans gluten, Produit local\",\"sku\":\"18141\",\"l2\":\"Pr\u00EAt \u00E0 manger\",\"sl\":\"hummus-aux-oignons-caramelises-fontaine-sante-18141\",\"sn\":\"onions, oignons\",\"idxP\":55},{\"mq\":\"MTL 457\",\"nm\":\"Jambon d\u00E9soss\u00E9 fum\u00E9 entier\",\"nme\":\"Whole Boneless Naturally Smoked Ham\",\"attr\":\"Sans gluten, Aliment du Qu\u00E9bec, Produit local\",\"sku\":\"21272\",\"l2\":\"Jambon\",\"sl\":\"jambon-desosse-fume-entier-mtl-457-21272\",\"sn\":\"\",\"idxP\":50},{\"mq\":\"Arahova\",\"nm\":\"Tzatziki\",\"nme\":\"Tzatziki\",\"attr\":\"\",\"sku\":\"06930\",\"l2\":\"Pr\u00EAt \u00E0 manger\",\"sl\":\"tzatziki-arahova-06930\",\"sn\":\"\",\"idxP\":42},{\"mq\":\"Maple Lodge\",\"nm\":\"Bacon au poulet halal\",\"nme\":\"Halal Chicken Bacon\",\"attr\":\"\",\"sku\":\"01038\",\"l2\":\"Charcuterie halal\",\"sl\":\"bacon-au-poulet-halal-maple-lodge-01038\",\"sn\":\"\",\"idxP\":91},{\"mq\":\"Olymel\",\"nm\":\"Poitrine de dinde cuite prestige\",\"nme\":\"Prestige Cooked Turkey Breast\",\"attr\":\"Sans gluten\",\"sku\":\"10501\",\"l2\":\"Poulet et dinde\",\"sl\":\"poitrine-de-dinde-cuite-prestige-olymel-10501\",\"sn\":\"\",\"idxP\":14},{\"mq\":\"Lafleur\",\"nm\":\"Creton\",\"nme\":\"Creton\",\"attr\":\"Produit local\",\"sku\":\"26635\",\"l2\":\"Charcuterie traiteur\",\"sl\":\"creton-lafleur-26635\",\"sn\":\"\",\"idxP\":72},{\"mq\":\"Salamico\",\"nm\":\"Saucisse oktoberfest\",\"nme\":\"Oktoberfest Sausage\",\"attr\":\"Sans gluten, Produit local\",\"sku\":\"35481\",\"l2\":\"Saucisse\",\"sl\":\"saucisse-oktoberfest-salamico-35481\",\"sn\":\"\",\"idxP\":40},{\"mq\":\"Piller's\",\"nm\":\"Dinde cuite tranch\u00E9e\",\"nme\":\"Sliced Cooked Turkey\",\"attr\":\"Sans gluten\",\"sku\":\"23540\",\"l2\":\"Poulet et dinde\",\"sl\":\"dinde-cuite-tranchee-pillers-23540\",\"sn\":\"\",\"idxP\":49},{\"mq\":\"Piller's\",\"nm\":\"Pepperoni en b\u00E2ton fort\",\"nme\":\"Hot Stick Pepperoni\",\"attr\":\"Sans gluten, Sans lactose\",\"sku\":\"22884\",\"l2\":\"Pepperoni\",\"sl\":\"pepperoni-en-baton-fort-pillers-22884\",\"sn\":\"\",\"idxP\":14},{\"mq\":\"Salamico\",\"nm\":\"Bacon paprika\",\"nme\":\"Paprika Bacon\",\"attr\":\"Sans gluten, Produit local\",\"sku\":\"35474\",\"l2\":\"Bacon et pancetta\",\"sl\":\"bacon-paprika-salamico-35474\",\"sn\":\"\",\"idxP\":53},{\"mq\":\"Maple Lodge\",\"nm\":\"Poitrine de poulet cuite au barbecue\",\"nme\":\"BBQ Cooked Chicken Breast\",\"attr\":\"Sans gluten\",\"sku\":\"36119\",\"l2\":\"Poulet et dinde\",\"sl\":\"poitrine-de-poulet-cuite-au-barbecue-maple-lodge-36119\",\"sn\":\"\",\"idxP\":5},{\"mq\":\"Gasp\u00E9sien\",\"nm\":\"Salami tranch\u00E9\",\"nme\":\"Sliced Salami\",\"attr\":\"Produit local\",\"sku\":\"23610\",\"l2\":\"Salami\",\"sl\":\"salami-tranche-gaspesien-23610\",\"sn\":\"\",\"idxP\":19},{\"mq\":\"Maison de Savoie\",\"nm\":\"Rosette au fromage de Savoie\",\"nme\":\"Dry Sausage with Savoie Cheese\",\"attr\":\"\",\"sku\":\"30923\",\"l2\":\"Saucisson\",\"sl\":\"rosette-au-fromage-de-savoie-maison-de-savoie-30923\",\"sn\":\"fromages\",\"idxP\":41},{\"mq\":\"Mastro\",\"nm\":\"Salami chorizo tranch\u00E9\",\"nme\":\"Sliced Chorizo Salami\",\"attr\":\"\",\"sku\":\"16714\",\"l2\":\"Salami\",\"sl\":\"salami-chorizo-tranche-mastro-16714\",\"sn\":\"\",\"idxP\":44},{\"mq\":\"Olymel\",\"nm\":\"Bacon r\u00E9duit en sel tranch\u00E9\",\"nme\":\"Sliced Bacon\",\"attr\":\"\",\"sku\":\"26633\",\"l2\":\"Bacon et pancetta\",\"sl\":\"bacon-reduit-en-sel-tranche-olymel-26633\",\"sn\":\"\",\"idxP\":66},{\"mq\":\"Olymel\",\"nm\":\"Bacon \u00E0 l'\u00E9rable tranch\u00E9\",\"nme\":\"Maple Bacon Sliced\",\"attr\":\"\",\"sku\":\"26634\",\"l2\":\"Bacon et pancetta\",\"sl\":\"bacon-a-lerable-tranche-olymel-26634\",\"sn\":\"\",\"idxP\":86},{\"mq\":\"Gasp\u00E9sien\",\"nm\":\"Simili poulet rond tranch\u00E9\",\"nme\":\"Sliced Round Mock Chicken\",\"attr\":\"Produit local\",\"sku\":\"23630\",\"l2\":\"Poulet et dinde\",\"sl\":\"simili-poulet-rond-tranche-gaspesien-23630\",\"sn\":\"\",\"idxP\":30},{\"mq\":\"Papille\",\"nm\":\"Rosette de Lyon au poivre noir\",\"nme\":\"Rosette de Lyon with Black Pepper\",\"attr\":\"\",\"sku\":\"10192\",\"l2\":\"Saucisson\",\"sl\":\"rosette-de-lyon-au-poivre-noir-papille-10192\",\"sn\":\"\",\"idxP\":40},{\"mq\":\"Fontaine Sant\u00E9\",\"nm\":\"Taboul\u00E9 salade de persil\",\"nme\":\"Parsley Salad Taboule\",\"attr\":\"Produit local\",\"sku\":\"30375\",\"l2\":\"Pr\u00EAt \u00E0 manger\",\"sl\":\"taboule-salade-de-persil-fontaine-sante-30375\",\"sn\":\"\",\"idxP\":35},{\"mq\":\"Fontaine Sant\u00E9\",\"nm\":\"Hummus traditionnel\",\"nme\":\"Traditional Hummus\",\"attr\":\"Sans gluten, Produit local\",\"sku\":\"30376\",\"l2\":\"Pr\u00EAt \u00E0 manger\",\"sl\":\"hummus-traditionnel-fontaine-sante-30376\",\"sn\":\"\",\"idxP\":78},{\"mq\":\"Fontaine Sant\u00E9\",\"nm\":\"Hummus \u00E0 l'ail r\u00F4ti\",\"nme\":\"Roasted Garlic Hummus\",\"attr\":\"Sans gluten, Produit local\",\"sku\":\"30381\",\"l2\":\"Pr\u00EAt \u00E0 manger\",\"sl\":\"hummus-a-lail-roti-fontaine-sante-30381\",\"sn\":\"\",\"idxP\":37},{\"mq\":\"Fontaine Sant\u00E9\",\"nm\":\"Salade de penne et feta\",\"nme\":\"Penne and Feta Salad 350 g\",\"attr\":\"Produit local\",\"sku\":\"30813\",\"l2\":\"Pr\u00EAt \u00E0 manger\",\"sl\":\"salade-de-penne-et-feta-fontaine-sante-30813\",\"sn\":\"\",\"idxP\":38},{\"mq\":\"Fontaine Sant\u00E9\",\"nm\":\"Hummus ail r\u00F4ti\",\"nme\":\"Roasted Garlic Hummus\",\"attr\":\"Sans gluten, Produit local\",\"sku\":\"33643\",\"l2\":\"Pr\u00EAt \u00E0 manger\",\"sl\":\"hummus-ail-roti-fontaine-sante-33643\",\"sn\":\"\",\"idxP\":50},{\"mq\":\"Fontaine Sant\u00E9\",\"nm\":\"Salade de trois f\u00E8ves\",\"nme\":\"Three-Bean Salad\",\"attr\":\"Sans gluten, Produit local\",\"sku\":\"32784\",\"l2\":\"Pr\u00EAt \u00E0 manger\",\"sl\":\"salade-de-trois-feves-fontaine-sante-32784\",\"sn\":\"\",\"idxP\":29},{\"mq\":\"Fontaine Sant\u00E9\",\"nm\":\"Hummus aux poivrons rouges r\u00F4tis\",\"nme\":\"Roasted Red Pepper Hummus\",\"attr\":\"Sans gluten, Produit local\",\"sku\":\"30380\",\"l2\":\"Pr\u00EAt \u00E0 manger\",\"sl\":\"hummus-aux-poivrons-rouges-rotis-fontaine-sante-30380\",\"sn\":\"\",\"idxP\":40},{\"mq\":\"Fontaine Sant\u00E9\",\"nm\":\"Salade de trois lentilles et canneberges\",\"nme\":\"Three-Lentil and Cranberry Salad\",\"attr\":\"Produit local\",\"sku\":\"30814\",\"l2\":\"Pr\u00EAt \u00E0 manger\",\"sl\":\"salade-de-trois-lentilles-et-canneberges-fontaine-sante-30814\",\"sn\":\"\",\"idxP\":32},{\"mq\":\"Fontaine Sant\u00E9\",\"nm\":\"Salade de couscous royale\",\"nme\":\"Royal Couscous Salad\",\"attr\":\"Produit local\",\"sku\":\"32785\",\"l2\":\"Pr\u00EAt \u00E0 manger\",\"sl\":\"salade-de-couscous-royale-fontaine-sante-32785\",\"sn\":\"\",\"idxP\":36},{\"mq\":\"Fontaine Sant\u00E9\",\"nm\":\"Salade de couscous\",\"nme\":\"Couscous Salad\",\"attr\":\"Produit local\",\"sku\":\"30379\",\"l2\":\"Pr\u00EAt \u00E0 manger\",\"sl\":\"salade-de-couscous-fontaine-sante-30379\",\"sn\":\"\",\"idxP\":38},{\"mq\":\"Arahova\",\"nm\":\"Tzatziki l\u00E9ger\",\"nme\":\"Tzatziki Light\",\"attr\":\"\",\"sku\":\"09950\",\"l2\":\"Pr\u00EAt \u00E0 manger\",\"sl\":\"tzatziki-leger-arahova-09950\",\"sn\":\"\",\"idxP\":20},{\"mq\":\"Krinos\",\"nm\":\"Caviar de carpe tartinade style grec\",\"nme\":\"Caviar, Carp, Greek Style Spread\",\"attr\":\"\",\"sku\":\"34112\",\"l2\":\"Autre\",\"sl\":\"caviar-de-carpe-tartinade-style-grec-krinos-34112\",\"sn\":\"\",\"idxP\":17},{\"mq\":\"Salamina\",\"nm\":\"Saucisse Grecque Loukaniko\",\"nme\":\"Greek Loukaniko Sausage\",\"attr\":\"Sans gluten\",\"sku\":\"28179\",\"l2\":\"Saucisse\",\"sl\":\"saucisse-grecque-loukaniko-salamina-28179\",\"sn\":\"\",\"idxP\":87},{\"mq\":\"Salamina\",\"nm\":\"Saucisse chorizo forte\",\"nme\":\"Hot Sausage Chorizo\",\"attr\":\"Sans gluten\",\"sku\":\"28178\",\"l2\":\"Saucisse\",\"sl\":\"saucisse-chorizo-forte-salamina-28178\",\"sn\":\"\",\"idxP\":100},{\"mq\":\"Salamina\",\"nm\":\"Saucisse chorizo douce\",\"nme\":\"Mild Sausage Chorizo\",\"attr\":\"Sans gluten\",\"sku\":\"28177\",\"l2\":\"Saucisse\",\"sl\":\"saucisse-chorizo-douce-salamina-28177\",\"sn\":\"\",\"idxP\":98},{\"mq\":\"Johnny\",\"nm\":\"Saucisse s\u00E8che longue forte\",\"nme\":\"Hot Long Dried Sausage\",\"attr\":\"\",\"sku\":\"28249\",\"l2\":\"Saucisse\",\"sl\":\"saucisse-seche-longue-forte-johnny-28249\",\"sn\":\"\",\"idxP\":58},{\"mq\":\"Piller's\",\"nm\":\"Jambon For\u00EAt Noire tranch\u00E9\",\"nme\":\"Sliced Black Forest Ham\",\"attr\":\"Sans gluten\",\"sku\":\"28330\",\"l2\":\"Jambon\",\"sl\":\"jambon-foret-noire-tranche-pillers-28330\",\"sn\":\"\",\"idxP\":24},{\"mq\":\"Piller's\",\"nm\":\"Salami hongrois piquant tranch\u00E9\",\"nme\":\"Sliced Hungarian Spicy Salami\",\"attr\":\"Sans gluten\",\"sku\":\"28327\",\"l2\":\"Salami\",\"sl\":\"salami-hongrois-piquant-tranche-pillers-28327\",\"sn\":\"\",\"idxP\":59},{\"mq\":\"L'H\u00E9ritage\",\"nm\":\"F\u00E8ves cuites au four avec m\u00E9lasse\",\"nme\":\"Oven-Baked Beans with Molasses\",\"attr\":\"Produit local\",\"sku\":\"28075\",\"l2\":\"Charcuterie traiteur\",\"sl\":\"feves-cuites-au-four-avec-melasse-lheritage-28075\",\"sn\":\"\",\"idxP\":13},{\"mq\":\"Olymel\",\"nm\":\"Poitrine de dinde fum\u00E9e tranch\u00E9e\",\"nme\":\"Sliced Smoked Turkey Breast\",\"attr\":\"Sans gluten\",\"sku\":\"28421\",\"l2\":\"Poulet et dinde\",\"sl\":\"poitrine-de-dinde-fumee-tranchee-olymel-28421\",\"sn\":\"\",\"idxP\":51},{\"mq\":\"Maison Fayard\",\"nm\":\"Minis Saucissons secs\",\"nme\":\"Small Dried Sausages\",\"attr\":\"\",\"sku\":\"28438\",\"l2\":\"Charcuterie traiteur\",\"sl\":\"minis-saucissons-secs-maison-fayard-28438\",\"sn\":\"\",\"idxP\":69},{\"mq\":\"Maison Fayard\",\"nm\":\"Les minis lyonnais - saucisson sec au Beaufort\",\"nme\":\"Dried Sausage with Beaufort Cheese\",\"attr\":\"\",\"sku\":\"28444\",\"l2\":\"Saucisson\",\"sl\":\"les-minis-lyonnais-saucisson-sec-au-beaufort-maison-fayard-28444\",\"sn\":\"\",\"idxP\":50},{\"mq\":\"Olymel\",\"nm\":\"Jambon fum\u00E9 for\u00EAt noire tranch\u00E9\",\"nme\":\"Sliced Black Forest Smoked Ham\",\"attr\":\"Sans gluten, Aliment du Qu\u00E9bec\",\"sku\":\"28424\",\"l2\":\"Jambon\",\"sl\":\"jambon-fume-foret-noire-tranche-olymel-28424\",\"sn\":\"\",\"idxP\":54},{\"mq\":\"Maison Fayard\",\"nm\":\"Les minis lyonnais - saucisson sec\",\"nme\":\"Dried Sausage\",\"attr\":\"\",\"sku\":\"28442\",\"l2\":\"Saucisson\",\"sl\":\"les-minis-lyonnais-saucisson-sec-maison-fayard-28442\",\"sn\":\"\",\"idxP\":77},{\"mq\":\"Olymel\",\"nm\":\"Jambon fum\u00E9 \u00E0 l'ancienne tranch\u00E9\",\"nme\":\"Sliced Old Fashion Smoked Ham\",\"attr\":\"Sans gluten, Aliment du Qu\u00E9bec\",\"sku\":\"28423\",\"l2\":\"Jambon\",\"sl\":\"jambon-fume-a-lancienne-tranche-olymel-28423\",\"sn\":\"\",\"idxP\":54},{\"mq\":\"Maison Fayard\",\"nm\":\"Les minis lyonnais - saucisson sec au noisette\",\"nme\":\"Dried Sausage with hazelnut\",\"attr\":\"\",\"sku\":\"28443\",\"l2\":\"Saucisson\",\"sl\":\"les-minis-lyonnais-saucisson-sec-au-noisette-maison-fayard-28443\",\"sn\":\"\",\"idxP\":65},{\"mq\":\"Maison Fayard\",\"nm\":\"Magret de canard s\u00E9ch\u00E9 du P\u00E9rigord\",\"nme\":\"Dried Duck Breast from P\u00E9rigord\",\"attr\":\"Sans gluten\",\"sku\":\"28461\",\"l2\":\"Canard\",\"sl\":\"magret-de-canard-seche-du-perigord-maison-fayard-28461\",\"sn\":\"\",\"idxP\":48},{\"mq\":\"Maison Fayard\",\"nm\":\"Bloc de foie gras de canard\",\"nme\":\"Duck Foie Gras Block\",\"attr\":\"\",\"sku\":\"28477\",\"l2\":\"Canard\",\"sl\":\"bloc-de-foie-gras-de-canard-maison-fayard-28477\",\"sn\":\"\",\"idxP\":37},{\"mq\":\"Olymel\",\"nm\":\"Poitrine de dinde cuite tranch\u00E9e\",\"nme\":\"Sliced Cooked Turkey Breast\",\"attr\":\"Sans gluten\",\"sku\":\"28420\",\"l2\":\"Poulet et dinde\",\"sl\":\"poitrine-de-dinde-cuite-tranchee-olymel-28420\",\"sn\":\"\",\"idxP\":48},{\"mq\":\"Maison Fayard\",\"nm\":\"Mini Chorizo\",\"nme\":\"Mini Chorizo\",\"attr\":\"\",\"sku\":\"28445\",\"l2\":\"Saucisson\",\"sl\":\"mini-chorizo-maison-fayard-28445\",\"sn\":\"\",\"idxP\":49},{\"mq\":\"Maison Fayard\",\"nm\":\"Mousse de canard\",\"nme\":\"Duck Mousse\",\"attr\":\"\",\"sku\":\"28482\",\"l2\":\"Canard\",\"sl\":\"mousse-de-canard-maison-fayard-28482\",\"sn\":\"\",\"idxP\":12},{\"mq\":\"Plaisirs Gastronomiques\",\"nm\":\"Quiche jambon et asperges\",\"nme\":\"Quiche Ham and Asparagus\",\"attr\":\"Produit local\",\"sku\":\"28558\",\"l2\":\"Pr\u00EAt \u00E0 manger\",\"sl\":\"quiche-jambon-et-asperges-plaisirs-gastronomiques-28558\",\"sn\":\"\",\"idxP\":13},{\"mq\":\"Plaisirs Gastronomiques\",\"nm\":\"Cuisses canard confit\",\"nme\":\"Confit Duck Legs\",\"attr\":\"Sans gluten, Produit local\",\"sku\":\"28559\",\"l2\":\"Pr\u00EAt \u00E0 manger\",\"sl\":\"cuisses-canard-confit-plaisirs-gastronomiques-28559\",\"sn\":\"\",\"idxP\":58},{\"mq\":\"Plaisirs Gastronomiques\",\"nm\":\"Porc effiloch\u00E9\",\"nme\":\"Pulled Pork\",\"attr\":\"Produit local\",\"sku\":\"28562\",\"l2\":\"Pr\u00EAt \u00E0 manger\",\"sl\":\"porc-effiloche-plaisirs-gastronomiques-28562\",\"sn\":\"phyllo\",\"idxP\":33},{\"mq\":\"Plaisirs Gastronomiques\",\"nm\":\"Osso bucco de porc\",\"nme\":\"Pork Osso Bucco\",\"attr\":\"Sans gluten, Produit local\",\"sku\":\"28563\",\"l2\":\"Pr\u00EAt \u00E0 manger\",\"sl\":\"osso-bucco-de-porc-plaisirs-gastronomiques-28563\",\"sn\":\"\",\"idxP\":44},{\"mq\":\"Plaisirs Gastronomiques\",\"nm\":\"Feuillet\u00E9 poulet brocoli et cheddar\",\"nme\":\"Chicken Broccoli and Cheddar Puff Pastry\",\"attr\":\"Produit local\",\"sku\":\"28554\",\"l2\":\"Pr\u00EAt \u00E0 manger\",\"sl\":\"feuillete-poulet-brocoli-et-cheddar-plaisirs-gastronomiques-28554\",\"sn\":\"\",\"idxP\":15},{\"mq\":\"Plaisirs Gastronomiques\",\"nm\":\"Cuisse de poulet portugais\",\"nme\":\"Portuguese Chicken Leg\",\"attr\":\"Sans gluten, Produit local\",\"sku\":\"28570\",\"l2\":\"Pr\u00EAt \u00E0 manger\",\"sl\":\"cuisse-de-poulet-portugais-plaisirs-gastronomiques-28570\",\"sn\":\"\",\"idxP\":23},{\"mq\":\"Plaisirs Gastronomiques\",\"nm\":\"Ratatouille\",\"nme\":\"Ratatouille\",\"attr\":\"Sans gluten, Produit local\",\"sku\":\"28569\",\"l2\":\"Pr\u00EAt \u00E0 manger\",\"sl\":\"ratatouille-plaisirs-gastronomiques-28569\",\"sn\":\"\",\"idxP\":14},{\"mq\":\"Plaisirs Gastronomiques\",\"nm\":\"Quiche lorraine\",\"nme\":\"Quiche Lorraine\",\"attr\":\"Produit local\",\"sku\":\"36960\",\"l2\":\"Pr\u00EAt \u00E0 manger\",\"sl\":\"quiche-lorraine-plaisirs-gastronomiques-36960\",\"sn\":\"\",\"idxP\":13},{\"mq\":\"Plaisirs Gastronomiques\",\"nm\":\"Poulet au beurre\",\"nme\":\"Butter Chicken\",\"attr\":\"Sans gluten, Produit local\",\"sku\":\"28564\",\"l2\":\"Pr\u00EAt \u00E0 manger\",\"sl\":\"poulet-au-beurre-plaisirs-gastronomiques-28564\",\"sn\":\"\",\"idxP\":33},{\"mq\":\"Arahova\",\"nm\":\"Hummus\",\"nme\":\"Hummus\",\"attr\":\"\",\"sku\":\"24099\",\"l2\":\"Pr\u00EAt \u00E0 manger\",\"sl\":\"hummus-arahova-24099\",\"sn\":\"\",\"idxP\":27},{\"mq\":\"Fontaine Sant\u00E9\",\"nm\":\"Salade couscous perle\",\"nme\":\"Pearl Couscous Salad\",\"attr\":\"Produit local\",\"sku\":\"29141\",\"l2\":\"Pr\u00EAt \u00E0 manger\",\"sl\":\"salade-couscous-perle-fontaine-sante-29141\",\"sn\":\"\",\"idxP\":27},{\"mq\":\"Salamico\",\"nm\":\"Saucisse viennoise\",\"nme\":\"Viennoise Sausage\",\"attr\":\"Sans gluten, Produit local\",\"sku\":\"29420\",\"l2\":\"Saucisse\",\"sl\":\"saucisse-viennoise-salamico-29420\",\"sn\":\"\",\"idxP\":34},{\"mq\":\"Salamico\",\"nm\":\"Saucisse debreciner douce\",\"nme\":\"Mild Debreciner Sausage\",\"attr\":\"Sans gluten, Produit local\",\"sku\":\"29421\",\"l2\":\"Saucisse\",\"sl\":\"saucisse-debreciner-douce-salamico-29421\",\"sn\":\"\",\"idxP\":19},{\"mq\":\"Salamico\",\"nm\":\"Saucisse knackwurst\",\"nme\":\"Knackwurst Sausage\",\"attr\":\"Sans gluten, Produit local\",\"sku\":\"29419\",\"l2\":\"Saucisse\",\"sl\":\"saucisse-knackwurst-salamico-29419\",\"sn\":\"\",\"idxP\":31},{\"mq\":\"Salamico\",\"nm\":\"Saucisse weisswurst\",\"nme\":\"Weisswurst Sausage\",\"attr\":\"Sans gluten, Produit local\",\"sku\":\"29423\",\"l2\":\"Saucisse\",\"sl\":\"saucisse-weisswurst-salamico-29423\",\"sn\":\"\",\"idxP\":38},{\"mq\":\"Salamico\",\"nm\":\"Saucisse debreciner forte\",\"nme\":\"Hot Debreciner Sausage\",\"attr\":\"Sans gluten, Produit local\",\"sku\":\"29422\",\"l2\":\"Saucisse\",\"sl\":\"saucisse-debreciner-forte-salamico-29422\",\"sn\":\"\",\"idxP\":18},{\"mq\":\"Cochonnailles\",\"nm\":\"Bloc de foie gras de canard\",\"nme\":\"Block of Duck Foie Gras\",\"attr\":\"\",\"sku\":\"50846\",\"l2\":\"Charcuterie traiteur\",\"sl\":\"bloc-de-foie-gras-de-canard-cochonnailles-50846\",\"sn\":\"\",\"idxP\":96},{\"mq\":\"Roma\",\"nm\":\"Pepperoni piquant tranch\u00E9\",\"nme\":\"Sliced Spicy Pepperoni\",\"attr\":\"Aliment du Qu\u00E9bec, Produit local\",\"sku\":\"29493\",\"l2\":\"Pepperoni\",\"sl\":\"pepperoni-piquant-tranche-roma-29493\",\"sn\":\"\",\"idxP\":91},{\"mq\":\"Lafleur\",\"nm\":\"Bacon pr\u00E9-cuit teneur r\u00E9duite en sodium\",\"nme\":\"Less Salt Pre Cooked Bacon\",\"attr\":\"Sans gluten, Produit local\",\"sku\":\"29468\",\"l2\":\"Bacon et pancetta\",\"sl\":\"bacon-pre-cuit-teneur-reduite-en-sodium-lafleur-29468\",\"sn\":\"\",\"idxP\":14},{\"mq\":\"Roma\",\"nm\":\"Capicolle \u00E0 l'ancienne doux\",\"nme\":\"Old Fashion Mild Capicollo\",\"attr\":\"Aliment du Qu\u00E9bec, Produit local\",\"sku\":\"29494\",\"l2\":\"Capicolle\",\"sl\":\"capicolle-a-lancienne-doux-roma-29494\",\"sn\":\"\",\"idxP\":46},{\"mq\":\"Roma\",\"nm\":\"Pepperoni r\u00E9gulier tranch\u00E9\",\"nme\":\"Sliced Regular Pepperoni\",\"attr\":\"Aliment du Qu\u00E9bec, Produit local\",\"sku\":\"29492\",\"l2\":\"Pepperoni\",\"sl\":\"pepperoni-regulier-tranche-roma-29492\",\"sn\":\"\",\"idxP\":100},{\"mq\":\"Salamico\",\"nm\":\"Grison entier\",\"nme\":\"Grison\",\"attr\":\"Sans gluten\",\"sku\":\"29611\",\"l2\":\"Prosciutto\",\"sl\":\"grison-entier-salamico-29611\",\"sn\":\"\",\"idxP\":26},{\"mq\":\"Salamico\",\"nm\":\"Saucisson \u00E0 l'ail\",\"nme\":\"Whole Garlic Salami\",\"attr\":\"\",\"sku\":\"29609\",\"l2\":\"Saucisson\",\"sl\":\"saucisson-a-lail-salamico-29609\",\"sn\":\"\",\"idxP\":54},{\"mq\":\"Salamico\",\"nm\":\"Saucisson lyoner entier\",\"nme\":\"Whole Lyoner Salami\",\"attr\":\"\",\"sku\":\"29607\",\"l2\":\"Saucisson\",\"sl\":\"saucisson-lyoner-entier-salamico-29607\",\"sn\":\"\",\"idxP\":43},{\"mq\":\"Plaisirs Gastronomiques\",\"nm\":\"Boulettes \u00E0 l'italienne\",\"nme\":\"Italian Style Meatballs\",\"attr\":\"Sans gluten, Produit local\",\"sku\":\"29687\",\"l2\":\"Pr\u00EAt \u00E0 manger\",\"sl\":\"boulettes-a-litalienne-plaisirs-gastronomiques-29687\",\"sn\":\"\",\"idxP\":32},{\"mq\":\"Fontaine Sant\u00E9\",\"nm\":\"Hummus au chocolat noir\",\"nme\":\"Dark Chocolate Hummus\",\"attr\":\"Produit local\",\"sku\":\"29686\",\"l2\":\"Pr\u00EAt \u00E0 manger\",\"sl\":\"hummus-au-chocolat-noir-fontaine-sante-29686\",\"sn\":\"\",\"idxP\":32},{\"mq\":\"Bio Bon\",\"nm\":\"V\u00E9g\u00E9-p\u00E2t\u00E9 traditionnel\",\"nme\":\"Tradionnal vege-pate\",\"attr\":\"\",\"sku\":\"29838\",\"l2\":\"Pr\u00EAt \u00E0 manger\",\"sl\":\"vege-pate-traditionnel-bio-bon-29838\",\"sn\":\"\",\"idxP\":25},{\"mq\":\"Bio Bon\",\"nm\":\"V\u00E9g\u00E9-p\u00E2t\u00E9 sans gluten\",\"nme\":\"Gluten free vege pate\",\"attr\":\"Sans gluten\",\"sku\":\"29840\",\"l2\":\"Pr\u00EAt \u00E0 manger\",\"sl\":\"vege-pate-sans-gluten-bio-bon-29840\",\"sn\":\"\",\"idxP\":10},{\"mq\":\"Bio Bon\",\"nm\":\"V\u00E9g\u00E9-p\u00E2t\u00E9 sans gluten\",\"nme\":\"VEGE PATE GLUTEN FREE\",\"attr\":\"Sans gluten\",\"sku\":\"29839\",\"l2\":\"Pr\u00EAt \u00E0 manger\",\"sl\":\"vege-pate-sans-gluten-bio-bon-29839\",\"sn\":\"\",\"idxP\":17},{\"mq\":\"Bio Bon\",\"nm\":\"V\u00E9g\u00E9-p\u00E2t\u00E9 traditionnel\",\"nme\":\"Tradionnal vege-pate\",\"attr\":\"\",\"sku\":\"29841\",\"l2\":\"Pr\u00EAt \u00E0 manger\",\"sl\":\"vege-pate-traditionnel-bio-bon-29841\",\"sn\":\"\",\"idxP\":13},{\"mq\":\"Du Breton\",\"nm\":\"Bacon bio tranche\",\"nme\":\"sliced organic bacon\",\"attr\":\"Biologique, Produit local\",\"sku\":\"29788\",\"l2\":\"Bacon et pancetta\",\"sl\":\"bacon-bio-tranche-du-breton-29788\",\"sn\":\"biologique, bio, organic, organique\",\"idxP\":30},{\"mq\":\"Rustica\",\"nm\":\"Cro\u00FBte \u00E0 pizza 12\\\" x2\",\"nme\":\"Pizza Crust 12\\\" x2\",\"attr\":\"Produit local\",\"sku\":\"30001\",\"l2\":\"Pr\u00EAt \u00E0 manger\",\"sl\":\"croute-a-pizza-12-x2-rustica-30001\",\"sn\":\"\",\"idxP\":42},{\"mq\":\"Rustica\",\"nm\":\"Cro\u00FBte \u00E0 pizza 7\\\" x3\",\"nme\":\"Pizza Crust 7\\\" x3\",\"attr\":\"Produit local\",\"sku\":\"29998\",\"l2\":\"Pr\u00EAt \u00E0 manger\",\"sl\":\"croute-a-pizza-7-x3-rustica-29998\",\"sn\":\"\",\"idxP\":27},{\"mq\":\"Rustica\",\"nm\":\"Pizza tomate bambino\",\"nme\":\"Bambino Tomato Pizza\",\"attr\":\"Produit local\",\"sku\":\"30002\",\"l2\":\"Pr\u00EAt \u00E0 manger\",\"sl\":\"pizza-tomate-bambino-rustica-30002\",\"sn\":\"tomates\",\"idxP\":87},{\"mq\":\"Rea\",\"nm\":\"Saucisse s\u00E8che cacciatore forte fenouil longue\",\"nme\":\"Long Hot Fennel Cacciatore Dry Sausage\",\"attr\":\"\",\"sku\":\"10031\",\"l2\":\"Saucisson\",\"sl\":\"saucisse-seche-cacciatore-forte-fenouil-longue-rea-10031\",\"sn\":\"\",\"idxP\":12},{\"mq\":\"Rea\",\"nm\":\"Saucisse s\u00E8che cacciatore forte longue\",\"nme\":\"Long Hot Fennel Cacciatore Dry Sausage\",\"attr\":\"\",\"sku\":\"11004\",\"l2\":\"Saucisson\",\"sl\":\"saucisse-seche-cacciatore-forte-longue-rea-11004\",\"sn\":\"\",\"idxP\":15},{\"mq\":\"Rea\",\"nm\":\"Saucisse s\u00E8che cacciatore douce fenouil longue\",\"nme\":\"Long Mild Fennel Cacciatore Dry Sausage\",\"attr\":\"\",\"sku\":\"10033\",\"l2\":\"Saucisson\",\"sl\":\"saucisse-seche-cacciatore-douce-fenouil-longue-rea-10033\",\"sn\":\"\",\"idxP\":9},{\"mq\":\"Virginia\",\"nm\":\"Jambon fum\u00E9 For\u00EAt Noire entier\",\"nme\":\"Black Forest Smoked Ham\",\"attr\":\"\",\"sku\":\"21722\",\"l2\":\"Jambon\",\"sl\":\"jambon-fume-foret-noire-entier-virginia-21722\",\"sn\":\"\",\"idxP\":95},{\"mq\":\"Brandt\",\"nm\":\"Pilon de dinde fum\u00E9\",\"nme\":\"Smoked Turkey Drumsticks\",\"attr\":\"Sans gluten, Sans lactose\",\"sku\":\"00242\",\"l2\":\"Poulet et dinde\",\"sl\":\"pilon-de-dinde-fume-brandt-00242\",\"sn\":\"\",\"idxP\":77},{\"mq\":\"Brandt\",\"nm\":\"Mini-saucisson au fromage \u00E9pic\u00E9\",\"nme\":\"Mini Spicy Cheese Sausage\",\"attr\":\"Sans gluten\",\"sku\":\"40215\",\"l2\":\"Saucisse\",\"sl\":\"mini-saucisson-au-fromage-epice-brandt-40215\",\"sn\":\"fromages\",\"idxP\":26},{\"mq\":\"Rea\",\"nm\":\"Prosciuttini doux\",\"nme\":\"Mild Prosciuttini\",\"attr\":\"\",\"sku\":\"40216\",\"l2\":\"Prosciutto\",\"sl\":\"prosciuttini-doux-rea-40216\",\"sn\":\"\",\"idxP\":41},{\"mq\":\"Rea\",\"nm\":\"Prosciuttini fort\",\"nme\":\"Hot Prosciuttini\",\"attr\":\"\",\"sku\":\"40217\",\"l2\":\"Prosciutto\",\"sl\":\"prosciuttini-fort-rea-40217\",\"sn\":\"\",\"idxP\":33},{\"mq\":\"Brandt\",\"nm\":\"Jambon fum\u00E9 moiti\u00E9 prague\",\"nme\":\"Half Prague Smoked ham\",\"attr\":\"Sans gluten\",\"sku\":\"00234\",\"l2\":\"Prosciutto\",\"sl\":\"jambon-fume-moitie-prague-brandt-00234\",\"sn\":\"\",\"idxP\":52},{\"mq\":\"Plaisirs Gastronomiques\",\"nm\":\"Vol-au-vent au poulet\",\"nme\":\"Chicken vol-au-vent\",\"attr\":\"Produit local\",\"sku\":\"31439\",\"l2\":\"Pr\u00EAt \u00E0 manger\",\"sl\":\"vol-au-vent-au-poulet-plaisirs-gastronomiques-31439\",\"sn\":\"\",\"idxP\":17},{\"mq\":\"Levitts\",\"nm\":\"Poitrine de boeuf fum\u00E9e demie \u00E0 l'ancienne\",\"nme\":\"Old Fashioned Half Smoked Meat\",\"attr\":\"\",\"sku\":\"31463\",\"l2\":\"Viande fum\u00E9e\",\"sl\":\"poitrine-de-boeuf-fumee-demie-a-lancienne-levitts-31463\",\"sn\":\"oeufs\",\"idxP\":56},{\"mq\":\"MTL 457\",\"nm\":\"\u00C9paule de porc fum\u00E9e au bois d'\u00E9rable\",\"nme\":\"Whole Maple Wood Smoked Pork Shoulder\",\"attr\":\"Sans gluten, Aliment du Qu\u00E9bec, Produit local\",\"sku\":\"09827\",\"l2\":\"Jambon\",\"sl\":\"epaule-de-porc-fumee-au-bois-derable-mtl-457-09827\",\"sn\":\"\",\"idxP\":100},{\"mq\":\"Olymel\",\"nm\":\"Bacon fum\u00E9 tranch\u00E9 20\\\/2\",\"nme\":\"Sliced smoked bacon 20\\\/2\",\"attr\":\"\",\"sku\":\"31450\",\"l2\":\"Bacon et pancetta\",\"sl\":\"bacon-fume-tranche-202-olymel-31450\",\"sn\":\"\",\"idxP\":35},{\"mq\":\"Lesters\",\"nm\":\"Pepperoni Amerigo entier\",\"nme\":\"Whole Amerigo Pepperoni\",\"attr\":\"Produit local\",\"sku\":\"11676\",\"l2\":\"Pepperoni\",\"sl\":\"pepperoni-amerigo-entier-lesters-11676\",\"sn\":\"\",\"idxP\":63},{\"mq\":\"Salamico\",\"nm\":\"Saucisson de foie campagne\",\"nme\":\"Country Style Liver Sausage\",\"attr\":\"\",\"sku\":\"29786\",\"l2\":\"Charcuterie traiteur\",\"sl\":\"saucisson-de-foie-campagne-salamico-29786\",\"sn\":\"\",\"idxP\":27},{\"mq\":\"Salamico\",\"nm\":\"Saucisson de foie fin\",\"nme\":\"Fine Liver Sausage\",\"attr\":\"\",\"sku\":\"29787\",\"l2\":\"Charcuterie traiteur\",\"sl\":\"saucisson-de-foie-fin-salamico-29787\",\"sn\":\"\",\"idxP\":36},{\"mq\":\"Salamico\",\"nm\":\"Saucisson de foie fines herbes\",\"nme\":\"Fine Herbs Liver Sausage\",\"attr\":\"\",\"sku\":\"29785\",\"l2\":\"Charcuterie traiteur\",\"sl\":\"saucisson-de-foie-fines-herbes-salamico-29785\",\"sn\":\"\",\"idxP\":31},{\"mq\":\"Rea\",\"nm\":\"Saucisse s\u00E8che cacciatore douce longue\",\"nme\":\"Long Mild Fennel Cacciatore Dry Sausage\",\"attr\":\"\",\"sku\":\"11002\",\"l2\":\"Saucisson\",\"sl\":\"saucisse-seche-cacciatore-douce-longue-rea-11002\",\"sn\":\"\",\"idxP\":16},{\"mq\":\"Delstar\",\"nm\":\"Poitrine b\u0153uf fum\u00E9e demi reg.  Coupe du centre\",\"nme\":\"Smoked beef brisket reg. Half center cut\",\"attr\":\"\",\"sku\":\"47868\",\"l2\":\"Viande fum\u00E9e\",\"sl\":\"poitrine-buf-fumee-demi-reg.-coupe-du-centre-delstar-47868\",\"sn\":\"\",\"idxP\":30},{\"mq\":\"Brandt\",\"nm\":\"Mini-saucisson fermier fum\u00E9\",\"nme\":\"Mini Smoked Farmer Sausage\",\"attr\":\"Sans gluten, Sans lactose\",\"sku\":\"31794\",\"l2\":\"Saucisse\",\"sl\":\"mini-saucisson-fermier-fume-brandt-31794\",\"sn\":\"\",\"idxP\":51},{\"mq\":\"Lesters\",\"nm\":\"Poitrine de boeuf fum\u00E9e \u00E0 l'ancienne\",\"nme\":\"Old-Fashioned Smoked Brisket\",\"attr\":\"\",\"sku\":\"31669\",\"l2\":\"Viande fum\u00E9e\",\"sl\":\"poitrine-de-boeuf-fumee-a-lancienne-lesters-31669\",\"sn\":\"\",\"idxP\":91},{\"mq\":\"Plaisirs Gastronomiques\",\"nm\":\"C\u00F4tes lev\u00E9es barbecue\",\"nme\":\"Barbecue Pork Back Ribs\",\"attr\":\"Produit local\",\"sku\":\"31444\",\"l2\":\"Pr\u00EAt \u00E0 manger\",\"sl\":\"cotes-levees-barbecue-plaisirs-gastronomiques-31444\",\"sn\":\"BBQ\",\"idxP\":72},{\"mq\":\"Lesters\",\"nm\":\"Poitrine de boeuf fum\u00E9e\",\"nme\":\"Smoked Meat Brisket\",\"attr\":\"\",\"sku\":\"32150\",\"l2\":\"Viande fum\u00E9e\",\"sl\":\"poitrine-de-boeuf-fumee-lesters-32150\",\"sn\":\"\",\"idxP\":78},{\"mq\":\"Golosini\",\"nm\":\"Nduja\",\"nme\":\"Nduja\",\"attr\":\"Sans gluten\",\"sku\":\"31662\",\"l2\":\"Prosciutto\",\"sl\":\"nduja-golosini-31662\",\"sn\":\"\",\"idxP\":11},{\"mq\":\"Lesters\",\"nm\":\"Poitrine de ronde de boeuf\",\"nme\":\"Rounded Smoked Brisket\",\"attr\":\"\",\"sku\":\"32143\",\"l2\":\"Viande fum\u00E9e\",\"sl\":\"poitrine-de-ronde-de-boeuf-lesters-32143\",\"sn\":\"\",\"idxP\":100},{\"mq\":\"Mayrand CHEF\",\"nm\":\"Cretons\",\"nme\":\"Cretons\",\"attr\":\"Sans gluten, Aliment du Qu\u00E9bec, Produit local\",\"sku\":\"35232\",\"l2\":\"Charcuterie traiteur\",\"sl\":\"cretons-mayrand-chef-35232\",\"sn\":\"\",\"idxP\":100},{\"mq\":\"Delstar\",\"nm\":\"Poitrine boeuf fum\u00E9 demie\",\"nme\":\"Smoked Brisket Beef Half\",\"attr\":\"\",\"sku\":\"29784\",\"l2\":\"Viande fum\u00E9e\",\"sl\":\"poitrine-boeuf-fume-demie-delstar-29784\",\"sn\":\"oeufs\",\"idxP\":72},{\"mq\":\"San Daniele\",\"nm\":\"Mortadelle tranch\u00E9\",\"nme\":\"Sliced mortadella\",\"attr\":\"\",\"sku\":\"39750\",\"l2\":\"Mortadelle\",\"sl\":\"mortadelle-tranche-san-daniele-39750\",\"sn\":\"\",\"idxP\":69},{\"mq\":\"Mastro\",\"nm\":\"Salami genoa doux tranch\u00E9\",\"nme\":\"Sliced Mild Genoa Salami\",\"attr\":\"\",\"sku\":\"39774\",\"l2\":\"Salami\",\"sl\":\"salami-genoa-doux-tranche-mastro-39774\",\"sn\":\"\",\"idxP\":82},{\"mq\":\"Marc Angelo\",\"nm\":\"Coppa tranch\u00E9\",\"nme\":\"Sliced Coppa\",\"attr\":\"\",\"sku\":\"39613\",\"l2\":\"Prosciutto\",\"sl\":\"coppa-tranche-marc-angelo-39613\",\"sn\":\"\",\"idxP\":90},{\"mq\":\"Roma\",\"nm\":\"Pepperoni tranch\u00E9 bellavita\",\"nme\":\"Bellavita sliced pepperoni\",\"attr\":\"Sans gluten\",\"sku\":\"39193\",\"l2\":\"Pepperoni\",\"sl\":\"pepperoni-tranche-bellavita-roma-39193\",\"sn\":\"\",\"idxP\":36},{\"mq\":\"Marc Angelo\",\"nm\":\"Antipasto misto tranch\u00E9\",\"nme\":\"Sliced Antipasto Misto\",\"attr\":\"\",\"sku\":\"39635\",\"l2\":\"Salami\",\"sl\":\"antipasto-misto-tranche-marc-angelo-39635\",\"sn\":\"\",\"idxP\":91},{\"mq\":\"Paysan\",\"nm\":\"Jambon hach\u00E9\",\"nme\":\"Chopped ham\",\"attr\":\"Aliment du Qu\u00E9bec, Produit local\",\"sku\":\"38814\",\"l2\":\"Jambon\",\"sl\":\"jambon-hache-paysan-38814\",\"sn\":\"\",\"idxP\":21},{\"mq\":\"Marc Angelo\",\"nm\":\"Proscuitto tranch\u00E9\",\"nme\":\"Sliced Proscuitto\",\"attr\":\"\",\"sku\":\"39633\",\"l2\":\"Prosciutto\",\"sl\":\"proscuitto-tranche-marc-angelo-39633\",\"sn\":\"\",\"idxP\":87},{\"mq\":\"San Daniele\",\"nm\":\"Mortadelle maigre tranch\u00E9\",\"nme\":\"Sliced lean mortadella\",\"attr\":\"\",\"sku\":\"39703\",\"l2\":\"Mortadelle\",\"sl\":\"mortadelle-maigre-tranche-san-daniele-39703\",\"sn\":\"\",\"idxP\":47},{\"mq\":\"Marc Angelo\",\"nm\":\"Proscuitto tranch\u00E9\",\"nme\":\"Sliced Proscuitto\",\"attr\":\"\",\"sku\":\"39639\",\"l2\":\"Prosciutto\",\"sl\":\"proscuitto-tranche-marc-angelo-39639\",\"sn\":\"\",\"idxP\":94},{\"mq\":\"Mastro\",\"nm\":\"Jambon cotto proscuitto tranch\u00E9\",\"nme\":\"Sliced cotto proscuitto ham\",\"attr\":\"Sans gluten, Sans lactose\",\"sku\":\"39751\",\"l2\":\"Prosciutto\",\"sl\":\"jambon-cotto-proscuitto-tranche-mastro-39751\",\"sn\":\"\",\"idxP\":42},{\"mq\":\"Mastro\",\"nm\":\"Salami genoa fort tranch\u00E9\",\"nme\":\"Sliced Hot Genoa Salami\",\"attr\":\"\",\"sku\":\"39773\",\"l2\":\"Salami\",\"sl\":\"salami-genoa-fort-tranche-mastro-39773\",\"sn\":\"\",\"idxP\":78},{\"mq\":\"Marc Angelo\",\"nm\":\"Salami genoa tranch\u00E9\",\"nme\":\"Sliced genoa salami\",\"attr\":\"\",\"sku\":\"39606\",\"l2\":\"Salami\",\"sl\":\"salami-genoa-tranche-marc-angelo-39606\",\"sn\":\"\",\"idxP\":80},{\"mq\":\"Mastro\",\"nm\":\"Salami prosciutto tranch\u00E9\",\"nme\":\"Sliced Salami Prosciutto\",\"attr\":\"Sans gluten, Sans lactose\",\"sku\":\"39662\",\"l2\":\"Salami\",\"sl\":\"salami-prosciutto-tranche-mastro-39662\",\"sn\":\"\",\"idxP\":73},{\"mq\":\"Mastro\",\"nm\":\"Capicolle maigre tranch\u00E9\",\"nme\":\"Sliced lean capicolle\",\"attr\":\"\",\"sku\":\"39775\",\"l2\":\"Capicolle\",\"sl\":\"capicolle-maigre-tranche-mastro-39775\",\"sn\":\"capicolle\",\"idxP\":28},{\"mq\":\"Marc Angelo\",\"nm\":\"Antipasto quattro tranch\u00E9\",\"nme\":\"Sliced Antipasto Quattro\",\"attr\":\"\",\"sku\":\"39659\",\"l2\":\"Salami\",\"sl\":\"antipasto-quattro-tranche-marc-angelo-39659\",\"sn\":\"\",\"idxP\":88},{\"mq\":\"Olymel\",\"nm\":\"Jambon \u00E0 l'ancienne tranch\u00E9\",\"nme\":\"Sliced old fashion ham\",\"attr\":\"Sans gluten\",\"sku\":\"40339\",\"l2\":\"Jambon\",\"sl\":\"jambon-a-lancienne-tranche-olymel-40339\",\"sn\":\"\",\"idxP\":29},{\"mq\":\"Mastro\",\"nm\":\"Salami calabresse tranch\u00E9\",\"nme\":\"Sliced Calabresse\",\"attr\":\"\",\"sku\":\"39776\",\"l2\":\"Salami\",\"sl\":\"salami-calabresse-tranche-mastro-39776\",\"sn\":\"\",\"idxP\":78},{\"mq\":\"Tour Eiffel\",\"nm\":\"Jambon parisien duo tranch\u00E9\",\"nme\":\"Sliced duo parisien ham\",\"attr\":\"Sans gluten\",\"sku\":\"40303\",\"l2\":\"Jambon\",\"sl\":\"jambon-parisien-duo-tranche-tour-eiffel-40303\",\"sn\":\"\",\"idxP\":18},{\"mq\":\"Mastro\",\"nm\":\"Pancetta  tranch\u00E9\",\"nme\":\"Sliced pancetta\",\"attr\":\"\",\"sku\":\"40288\",\"l2\":\"Salami\",\"sl\":\"pancetta-tranche-mastro-40288\",\"sn\":\"\",\"idxP\":25},{\"mq\":\"Mayrand CHEF\",\"nm\":\"Jambon fum\u00E9 toupie\",\"nme\":\"Toupie Style Smoked Ham\",\"attr\":\"\",\"sku\":\"35210\",\"l2\":\"Jambon\",\"sl\":\"jambon-fume-toupie-mayrand-chef-35210\",\"sn\":\"\",\"idxP\":64},{\"mq\":\"Olymel\",\"nm\":\"Jambon for\u00EAt noire tranch\u00E9\",\"nme\":\"Sliced black forest ham\",\"attr\":\"Sans gluten\",\"sku\":\"40337\",\"l2\":\"Jambon\",\"sl\":\"jambon-foret-noire-tranche-olymel-40337\",\"sn\":\"\",\"idxP\":22},{\"mq\":\"Roma\",\"nm\":\"Pepperoni tranch\u00E9 caserta\",\"nme\":\"Caserta sliced pepperoni\",\"attr\":\"Aliment du Qu\u00E9bec, Produit local\",\"sku\":\"39198\",\"l2\":\"Pepperoni\",\"sl\":\"pepperoni-tranche-caserta-roma-39198\",\"sn\":\"\",\"idxP\":52},{\"mq\":\"Mayrand Chef\",\"nm\":\"Bacon fum\u00E9 tranch\u00E9 20\\\/2\",\"nme\":\"Sliced smoked bacon 20\\\/2\",\"attr\":\"\",\"sku\":\"29524\",\"l2\":\"Bacon et pancetta\",\"sl\":\"bacon-fume-tranche-202-mayrand-chef-29524\",\"sn\":\"\",\"idxP\":94},{\"mq\":\"Marc Angelo\",\"nm\":\"Prosciutto entier\",\"nme\":\"Whole prosciutto\",\"attr\":\"\",\"sku\":\"24455\",\"l2\":\"Prosciutto\",\"sl\":\"prosciutto-entier-marc-angelo-24455\",\"sn\":\"\",\"idxP\":65},{\"mq\":\"San Daniele\",\"nm\":\"Prosciutto tranch\u00E9\",\"nme\":\"Sliced Prosciutto\",\"attr\":\"Sans gluten\",\"sku\":\"24841\",\"l2\":\"Prosciutto\",\"sl\":\"prosciutto-tranche-san-daniele-24841\",\"sn\":\"\",\"idxP\":74},{\"mq\":\"Brandt\",\"nm\":\"Saucisse weisswurst\",\"nme\":\"WEISSWURST SAUSSAGE\",\"attr\":\"Sans gluten, Sans lactose\",\"sku\":\"00233\",\"l2\":\"Saucisse\",\"sl\":\"saucisse-weisswurst-brandt-00233\",\"sn\":\"\",\"idxP\":33},{\"mq\":\"Lafleur\",\"nm\":\"Saucisse cocktail\",\"nme\":\"Cocktail Wieners\",\"attr\":\"Produit local\",\"sku\":\"08541\",\"l2\":\"Saucisse\",\"sl\":\"saucisse-cocktail-lafleur-08541\",\"sn\":\"\",\"idxP\":62},{\"mq\":\"Brandt\",\"nm\":\"Kolbassa nature\",\"nme\":\"NATURAL KOLBASSA\",\"attr\":\"Sans gluten, Sans lactose\",\"sku\":\"00236\",\"l2\":\"Saucisse\",\"sl\":\"kolbassa-nature-brandt-00236\",\"sn\":\"\",\"idxP\":32},{\"mq\":\"Gasp\u00E9sien\",\"nm\":\"Simili poulet rond\",\"nme\":\"round Chicken Mock\",\"attr\":\"\",\"sku\":\"37660\",\"l2\":\"Bologne\",\"sl\":\"simili-poulet-rond-gaspesien-37660\",\"sn\":\"\",\"idxP\":20},{\"mq\":\"Premi\u00E8re Moisson\",\"nm\":\"Jambon blanc\",\"nme\":\"Whole ham\",\"attr\":\"\",\"sku\":\"33578\",\"l2\":\"Jambon\",\"sl\":\"jambon-blanc-premiere-moisson-33578\",\"sn\":\"\",\"idxP\":13},{\"mq\":\"Bilopage\",\"nm\":\"Bologne cerise\",\"nme\":\"Cherryr Bologna\",\"attr\":\"\",\"sku\":\"33080\",\"l2\":\"Bologne\",\"sl\":\"bologne-cerise-bilopage-33080\",\"sn\":\"\",\"idxP\":55},{\"mq\":\"Roch\",\"nm\":\"Fl\u00E8che de bacon \u00E0 l'ancienne\",\"nme\":\"Old fashion Bacon Slab\",\"attr\":\"Aliment du Qu\u00E9bec, Produit local\",\"sku\":\"01334\",\"l2\":\"Bacon et pancetta\",\"sl\":\"fleche-de-bacon-a-lancienne-roch-01334\",\"sn\":\"\",\"idxP\":68},{\"mq\":\"Lesters\",\"nm\":\"Saucisses BBQ jumbo\",\"nme\":\"Jumbo BBQ sausage\",\"attr\":\"Produit local\",\"sku\":\"01491\",\"l2\":\"Saucisse\",\"sl\":\"saucisses-bbq-jumbo-lesters-01491\",\"sn\":\"\",\"idxP\":29},{\"mq\":\"Roma d'Italia\",\"nm\":\"Pancetta douce en cubes\",\"nme\":\"Diced Mild Pancetta\",\"attr\":\"Sans gluten, Sans lactose, Produit local\",\"sku\":\"01618\",\"l2\":\"Bacon et pancetta\",\"sl\":\"pancetta-douce-en-cubes-roma-ditalia-01618\",\"sn\":\"\",\"idxP\":51},{\"mq\":\"Roma d'Italia\",\"nm\":\"Coppa doux tranch\u00E9\",\"nme\":\"Sliced Mild Coppa\",\"attr\":\"Aliment du Qu\u00E9bec, Produit local\",\"sku\":\"01624\",\"l2\":\"Saucisson\",\"sl\":\"coppa-doux-tranche-roma-ditalia-01624\",\"sn\":\"\",\"idxP\":57},{\"mq\":\"Roma\",\"nm\":\"Pepperoni piquant sous-vide\",\"nme\":\"spicy pepperoni vacuum\",\"attr\":\"Aliment du Qu\u00E9bec, Produit local\",\"sku\":\"01622\",\"l2\":\"Pepperoni\",\"sl\":\"pepperoni-piquant-sous-vide-roma-01622\",\"sn\":\"\",\"idxP\":76},{\"mq\":\"Roma d'Italia\",\"nm\":\"Pancetta douce demie\",\"nme\":\"Mild Pancetta Half\",\"attr\":\"\",\"sku\":\"01625\",\"l2\":\"Bacon et pancetta\",\"sl\":\"pancetta-douce-demie-roma-ditalia-01625\",\"sn\":\"\",\"idxP\":49},{\"mq\":\"Roma d'Italia\",\"nm\":\"Coppa piquant tranch\u00E9\",\"nme\":\"Sliced Hot Coppa\",\"attr\":\"Aliment du Qu\u00E9bec, Produit local\",\"sku\":\"01623\",\"l2\":\"Saucisson\",\"sl\":\"coppa-piquant-tranche-roma-ditalia-01623\",\"sn\":\"\",\"idxP\":42},{\"mq\":\"Roma d'Italia\",\"nm\":\"Pancetta piquante demie\",\"nme\":\"Spicy Pancetta Half\",\"attr\":\"\",\"sku\":\"01626\",\"l2\":\"Bacon et pancetta\",\"sl\":\"pancetta-piquante-demie-roma-ditalia-01626\",\"sn\":\"\",\"idxP\":28},{\"mq\":\"Cardinal\",\"nm\":\"Salade m\u00E9dit\u00E9ran\u00E9enne\",\"nme\":\"Mediterranean salad\",\"attr\":\"\",\"sku\":\"01668\",\"l2\":\"Pr\u00EAt \u00E0 manger\",\"sl\":\"salade-mediteraneenne-cardinal-01668\",\"sn\":\"\",\"idxP\":3},{\"mq\":\"Mayrand CHEF\",\"nm\":\"Simili poulet  tranch\u00E9\",\"nme\":\"Sliced Mock Chicken\",\"attr\":\"Sans gluten, Aliment du Qu\u00E9bec, Produit local\",\"sku\":\"01689\",\"l2\":\"Bologne\",\"sl\":\"simili-poulet-tranche-mayrand-chef-01689\",\"sn\":\"\",\"idxP\":21},{\"mq\":\"Mayrand CHEF\",\"nm\":\"Jambon cuit extra maigre tranch\u00E9\",\"nme\":\"Sliced Extra Lean Cooked Ham\",\"attr\":\"Sans gluten, Aliment du Qu\u00E9bec, Produit local\",\"sku\":\"01696\",\"l2\":\"Jambon\",\"sl\":\"jambon-cuit-extra-maigre-tranche-mayrand-chef-01696\",\"sn\":\"\",\"idxP\":57},{\"mq\":\"Mayrand CHEF\",\"nm\":\"Jambon fum\u00E9 for\u00EAt noire tranch\u00E9\",\"nme\":\"Sliced Black Forest Smoked Ham\",\"attr\":\"Sans gluten, Aliment du Qu\u00E9bec, Produit local\",\"sku\":\"01694\",\"l2\":\"Jambon\",\"sl\":\"jambon-fume-foret-noire-tranche-mayrand-chef-01694\",\"sn\":\"\",\"idxP\":52},{\"mq\":\"Mayrand CHEF\",\"nm\":\"Jambon fum\u00E9 \u00E9minc\u00E9 tranch\u00E9\",\"nme\":\"Sliced minced Ham\",\"attr\":\"Sans gluten, Aliment du Qu\u00E9bec, Produit local\",\"sku\":\"01695\",\"l2\":\"Jambon\",\"sl\":\"jambon-fume-emince-tranche-mayrand-chef-01695\",\"sn\":\"\",\"idxP\":36},{\"mq\":\"Mayrand CHEF\",\"nm\":\"Pepperoni tranch\u00E9\",\"nme\":\"Sliced Pepperoni\",\"attr\":\"Sans gluten, Aliment du Qu\u00E9bec, Produit local\",\"sku\":\"01691\",\"l2\":\"Pepperoni\",\"sl\":\"pepperoni-tranche-mayrand-chef-01691\",\"sn\":\"\",\"idxP\":4},{\"mq\":\"Mayrand CHEF\",\"nm\":\"Salami tranch\u00E9\",\"nme\":\"Sliced Salami\",\"attr\":\"Sans gluten, Aliment du Qu\u00E9bec, Produit local\",\"sku\":\"01690\",\"l2\":\"Salami\",\"sl\":\"salami-tranche-mayrand-chef-01690\",\"sn\":\"\",\"idxP\":17},{\"mq\":\"Mayrand CHEF\",\"nm\":\"Jambon fum\u00E9 tranch\u00E9\",\"nme\":\"Sliced Smoked Ham\",\"attr\":\"Sans gluten, Aliment du Qu\u00E9bec, Produit local\",\"sku\":\"01692\",\"l2\":\"Jambon\",\"sl\":\"jambon-fume-tranche-mayrand-chef-01692\",\"sn\":\"\",\"idxP\":29},{\"mq\":\"Roma d'Italia\",\"nm\":\"Mortadelle demie\",\"nme\":\"Mortadelle Half\",\"attr\":\"Sans gluten, Sans lactose\",\"sku\":\"01817\",\"l2\":\"Mortadelle\",\"sl\":\"mortadelle-demie-roma-ditalia-01817\",\"sn\":\"\",\"idxP\":20},{\"mq\":\"Salamico\",\"nm\":\"Saucisson de foie \u00E0 l'ail\",\"nme\":\"Garlic Liver Sausage\",\"attr\":\"Sans gluten, Aliment du Qu\u00E9bec\",\"sku\":\"32144\",\"l2\":\"Charcuterie traiteur\",\"sl\":\"saucisson-de-foie-a-lail-salamico-32144\",\"sn\":\"\",\"idxP\":32},{\"mq\":\"Salamico\",\"nm\":\"Saucisson de foie au poivre\",\"nme\":\"Pepper Liver Sausage\",\"attr\":\"Sans gluten, Aliment du Qu\u00E9bec\",\"sku\":\"32149\",\"l2\":\"Charcuterie traiteur\",\"sl\":\"saucisson-de-foie-au-poivre-salamico-32149\",\"sn\":\"\",\"idxP\":31},{\"mq\":\"Canard Goulu\",\"nm\":\"Rillette de foie gras\",\"nme\":\"Foie Gras Rillette\",\"attr\":\"Aliment du Qu\u00E9bec, Produit local\",\"sku\":\"02202\",\"l2\":\"Canard\",\"sl\":\"rillette-de-foie-gras-canard-goulu-02202\",\"sn\":\"\",\"idxP\":33},{\"mq\":\"Fontaine Sant\u00E9\",\"nm\":\"Hummus aux olives grecques\",\"nme\":\"Greek Olives Hummus\",\"attr\":\"Sans gluten, Produit local\",\"sku\":\"18147\",\"l2\":\"Pr\u00EAt \u00E0 manger\",\"sl\":\"hummus-aux-olives-grecques-fontaine-sante-18147\",\"sn\":\"\",\"idxP\":37},{\"mq\":\"La belle Bretagne\",\"nm\":\"P\u00E2t\u00E9 de campagne au cognac\",\"nme\":\"Cognac Countrystyle P\u00E2t\u00E9\",\"attr\":\"Aliment du Qu\u00E9bec, Produit local\",\"sku\":\"02301\",\"l2\":\"Charcuterie traiteur\",\"sl\":\"pate-de-campagne-au-cognac-la-belle-bretagne-02301\",\"sn\":\"\",\"idxP\":91},{\"mq\":\"La belle Bretagne\",\"nm\":\"P\u00E2t\u00E9 de foie au poivre\",\"nme\":\"Pepper Liver P\u00E2t\u00E9\",\"attr\":\"Aliment du Qu\u00E9bec, Produit local\",\"sku\":\"02304\",\"l2\":\"Charcuterie traiteur\",\"sl\":\"pate-de-foie-au-poivre-la-belle-bretagne-02304\",\"sn\":\"\",\"idxP\":90},{\"mq\":\"La belle Bretagne\",\"nm\":\"P\u00E2t\u00E9 de foie\",\"nme\":\"Liver P\u00E2t\u00E9\",\"attr\":\"Aliment du Qu\u00E9bec, Produit local\",\"sku\":\"02306\",\"l2\":\"Charcuterie traiteur\",\"sl\":\"pate-de-foie-la-belle-bretagne-02306\",\"sn\":\"\",\"idxP\":95},{\"mq\":\"Paysan\",\"nm\":\"T\u00EAte fromag\u00E9\",\"nme\":\"Cheese head\",\"attr\":\"\",\"sku\":\"02307\",\"l2\":\"Charcuterie traiteur\",\"sl\":\"tete-fromage-paysan-02307\",\"sn\":\"\",\"idxP\":43},{\"mq\":\"Olymel\",\"nm\":\"Bacon fum\u00E9 tranch\u00E9 22\\\/2\",\"nme\":\"Sliced smoked bacon 22\\\/2\",\"attr\":\"\",\"sku\":\"29525\",\"l2\":\"Bacon et pancetta\",\"sl\":\"bacon-fume-tranche-222-mayrand-chef-29525\",\"sn\":\"\",\"idxP\":52},{\"mq\":\"La belle Bretagne\",\"nm\":\"P\u00E2t\u00E9 de foie \u00E0 l'ail\",\"nme\":\"Garlic Liver P\u00E2t\u00E9\",\"attr\":\"Aliment du Qu\u00E9bec, Produit local\",\"sku\":\"02305\",\"l2\":\"Charcuterie traiteur\",\"sl\":\"pate-de-foie-a-lail-la-belle-bretagne-02305\",\"sn\":\"\",\"idxP\":91},{\"mq\":\"La belle Bretagne\",\"nm\":\"P\u00E2t\u00E9 de campagne \u00E0 l'ail\",\"nme\":\"Garlic Countrystyle P\u00E2t\u00E9\",\"attr\":\"Aliment du Qu\u00E9bec, Produit local\",\"sku\":\"34688\",\"l2\":\"Charcuterie traiteur\",\"sl\":\"pate-de-campagne-a-lail-la-belle-bretagne-34688\",\"sn\":\"\",\"idxP\":80},{\"mq\":\"La belle Bretagne\",\"nm\":\"P\u00E2t\u00E9 de campagne aux fines herbes\",\"nme\":\"Fine Herbs Countrystyle P\u00E2t\u00E9\",\"attr\":\"Aliment du Qu\u00E9bec, Produit local\",\"sku\":\"34691\",\"l2\":\"Charcuterie traiteur\",\"sl\":\"pate-de-campagne-aux-fines-herbes-la-belle-bretagne-34691\",\"sn\":\"\",\"idxP\":72},{\"mq\":\"La belle Bretagne\",\"nm\":\"P\u00E2t\u00E9 de campagne \u00E0 l'ancienne\",\"nme\":\"Old Style Countrystyle P\u00E2t\u00E9\",\"attr\":\"Aliment du Qu\u00E9bec, Produit local\",\"sku\":\"34689\",\"l2\":\"Charcuterie traiteur\",\"sl\":\"pate-de-campagne-a-lancienne-la-belle-bretagne-34689\",\"sn\":\"\",\"idxP\":74},{\"mq\":\"La belle Bretagne\",\"nm\":\"P\u00E2t\u00E9 de campagne au poivre\",\"nme\":\"Pepper Countrystyle P\u00E2t\u00E9\",\"attr\":\"Aliment du Qu\u00E9bec, Produit local\",\"sku\":\"34692\",\"l2\":\"Charcuterie traiteur\",\"sl\":\"pate-de-campagne-au-poivre-la-belle-bretagne-34692\",\"sn\":\"\",\"idxP\":84},{\"mq\":\"Hygrade\",\"nm\":\"Saucisse cocktail\",\"nme\":\"Cocktail sausage\",\"attr\":\"\",\"sku\":\"00258\",\"l2\":\"Saucisse\",\"sl\":\"saucisse-cocktail-hygrade-00258\",\"sn\":\"\",\"idxP\":0},{\"mq\":\"Marc Angelo\",\"nm\":\"Charcuterie italiano tranch\u00E9\",\"nme\":\"Sliced Italiano Deli Meat\",\"attr\":\"\",\"sku\":\"28253\",\"l2\":\"Salami\",\"sl\":\"charcuterie-italiano-tranche-marc-angelo-28253\",\"sn\":\"\",\"idxP\":54},{\"mq\":\"Paysan\",\"nm\":\"Jambon fum\u00E9\",\"nme\":\"Smoked ham\",\"attr\":\"Aliment du Qu\u00E9bec, Produit local\",\"sku\":\"02527\",\"l2\":\"Jambon\",\"sl\":\"jambon-fume-paysan-02527\",\"sn\":\"\",\"idxP\":15},{\"mq\":\"Paysan\",\"nm\":\"Jambon cuit \u00E0 l'ancienne\",\"nme\":\"Old fashioned cooked ham\",\"attr\":\"Aliment du Qu\u00E9bec, Produit local\",\"sku\":\"02521\",\"l2\":\"Jambon\",\"sl\":\"jambon-cuit-a-lancienne-paysan-02521\",\"sn\":\"\",\"idxP\":35},{\"mq\":\"Paysan\",\"nm\":\"Jambon fum\u00E9 for\u00EAt noire\",\"nme\":\"Black forest smoked ham\",\"attr\":\"\",\"sku\":\"02525\",\"l2\":\"Jambon\",\"sl\":\"jambon-fume-foret-noire-paysan-02525\",\"sn\":\"\",\"idxP\":32},{\"mq\":\"La belle Bretagne\",\"nm\":\"Pat\u00E9 de foie r\u00E9gulier bloc\",\"nme\":\"Liver P\u00E2t\u00E9 bulk\",\"attr\":\"Aliment du Qu\u00E9bec, Produit local\",\"sku\":\"02582\",\"l2\":\"Charcuterie traiteur\",\"sl\":\"pate-de-foie-regulier-bloc-la-belle-bretagne-02582\",\"sn\":\"\",\"idxP\":33},{\"mq\":\"Shawbridge\",\"nm\":\"Saucisson porc rassembleu\",\"nme\":\"Rassembleu pork sausage\",\"attr\":\"Produit local\",\"sku\":\"02603\",\"l2\":\"Prosciutto\",\"sl\":\"saucisson-porc-rassembleu-shawbridge-02603\",\"sn\":\"\",\"idxP\":6},{\"mq\":\"Shawbridge\",\"nm\":\"Saucisson porc des Laurentides\",\"nme\":\"Laurentides pork sausage\",\"attr\":\"Produit local\",\"sku\":\"02604\",\"l2\":\"Prosciutto\",\"sl\":\"saucisson-porc-des-laurentides-shawbridge-02604\",\"sn\":\"\",\"idxP\":8},{\"mq\":\"La belle Bretagne\",\"nm\":\"Pat\u00E9 de campagne \u00E0 l'ancienne bloc\",\"nme\":\"Old style country P\u00E2t\u00E9 bulk\",\"attr\":\"Aliment du Qu\u00E9bec, Produit local\",\"sku\":\"02581\",\"l2\":\"Charcuterie traiteur\",\"sl\":\"pate-de-campagne-a-lancienne-bloc-la-belle-bretagne-02581\",\"sn\":\"\",\"idxP\":37},{\"mq\":\"Shawbridge\",\"nm\":\"Saucisson boeuf\",\"nme\":\"Beef sausage\",\"attr\":\"Aliment du Qu\u00E9bec, Produit local\",\"sku\":\"02602\",\"l2\":\"Prosciutto\",\"sl\":\"saucisson-boeuf-shawbridge-02602\",\"sn\":\"oeufs\",\"idxP\":1},{\"mq\":\"Shawbridge\",\"nm\":\"Saucisson porc cheddar veilli\",\"nme\":\"Aged cheddar pork sausage\",\"attr\":\"Produit local\",\"sku\":\"02605\",\"l2\":\"Prosciutto\",\"sl\":\"saucisson-porc-cheddar-veilli-shawbridge-02605\",\"sn\":\"\",\"idxP\":7},{\"mq\":\"Maple Lodge\",\"nm\":\"B\u00E2tonnets de poulet piquant halal\",\"nme\":\"Halal spicy chicken sticks\",\"attr\":\"\",\"sku\":\"02611\",\"l2\":\"Poulet et dinde\",\"sl\":\"batonnets-de-poulet-piquant-halal-maple-lodge-02611\",\"sn\":\"\",\"idxP\":19},{\"mq\":\"Maple Lodge\",\"nm\":\"B\u00E2tonnets de poulet halal\",\"nme\":\"Halal chicken sticks\",\"attr\":\"\",\"sku\":\"02613\",\"l2\":\"Poulet et dinde\",\"sl\":\"batonnets-de-poulet-halal-maple-lodge-02613\",\"sn\":\"\",\"idxP\":21},{\"mq\":\"Roch\",\"nm\":\"Jambon fum\u00E9 r\u00F4tisserie\",\"nme\":\"Gill smoked ham\",\"attr\":\"\",\"sku\":\"02661\",\"l2\":\"Jambon\",\"sl\":\"jambon-fume-rotisserie-roch-02661\",\"sn\":\"\",\"idxP\":21},{\"mq\":\"Plaisirs Gastronomiques\",\"nm\":\"Boulettes su\u00E9doises\",\"nme\":\"Swedish meatballs\",\"attr\":\"\",\"sku\":\"31868\",\"l2\":\"Pr\u00EAt \u00E0 manger\",\"sl\":\"boulettes-suedoises-plaisirs-gastronomiques-31868\",\"sn\":\"\",\"idxP\":43},{\"mq\":\"Maison Fayard\",\"nm\":\"Les minis lyonnais - saucisson sec ail des ours\",\"nme\":\"Wild garlic lyonnais small dry saussage\",\"attr\":\"\",\"sku\":\"02704\",\"l2\":\"Charcuterie traiteur\",\"sl\":\"les-minis-lyonnais-saucisson-sec-ail-des-ours-maison-fayard-02704\",\"sn\":\"\",\"idxP\":75},{\"mq\":\"Maison Fayard\",\"nm\":\"Mousse canard\",\"nme\":\"Duck mousse\",\"attr\":\"\",\"sku\":\"02701\",\"l2\":\"Canard\",\"sl\":\"mousse-canard-maison-fayard-02701\",\"sn\":\"\",\"idxP\":49},{\"mq\":\"Maison Fayard\",\"nm\":\"Les minis lyonnais-tomates s\u00E9ch\u00E9es herbes provence\",\"nme\":\"Dry tomato provence herbs small dry saussage\",\"attr\":\"\",\"sku\":\"02707\",\"l2\":\"Charcuterie traiteur\",\"sl\":\"les-minis-lyonnais-tomates-sechees-herbes-provence-maison-fayard-02707\",\"sn\":\"tomates\",\"idxP\":46},{\"mq\":\"Maison Fayard\",\"nm\":\"Les minis lyonnais - saucisson sec fromage ch\u00E8vre\",\"nme\":\"Goat cheese lyonnais small dry saussage\",\"attr\":\"\",\"sku\":\"02696\",\"l2\":\"Charcuterie traiteur\",\"sl\":\"les-minis-lyonnais-saucisson-sec-fromage-chevre-maison-fayard-02696\",\"sn\":\"fromages\",\"idxP\":72},{\"mq\":\"Maison Fayard\",\"nm\":\"Les minis lyonnais -  saucisson sec parisien\",\"nme\":\"Pasisian small dry saussage\",\"attr\":\"\",\"sku\":\"02705\",\"l2\":\"Charcuterie traiteur\",\"sl\":\"les-minis-lyonnais-saucisson-sec-parisien-maison-fayard-02705\",\"sn\":\"\",\"idxP\":96},{\"mq\":\"MTL 457\",\"nm\":\"Quart de Jambon avec Os\",\"nme\":\"Quarter Bone in Skinless Ham\",\"attr\":\"Aliment du Qu\u00E9bec, Produit local\",\"sku\":\"31602\",\"l2\":\"Jambon\",\"sl\":\"quart-de-jambon-avec-os-mtl-457-31602\",\"sn\":\"\",\"idxP\":100},{\"mq\":\"Golosini\",\"nm\":\"Bajoue de porc sal\u00E9 \u00E0 sec\",\"nme\":\"Dried cured pork jowl\",\"attr\":\"\",\"sku\":\"02868\",\"l2\":\"Bacon et pancetta\",\"sl\":\"bajoue-de-porc-sale-a-sec-golosini-02868\",\"sn\":\"\",\"idxP\":15},{\"mq\":\"Roch\",\"nm\":\"Pepperoni demi 4\\\"\",\"nme\":\"Half pepperoni 4\\\"\",\"attr\":\"\",\"sku\":\"02855\",\"l2\":\"Salami\",\"sl\":\"pepperoni-demi-4-roch-02855\",\"sn\":\"\",\"idxP\":20},{\"mq\":\"Brandt\",\"nm\":\"Saucisse csabai douce\",\"nme\":\"MILD CSABAU SAUSSAGE\",\"attr\":\"\",\"sku\":\"72053\",\"l2\":\"Saucisse\",\"sl\":\"saucisse-csabai-douce-brandt-72053\",\"sn\":\"\",\"idxP\":15},{\"mq\":\"Brandt\",\"nm\":\"Saucisse csabai \u00E9pic\u00E9\",\"nme\":\"SPICY CSABAU SAUSSAGE\",\"attr\":\"\",\"sku\":\"72054\",\"l2\":\"Saucisse\",\"sl\":\"saucisse-csabai-epice-brandt-72054\",\"sn\":\"\",\"idxP\":12},{\"mq\":\"Canard Goulu\",\"nm\":\"Rillette canard au vin blanc\",\"nme\":\"White Wine Duck Rillette\",\"attr\":\"\",\"sku\":\"03458\",\"l2\":\"Canard\",\"sl\":\"rillette-canard-au-vin-blanc-canard-goulu-03458\",\"sn\":\"\",\"idxP\":51},{\"mq\":\"MTL 457\",\"nm\":\"Jambon toupie Villageoise\",\"nme\":\"Villageoise Toupie Ham\",\"attr\":\"\",\"sku\":\"17694\",\"l2\":\"Jambon\",\"sl\":\"jambon-toupie-villageoise-mtl-457-17694\",\"sn\":\"\",\"idxP\":51},{\"mq\":\"Roch\",\"nm\":\"Jambon fum\u00E9 extra maigre \u00E0 l'ancienne\",\"nme\":\"Old Fashioned smoked Extra Lean Ham\",\"attr\":\"\",\"sku\":\"10988\",\"l2\":\"Jambon\",\"sl\":\"jambon-fume-extra-maigre-a-lancienne-roch-10988\",\"sn\":\"\",\"idxP\":36},{\"mq\":\"Mayrand Chef\",\"nm\":\"Creton portion congel\u00E9\",\"nme\":\"Frozen Portionned Creton\",\"attr\":\"\",\"sku\":\"97170\",\"l2\":\"Charcuterie traiteur\",\"sl\":\"creton-portion-congele-mayrand-chef-97170\",\"sn\":\"\",\"idxP\":3},{\"mq\":\"Roch\",\"nm\":\"Jambon fum\u00E9 for\u00EAt noire extra-maigre\",\"nme\":\"Extra-Lean Smoked Black Forest Ham\",\"attr\":\"\",\"sku\":\"40037\",\"l2\":\"Jambon\",\"sl\":\"jambon-fume-foret-noire-extra-maigre-roch-40037\",\"sn\":\"\",\"idxP\":12},{\"mq\":\"Roch\",\"nm\":\"Jambon fum\u00E9 toupie extra-maigre 14%\",\"nme\":\"14% Extra-Lean Toupie Style Smoked Ham\",\"attr\":\"\",\"sku\":\"11232\",\"l2\":\"Jambon\",\"sl\":\"jambon-fume-toupie-extra-maigre-14-roch-11232\",\"sn\":\"\",\"idxP\":24}], [{\"mq\":\"Roma d'Italia\",\"nm\":\"Sopressata calabrese demie\",\"nme\":\"Sopressata Calabrese Half\",\"attr\":\"\",\"sku\":\"04545\",\"l2\":\"Salami\",\"sl\":\"sopressata-calabrese-demie-roma-ditalia-04545\",\"sn\":\"\",\"idxP\":22},{\"mq\":\"Roma d'Italia\",\"nm\":\"Salami Genoa demie\",\"nme\":\"Genoa Salami Half\",\"attr\":\"\",\"sku\":\"49603\",\"l2\":\"Salami\",\"sl\":\"salami-genoa-demie-roma-ditalia-49603\",\"sn\":\"\",\"idxP\":23},{\"mq\":\"Fontaine Sant\u00E9\",\"nm\":\"Hummus mini traditionnel\",\"nme\":\"Traditional Mini Hummus\",\"attr\":\"\",\"sku\":\"11353\",\"l2\":\"Pr\u00EAt \u00E0 manger\",\"sl\":\"hummus-mini-traditionnel-fontaine-sante-11353\",\"sn\":\"\",\"idxP\":11},{\"mq\":\"Olymel\",\"nm\":\"Jambon cuit traditionnel tranch\u00E9\",\"nme\":\"Sliced traditional cooked ham\",\"attr\":\"\",\"sku\":\"40359\",\"l2\":\"Jambon\",\"sl\":\"jambon-cuit-traditionnel-tranche-olymel-40359\",\"sn\":\"\",\"idxP\":29},{\"mq\":\"Maison Fayard\",\"nm\":\"Bloc de foie gras de canard avec trancheuse\",\"nme\":\"Duck Foie Gras Block with Slicer\",\"attr\":\"\",\"sku\":\"02555\",\"l2\":\"Canard\",\"sl\":\"bloc-de-foie-gras-de-canard-avec-trancheuse-maison-fayard-02555\",\"sn\":\"\",\"idxP\":79},{\"mq\":\"Arahova\",\"nm\":\"Tzatziki\",\"nme\":\"Tzatziki\",\"attr\":\"\",\"sku\":\"24101\",\"l2\":\"Pr\u00EAt \u00E0 manger\",\"sl\":\"tzatziki-arahova-24101\",\"sn\":\"\",\"idxP\":49},{\"mq\":\"Roma\",\"nm\":\"Saucisson peppette\",\"nme\":\"Pepette Sausage\",\"attr\":\"\",\"sku\":\"38154\",\"l2\":\"Pepperoni\",\"sl\":\"saucisson-peppette-roma-38154\",\"sn\":\"\",\"idxP\":45},{\"mq\":\"Brandt\",\"nm\":\"Bacon fum\u00E9 double\",\"nme\":\"Double Smoked Bacon\",\"attr\":\"\",\"sku\":\"38998\",\"l2\":\"Bacon et pancetta\",\"sl\":\"bacon-fume-double-brandt-38998\",\"sn\":\"\",\"idxP\":37},{\"mq\":\"Roma\",\"nm\":\"Pepperoni tranch\u00E9 sans gluten\",\"nme\":\"Gluten free sliced pepperoni\",\"attr\":\"\",\"sku\":\"37457\",\"l2\":\"Pepperoni\",\"sl\":\"pepperoni-tranche-sans-gluten-roma-37457\",\"sn\":\"\",\"idxP\":77},{\"mq\":\"Canard Goulu\",\"nm\":\"Graisse fine de canard\",\"nme\":\"Fine fat duck\",\"attr\":\"\",\"sku\":\"03707\",\"l2\":\"Canard\",\"sl\":\"graisse-fine-de-canard-canard-goulu-03707\",\"sn\":\"\",\"idxP\":0},{\"mq\":\"O'Sole Mio\",\"nm\":\"Penne poulet sauce alfredo et bacon\",\"nme\":\"Penne Chicken Alfredo Sauce And Bacon\",\"attr\":\"\",\"sku\":\"03688\",\"l2\":\"Pr\u00EAt \u00E0 manger\",\"sl\":\"penne-poulet-sauce-alfredo-et-bacon-osole-mio-03688\",\"sn\":\"\",\"idxP\":16},{\"mq\":\"Maison de Savoie\",\"nm\":\"Rosette aux piments d'Espelette\",\"nme\":\"Espelette Pepper Rosette\",\"attr\":\"\",\"sku\":\"03709\",\"l2\":\"Saucisson\",\"sl\":\"rosette-aux-piments-despelette-maison-de-savoie-03709\",\"sn\":\"piments\",\"idxP\":10},{\"mq\":\"O'Sole Mio\",\"nm\":\"Penne saucisse sauce tomate et poivrons grill\u00E9s\",\"nme\":\"Penne Sausage Tomato And Grilled Pepper Sauce\",\"attr\":\"\",\"sku\":\"03687\",\"l2\":\"Pr\u00EAt \u00E0 manger\",\"sl\":\"penne-saucisse-sauce-tomate-et-poivrons-grilles-osole-mio-03687\",\"sn\":\"tomates\",\"idxP\":17},{\"mq\":\"Maison de Savoie\",\"nm\":\"Saucisson sec \u00E0 croquer\",\"nme\":\"Snack dry sausage\",\"attr\":\"\",\"sku\":\"03710\",\"l2\":\"Saucisson\",\"sl\":\"saucisson-sec-a-croquer-maison-de-savoie-03710\",\"sn\":\"\",\"idxP\":17},{\"mq\":\"Piller's\",\"nm\":\"Salami hongrois doux demi\",\"nme\":\"Half Mild Hungarian Salami\",\"attr\":\"\",\"sku\":\"11761\",\"l2\":\"Salami\",\"sl\":\"salami-hongrois-doux-demi-pillers-11761\",\"sn\":\"\",\"idxP\":3},{\"mq\":\"Piller's\",\"nm\":\"Salami hongrois doux demi tranch\u00E9\",\"nme\":\"Half Mild Hungarian Salami Cut\",\"attr\":\"\",\"sku\":\"11762\",\"l2\":\"Salami\",\"sl\":\"salami-hongrois-doux-demi-tranche-pillers-11762\",\"sn\":\"\",\"idxP\":0},{\"mq\":\"Rougi\u00E9\",\"nm\":\"Foie gras de canard truffe\",\"nme\":\"Truffle Duck Foie Gras\",\"attr\":\"\",\"sku\":\"11808\",\"l2\":\"Canard\",\"sl\":\"foie-gras-de-canard-truffe-rougie-11808\",\"sn\":\"\",\"idxP\":0},{\"mq\":\"Piller's\",\"nm\":\"Salami allemand doux demi tranch\u00E9\",\"nme\":\"Half Mild German Salami Cut\",\"attr\":\"\",\"sku\":\"11766\",\"l2\":\"Salami\",\"sl\":\"salami-allemand-doux-demi-tranche-pillers-11766\",\"sn\":\"\",\"idxP\":0},{\"mq\":\"Rougi\u00E9\",\"nm\":\"Foie gras de canard cidre de glace\",\"nme\":\"Ice Cider Duck Foie Gras\",\"attr\":\"\",\"sku\":\"11806\",\"l2\":\"Canard\",\"sl\":\"foie-gras-de-canard-cidre-de-glace-rougie-11806\",\"sn\":\"\",\"idxP\":0},{\"mq\":\"Roma\",\"nm\":\"Pepperoni club large tranch\u00E9\",\"nme\":\"Large Sliced Club Pepperoni\",\"attr\":\"\",\"sku\":\"11948\",\"l2\":\"Pepperoni\",\"sl\":\"pepperoni-club-large-tranche-roma-11948\",\"sn\":\"\",\"idxP\":0},{\"mq\":\"Rougi\u00E9\",\"nm\":\"Foie gras de canard porto\",\"nme\":\"Porto Duck Foie Gras\",\"attr\":\"\",\"sku\":\"11807\",\"l2\":\"Canard\",\"sl\":\"foie-gras-de-canard-porto-rougie-11807\",\"sn\":\"\",\"idxP\":0},{\"mq\":\"Piller's\",\"nm\":\"Salami allemand doux demi\",\"nme\":\"Half Mild German Salami\",\"attr\":\"\",\"sku\":\"11763\",\"l2\":\"Salami\",\"sl\":\"salami-allemand-doux-demi-pillers-11763\",\"sn\":\"\",\"idxP\":6},{\"mq\":\"Johnny\",\"nm\":\"Bajoue de porc sal\u00E9 \u00E0 sec guanciale\",\"nme\":\"Guanciale Dry Cured Pork Jowl\",\"attr\":\"\",\"sku\":\"12009\",\"l2\":\"Bacon et pancetta\",\"sl\":\"bajoue-de-porc-sale-a-sec-guanciale-johnny-12009\",\"sn\":\"\",\"idxP\":0},{\"mq\":\"Salumi Toscano\",\"nm\":\"Poitrine de boeuf fum\u00E9e demie\",\"nme\":\"Beef Smoked Brisket Half\",\"attr\":\"\",\"sku\":\"12024\",\"l2\":\"Viande fum\u00E9e\",\"sl\":\"poitrine-de-boeuf-fumee-demie-salumi-toscano-12024\",\"sn\":\"oeufs\",\"idxP\":0},{\"mq\":\"Sifor\",\"nm\":\"Kit cannolis siciliens\",\"nme\":\"Sicilian Cannolis Kit\",\"attr\":\"\",\"sku\":\"12016\",\"l2\":\"Pr\u00EAt \u00E0 manger\",\"sl\":\"kit-cannolis-siciliens-sifor-12016\",\"sn\":\"\",\"idxP\":0},{\"mq\":\"Salumi Toscano\",\"nm\":\"Poitrine de boeuf fum\u00E9e demie coup\u00E9e\",\"nme\":\"Sliced Beef Smoked Brisket Half\",\"attr\":\"\",\"sku\":\"12026\",\"l2\":\"Viande fum\u00E9e\",\"sl\":\"poitrine-de-boeuf-fumee-demie-coupee-salumi-toscano-12026\",\"sn\":\"oeufs\",\"idxP\":0},{\"mq\":\"Johnny\",\"nm\":\"Bajoue de porc sal\u00E9 \u00E0 sec guanciale tranch\u00E9\",\"nme\":\"Sliced Guanciale Dry Cured Pork Jowl\",\"attr\":\"\",\"sku\":\"12010\",\"l2\":\"Bacon et pancetta\",\"sl\":\"bajoue-de-porc-sale-a-sec-guanciale-tranche-johnny-12010\",\"sn\":\"\",\"idxP\":0},{\"mq\":\"Gasp\u00E9sien\",\"nm\":\"Simili poulet en morceaux\",\"nme\":\"Mock Chicken Chunks\",\"attr\":\"\",\"sku\":\"12018\",\"l2\":\"Bologne\",\"sl\":\"simili-poulet-en-morceaux-gaspesien-12018\",\"sn\":\"\",\"idxP\":0},{\"mq\":\"Gasp\u00E9sien\",\"nm\":\"Bologne en morceaux\",\"nme\":\"Bologna Chunks\",\"attr\":\"\",\"sku\":\"12019\",\"l2\":\"Bologne\",\"sl\":\"bologne-en-morceaux-gaspesien-12019\",\"sn\":\"\",\"idxP\":0},{\"mq\":\"Fontaine Sant\u00E9\",\"nm\":\"Salade de cavatappi boursin ail et fines herbes\",\"nme\":\"Garlic and Fine Herbs Boursin Cavatappi Salad\",\"attr\":\"\",\"sku\":\"12055\",\"l2\":\"Pr\u00EAt \u00E0 manger\",\"sl\":\"salade-de-cavatappi-boursin-ail-et-fines-herbes-fontaine-sante-12055\",\"sn\":\"\",\"idxP\":19},{\"mq\":\"Maison Fayard\",\"nm\":\"Magret de canard d'Alsace fum\u00E9 bois h\u00EAtre\",\"nme\":\"Beech Wood Alsace Smoked Duck Breast\",\"attr\":\"\",\"sku\":\"12084\",\"l2\":\"Canard\",\"sl\":\"magret-de-canard-dalsace-fume-bois-hetre-maison-fayard-12084\",\"sn\":\"\",\"idxP\":0},{\"mq\":\"Fontaine Sant\u00E9\",\"nm\":\"Salade orzo asiatique\",\"nme\":\"Asian Style Orzo Salad\",\"attr\":\"\",\"sku\":\"12056\",\"l2\":\"Pr\u00EAt \u00E0 manger\",\"sl\":\"salade-orzo-asiatique-fontaine-sante-12056\",\"sn\":\"\",\"idxP\":17},{\"mq\":\"Mayrand Chef\",\"nm\":\"Jambon \u00E0 d\u00E9jeuner sans os\",\"nme\":\"Boneless Breakfast Ham\",\"attr\":\"\",\"sku\":\"12169\",\"l2\":\"Jambon\",\"sl\":\"jambon-a-dejeuner-sans-os-mayrand-chef-12169\",\"sn\":\"\",\"idxP\":0},{\"mq\":\"Mayrand Chef\",\"nm\":\"Jambon \u00E0 d\u00E9jeuner sans os tranch\u00E9\",\"nme\":\"Sliced Boneless Breakfast Ham\",\"attr\":\"\",\"sku\":\"12170\",\"l2\":\"Jambon\",\"sl\":\"jambon-a-dejeuner-sans-os-tranche-mayrand-chef-12170\",\"sn\":\"\",\"idxP\":9},{\"mq\":\"Plaisirs Gastronomiques\",\"nm\":\"Tourti\u00E8re fra\u00EEche\",\"nme\":\"Fresh Meat Pie\",\"attr\":\"\",\"sku\":\"12242\",\"l2\":\"Pr\u00EAt \u00E0 manger\",\"sl\":\"tourtiere-fraiche-plaisirs-gastronomiques-12242\",\"sn\":\"\",\"idxP\":0},{\"mq\":\"Plaisirs Gastronomiques\",\"nm\":\"P\u00E2t\u00E9 au poulet frais\",\"nme\":\"Fresh Chicken Pie\",\"attr\":\"\",\"sku\":\"12243\",\"l2\":\"Pr\u00EAt \u00E0 manger\",\"sl\":\"pate-au-poulet-frais-plaisirs-gastronomiques-12243\",\"sn\":\"\",\"idxP\":0},{\"mq\":\"Roma d'Italia\",\"nm\":\"Salamino finocchio\",\"nme\":\"Salamino finocchio\",\"attr\":\"\",\"sku\":\"03336\",\"l2\":\"Salami\",\"sl\":\"salamino-finocchio-03336\",\"sn\":\"\",\"idxP\":14},{\"mq\":\"Roma d'Italia\",\"nm\":\"Salamino napoli\",\"nme\":\"Salamino napoli\",\"attr\":\"\",\"sku\":\"03338\",\"l2\":\"Salami\",\"sl\":\"salamino-napoli-03338\",\"sn\":\"\",\"idxP\":15},{\"mq\":\"Roma d'Italia\",\"nm\":\"Salamino parmigiano\",\"nme\":\"Salamino parmigiano\",\"attr\":\"\",\"sku\":\"03339\",\"l2\":\"Salami\",\"sl\":\"salamino-parmigiano-03339\",\"sn\":\"\",\"idxP\":15},{\"mq\":\"Roma d'Italia\",\"nm\":\"Salamino tartufo\",\"nme\":\"Salamino tartufo\",\"attr\":\"\",\"sku\":\"03340\",\"l2\":\"Salami\",\"sl\":\"salamino-tartufo-03340\",\"sn\":\"\",\"idxP\":15},{\"mq\":\"Roma d'Italia\",\"nm\":\"Salamino calabrese\",\"nme\":\"Salamino calabrese\",\"attr\":\"\",\"sku\":\"03341\",\"l2\":\"Salami\",\"sl\":\"salamino-calabrese-03341\",\"sn\":\"\",\"idxP\":11},{\"mq\":\"Roma d'Italia\",\"nm\":\"Salamino chianti\",\"nme\":\"Salamino chianti\",\"attr\":\"\",\"sku\":\"03342\",\"l2\":\"Salami\",\"sl\":\"salamino-chianti-03342\",\"sn\":\"\",\"idxP\":12},{\"mq\":\"Roch\",\"nm\":\"#Jambon confit \u00E0 effilocher 17%\",\"nme\":\"#17% Candied Shredded Ham\",\"attr\":\"\",\"sku\":\"11276\",\"l2\":\"Jambon\",\"sl\":\"jambon-confit-a-effilocher-17-11276\",\"sn\":\"phyllo\",\"idxP\":1},{\"mq\":\"Gasp\u00E9sien\",\"nm\":\"Jambon m\u00E9choui quart\",\"nme\":\"Quarter Mechoui Ham\",\"attr\":\"\",\"sku\":\"12474\",\"l2\":\"Jambon\",\"sl\":\"jambon-mechoui-quart-12474\",\"sn\":\"\",\"idxP\":10},{\"mq\":\"Gasp\u00E9sien\",\"nm\":\"Cretons Gasp\u00E9sien\",\"nme\":\"Gaspesien Cretons\",\"attr\":\"\",\"sku\":\"23613\",\"l2\":\"Charcuterie traiteur\",\"sl\":\"cretons-gaspesien-23613\",\"sn\":\"\",\"idxP\":23},{\"mq\":\"Fontaine Sant\u00E9\",\"nm\":\"Trempette \u00E9pinard\",\"nme\":\"Spinach dip\",\"attr\":\"\",\"sku\":\"30383\",\"l2\":\"Pr\u00EAt \u00E0 manger\",\"sl\":\"trempette-epinard-30383\",\"sn\":\"\u00E9pinards\",\"idxP\":30},{\"mq\":\"Rana\",\"nm\":\"Ravioli aux champignons\",\"nme\":\"Mushroom raviolli\",\"attr\":\"\",\"sku\":\"31604\",\"l2\":\"Pr\u00EAt \u00E0 manger\",\"sl\":\"ravioli-aux-champignons-31604\",\"sn\":\"\",\"idxP\":14},{\"mq\":\"Rana\",\"nm\":\"Ravioli aux 4 fromages\",\"nme\":\"4 cheeses raviolli\",\"attr\":\"\",\"sku\":\"31605\",\"l2\":\"Pr\u00EAt \u00E0 manger\",\"sl\":\"ravioli-aux-4-fromages-31605\",\"sn\":\"fromages\",\"idxP\":11},{\"mq\":\"Rana\",\"nm\":\"Ravioli ricotta \u00E9pinard\",\"nme\":\"ricotta spinach raviolli\",\"attr\":\"\",\"sku\":\"32245\",\"l2\":\"Pr\u00EAt \u00E0 manger\",\"sl\":\"ravioli-ricotta-epinard-32245\",\"sn\":\"\u00E9pinards\",\"idxP\":10},{\"mq\":\"Rustica\",\"nm\":\"Pizza italienne boulangerie\",\"nme\":\"Bakery Italian Pizza\",\"attr\":\"\",\"sku\":\"12595\",\"l2\":\"Pr\u00EAt \u00E0 manger\",\"sl\":\"pizza-italienne-boulangerie-12595\",\"sn\":\"\",\"idxP\":2},{\"mq\":\"Mastro\",\"nm\":\"Salami sopressata tranch\u00E9\",\"nme\":\"Sliced Sopressata Salami\",\"attr\":\"\",\"sku\":\"12608\",\"l2\":\"Salami\",\"sl\":\"salami-sopressata-tranche-12608\",\"sn\":\"\",\"idxP\":33},{\"mq\":\"Mayrand CHEF\",\"nm\":\"Creton\",\"nme\":\"Creton\",\"attr\":\"\",\"sku\":\"68667\",\"l2\":\"Charcuterie traiteur\",\"sl\":\"creton-68667\",\"sn\":\"\",\"idxP\":0},{\"mq\":\"Roch\",\"nm\":\"Jambon toupie extra-maigre ancienne\",\"nme\":\"Old-Fashioned Extra-Lean Toupie Ham\",\"attr\":\"\",\"sku\":\"12692\",\"l2\":\"Jambon\",\"sl\":\"jambon-toupie-extra-maigre-ancienne-12692\",\"sn\":\"\",\"idxP\":1},{\"mq\":\"Rana\",\"nm\":\"Ravioli au poulet \u00E0 ail\",\"nme\":\"Garlic chicken raviolli\",\"attr\":\"\",\"sku\":\"31603\",\"l2\":\"Pr\u00EAt \u00E0 manger\",\"sl\":\"ravioli-au-poulet-a-ail-31603\",\"sn\":\"\",\"idxP\":0},{\"mq\":\"Lesters\",\"nm\":\"Steak \u00E9minc\u00E9\",\"nme\":\"Minced Steak\",\"attr\":\"\",\"sku\":\"12878\",\"l2\":\"Boeuf\",\"sl\":\"steak-emince-12878\",\"sn\":\"\",\"idxP\":0},{\"mq\":\"Roma d'Italia\",\"nm\":\"Salamino prosciutto\",\"nme\":\"Salamino Prosciutto\",\"attr\":\"\",\"sku\":\"13127\",\"l2\":\"Prosciutto\",\"sl\":\"salamino-prosciutto-13127\",\"sn\":\"\",\"idxP\":0},{\"mq\":\"Mello\",\"nm\":\"Salami au boeuf\",\"nme\":\"Beef Salami\",\"attr\":\"\",\"sku\":\"14036\",\"l2\":\"Salami\",\"sl\":\"salami-au-boeuf-14036\",\"sn\":\"oeufs\",\"idxP\":1},{\"mq\":\"Heinz\",\"nm\":\"Ketchup aux tomates\",\"nme\":\"Tomato Ketchup\",\"attr\":\"\",\"sku\":\"00300\",\"l2\":\"Condiment\",\"sl\":\"ketchup-aux-tomates-heinz-00300\",\"sn\":\"tomates\",\"idxP\":100},{\"mq\":\"Rose Hill\",\"nm\":\"Base pour soupe au poulet 20kg\",\"nme\":\"Chicken Sauce Mix\",\"attr\":\"Produit local\",\"sku\":\"00011\",\"l2\":\"Soupe et bouillon\",\"sl\":\"base-pour-soupe-au-poulet-20kg-rose-hill-00011\",\"sn\":\"\",\"idxP\":11},{\"mq\":\"Berthelet\",\"nm\":\"Base pour soupe au poulet\",\"nme\":\"Chicken Soup Base\",\"attr\":\"Produit local\",\"sku\":\"00642\",\"l2\":\"Soupe et bouillon\",\"sl\":\"base-pour-soupe-au-poulet-berthelet-00642\",\"sn\":\"\",\"idxP\":66},{\"mq\":\"Berthelet\",\"nm\":\"Base pour soupe \u00E0 la cr\u00E8me de c\u00E9leri\",\"nme\":\"Celery Cream Soup Base\",\"attr\":\"Produit local\",\"sku\":\"00631\",\"l2\":\"Soupe et bouillon\",\"sl\":\"base-pour-soupe-a-la-creme-de-celeri-berthelet-00631\",\"sn\":\"\",\"idxP\":17},{\"mq\":\"Berthelet\",\"nm\":\"M\u00E9lange pour sauce brune\",\"nme\":\"Brown gravy Sauce Mix\",\"attr\":\"Produit local\",\"sku\":\"00654\",\"l2\":\"Sauce\",\"sl\":\"melange-pour-sauce-brune-berthelet-00654\",\"sn\":\"\",\"idxP\":32},{\"mq\":\"Berthelet\",\"nm\":\"Base pour soupe au boeuf\",\"nme\":\"Beef Soup Base\",\"attr\":\"Produit local\",\"sku\":\"00630\",\"l2\":\"Soupe et bouillon\",\"sl\":\"base-pour-soupe-au-boeuf-berthelet-00630\",\"sn\":\"\",\"idxP\":41},{\"mq\":\"Berthelet\",\"nm\":\"M\u00E9lange pour sauce sandwich chaud\",\"nme\":\"Hot Chicken Sauce Mix\",\"attr\":\"Produit local\",\"sku\":\"00677\",\"l2\":\"Sauce\",\"sl\":\"melange-pour-sauce-sandwich-chaud-berthelet-00677\",\"sn\":\"\",\"idxP\":21},{\"mq\":\"Berthelet\",\"nm\":\"Base pour soupe cr\u00E8me de l\u00E9gumes\",\"nme\":\"Vegetable of Mushroom Soup Base\",\"attr\":\"Produit local\",\"sku\":\"00726\",\"l2\":\"Soupe et bouillon\",\"sl\":\"base-pour-soupe-creme-de-legumes-berthelet-00726\",\"sn\":\"\",\"idxP\":19},{\"mq\":\"Berthelet\",\"nm\":\"M\u00E9lange pour sauce barbecue\",\"nme\":\"BBQ Sauce Mix\",\"attr\":\"Produit local\",\"sku\":\"00648\",\"l2\":\"Sauce\",\"sl\":\"melange-pour-sauce-barbecue-berthelet-00648\",\"sn\":\"BBQ\",\"idxP\":29},{\"mq\":\"Berthelet\",\"nm\":\"M\u00E9lange pour sauce fromage cheddar\",\"nme\":\"Cheddar Cheese Sauce Mix\",\"attr\":\"Produit local\",\"sku\":\"00669\",\"l2\":\"Sauce\",\"sl\":\"melange-pour-sauce-fromage-cheddar-berthelet-00669\",\"sn\":\"fromages\",\"idxP\":21},{\"mq\":\"Berthelet\",\"nm\":\"Base pour soupe \u00E0 l'oignon\",\"nme\":\"Chicken Soup Base\",\"attr\":\"Produit local\",\"sku\":\"00731\",\"l2\":\"Soupe et bouillon\",\"sl\":\"base-pour-soupe-a-loignon-berthelet-00731\",\"sn\":\"onions, oignons\",\"idxP\":33},{\"mq\":\"Berthelet\",\"nm\":\"M\u00E9lange pour sauce demi-glace\",\"nme\":\"Demi-Glace Sauce Mix\",\"attr\":\"Produit local\",\"sku\":\"00667\",\"l2\":\"Sauce\",\"sl\":\"melange-pour-sauce-demi-glace-berthelet-00667\",\"sn\":\"\",\"idxP\":44},{\"mq\":\"Berthelet\",\"nm\":\"M\u00E9lange pour sauce au poivre vert\",\"nme\":\"Green Peppercorn Sauce Mix\",\"attr\":\"Produit local\",\"sku\":\"00676\",\"l2\":\"Sauce\",\"sl\":\"melange-pour-sauce-au-poivre-vert-berthelet-00676\",\"sn\":\"\",\"idxP\":21},{\"mq\":\"Heinz\",\"nm\":\"Sauce au chili\",\"nme\":\"Chili Sauce\",\"attr\":\"\",\"sku\":\"00303\",\"l2\":\"Condiment\",\"sl\":\"sauce-au-chili-heinz-00303\",\"sn\":\"\",\"idxP\":90},{\"mq\":\"Berthelet\",\"nm\":\"Base pour soupe cr\u00E8me de poulet\",\"nme\":\"Cream Chicken Soup Base\",\"attr\":\"Produit local\",\"sku\":\"00727\",\"l2\":\"Soupe et bouillon\",\"sl\":\"base-pour-soupe-creme-de-poulet-berthelet-00727\",\"sn\":\"\",\"idxP\":30},{\"mq\":\"Berthelet\",\"nm\":\"Base pour bouillon au poisson\",\"nme\":\"Fish Bouillon Soup Base\",\"attr\":\"Produit local\",\"sku\":\"00698\",\"l2\":\"Soupe et bouillon\",\"sl\":\"base-pour-bouillon-au-poisson-berthelet-00698\",\"sn\":\"\",\"idxP\":13},{\"mq\":\"Berthelet\",\"nm\":\"Aromates en poudre\",\"nme\":\"Aromates Powder\",\"attr\":\"Produit local\",\"sku\":\"00772\",\"l2\":\"\u00C9pice, sel et poivre\",\"sl\":\"aromates-en-poudre-berthelet-00772\",\"sn\":\"\",\"idxP\":23},{\"mq\":\"Berthelet\",\"nm\":\"M\u00E9lange pour sauce hollandaise\",\"nme\":\"Hollandaise Sauce Mix\",\"attr\":\"Produit local\",\"sku\":\"00671\",\"l2\":\"Sauce\",\"sl\":\"melange-pour-sauce-hollandaise-berthelet-00671\",\"sn\":\"\",\"idxP\":15},{\"mq\":\"Berthelet\",\"nm\":\"M\u00E9lange pour sauce r\u00F4ti de boeuf\",\"nme\":\"Roast Beef Sauce Mix\",\"attr\":\"Produit local\",\"sku\":\"00680\",\"l2\":\"Sauce\",\"sl\":\"melange-pour-sauce-roti-de-boeuf-berthelet-00680\",\"sn\":\"oeufs\",\"idxP\":20},{\"mq\":\"Berthelet\",\"nm\":\"Base pour soupe cr\u00E8me de poireau\",\"nme\":\"Cream of Leek Soup Base\",\"attr\":\"Produit local\",\"sku\":\"04110\",\"l2\":\"Soupe et bouillon\",\"sl\":\"base-pour-soupe-creme-de-poireau-berthelet-04110\",\"sn\":\"poires\",\"idxP\":9},{\"mq\":\"Berthelet\",\"nm\":\"Base pour soupe cr\u00E8me de poulet\",\"nme\":\"Cream Chicken Soup Base\",\"attr\":\"Produit local\",\"sku\":\"04109\",\"l2\":\"Soupe et bouillon\",\"sl\":\"base-pour-soupe-creme-de-poulet-berthelet-04109\",\"sn\":\"\",\"idxP\":10},{\"mq\":\"Rose Hill\",\"nm\":\"M\u00E9lange pour sauce au fromage\",\"nme\":\"Cheese Sauce Mix\",\"attr\":\"Produit local\",\"sku\":\"06070\",\"l2\":\"Sauce\",\"sl\":\"melange-pour-sauce-au-fromage-rose-hill-06070\",\"sn\":\"fromages\",\"idxP\":21},{\"mq\":\"Rose Hill\",\"nm\":\"M\u00E9lange pour soupe minestrone\",\"nme\":\"Minestron Soup Mix\",\"attr\":\"Produit local\",\"sku\":\"06513\",\"l2\":\"Soupe et bouillon\",\"sl\":\"melange-pour-soupe-minestrone-rose-hill-06513\",\"sn\":\"\",\"idxP\":12},{\"mq\":\"Berthelet\",\"nm\":\"M\u00E9lange pour sauce rosbif\",\"nme\":\"Roast Beef Sauce Mix\",\"attr\":\"Produit local\",\"sku\":\"04063\",\"l2\":\"Sauce\",\"sl\":\"melange-pour-sauce-rosbif-berthelet-04063\",\"sn\":\"\",\"idxP\":9},{\"mq\":\"Rose Hill\",\"nm\":\"Origan entier\",\"nme\":\"Whole oregano\",\"attr\":\"Produit local\",\"sku\":\"05736\",\"l2\":\"\u00C9pice, sel et poivre\",\"sl\":\"origan-entier-rose-hill-05736\",\"sn\":\"\",\"idxP\":39},{\"mq\":\"Rose Hill\",\"nm\":\"Coriandre moulu\",\"nme\":\"Ground Coriander\",\"attr\":\"Produit local\",\"sku\":\"11861\",\"l2\":\"\u00C9pice, sel et poivre\",\"sl\":\"coriandre-moulu-rose-hill-11861\",\"sn\":\"\",\"idxP\":35},{\"mq\":\"Rose Hill\",\"nm\":\"Graines de cumin\",\"nme\":\"Cumin Seeds\",\"attr\":\"Produit local\",\"sku\":\"11859\",\"l2\":\"\u00C9pice, sel et poivre\",\"sl\":\"graines-de-cumin-rose-hill-11859\",\"sn\":\"\",\"idxP\":29},{\"mq\":\"Cacao Barry\",\"nm\":\"Chocolat pistole blanc satin\",\"nme\":\"Satin White Chocolate Pistole\",\"attr\":\"\",\"sku\":\"12450\",\"l2\":\"Ingr\u00E9dient de p\u00E2tisserie\",\"sl\":\"chocolat-pistole-blanc-satin-cacao-barry-12450\",\"sn\":\"\",\"idxP\":23},{\"mq\":\"Rose Hill\",\"nm\":\"Cannelle en baton 3\\\"\",\"nme\":\"Cinnamon Sticks 3\\\"\",\"attr\":\"Produit local\",\"sku\":\"11862\",\"l2\":\"\u00C9pice, sel et poivre\",\"sl\":\"cannelle-en-baton-3-rose-hill-11862\",\"sn\":\"\",\"idxP\":50},{\"mq\":\"Cacao Barry\",\"nm\":\"Chocolat pistole lact\u00E9e\",\"nme\":\"Milky Chocolate Pistole\",\"attr\":\"\",\"sku\":\"12451\",\"l2\":\"Ingr\u00E9dient de p\u00E2tisserie\",\"sl\":\"chocolat-pistole-lactee-cacao-barry-12451\",\"sn\":\"\",\"idxP\":47},{\"mq\":\"Cacao Barry\",\"nm\":\"Chocolat pistole mi-amer 58%\",\"nme\":\"Mid-Bitter Chocolate 58% Pistole\",\"attr\":\"\",\"sku\":\"12452\",\"l2\":\"Ingr\u00E9dient de p\u00E2tisserie\",\"sl\":\"chocolat-pistole-mi-amer-58-cacao-barry-12452\",\"sn\":\"\",\"idxP\":46},{\"mq\":\"Rose Hill\",\"nm\":\"Poivre noir concass\u00E9\",\"nme\":\"Crushed Black Pepper\",\"attr\":\"Produit local\",\"sku\":\"08209\",\"l2\":\"\u00C9pice, sel et poivre\",\"sl\":\"poivre-noir-concasse-rose-hill-08209\",\"sn\":\"\",\"idxP\":49},{\"mq\":\"Cacao Barry\",\"nm\":\"Poudre de cacao extra brute 1kg\",\"nme\":\"Cocoa Powder 100% 1kg\",\"attr\":\"\",\"sku\":\"10295\",\"l2\":\"Ingr\u00E9dient de p\u00E2tisserie\",\"sl\":\"poudre-de-cacao-extra-brute-1kg-cacao-barry-10295\",\"sn\":\"\",\"idxP\":70},{\"mq\":\"Berthelet\",\"nm\":\"\u00C9pices \u00E0 steak style montr\u00E9alais\",\"nme\":\"Montreal Style Steak Spice\",\"attr\":\"Produit local\",\"sku\":\"02795\",\"l2\":\"\u00C9pice, sel et poivre\",\"sl\":\"epices-a-steak-style-montrealais-berthelet-02795\",\"sn\":\"\",\"idxP\":18},{\"mq\":\"Berthelet\",\"nm\":\"M\u00E9lange pour sauce demi-glace\",\"nme\":\"Demi-Glace Sauce Mix\",\"attr\":\"Produit local\",\"sku\":\"04116\",\"l2\":\"Sauce\",\"sl\":\"melange-pour-sauce-demi-glace-berthelet-04116\",\"sn\":\"\",\"idxP\":30},{\"mq\":\"Berthelet\",\"nm\":\"Clou de girofle moulu\",\"nme\":\"Ground Clove\",\"attr\":\"Produit local\",\"sku\":\"16764\",\"l2\":\"\u00C9pice, sel et poivre\",\"sl\":\"clou-de-girofle-moulu-berthelet-16764\",\"sn\":\"\",\"idxP\":15},{\"mq\":\"Rose Hill\",\"nm\":\"M\u00E9lange bouillon de poisson\",\"nme\":\"Fish Broth Mix\",\"attr\":\"\",\"sku\":\"17085\",\"l2\":\"Soupe et bouillon\",\"sl\":\"melange-bouillon-de-poisson-rose-hill-17085\",\"sn\":\"\",\"idxP\":13},{\"mq\":\"Berthelet\",\"nm\":\"M\u00E9lange pour sauce rago\u00FBt\",\"nme\":\"Ragout Sauce Mix\",\"attr\":\"Produit local\",\"sku\":\"15473\",\"l2\":\"Sauce\",\"sl\":\"melange-pour-sauce-ragout-berthelet-15473\",\"sn\":\"\",\"idxP\":19},{\"mq\":\"Rose Hill\",\"nm\":\"Sel assaisonn\u00E9\",\"nme\":\"Seasoning Salt\",\"attr\":\"Produit local\",\"sku\":\"11865\",\"l2\":\"\u00C9pice, sel et poivre\",\"sl\":\"sel-assaisonne-rose-hill-11865\",\"sn\":\"\",\"idxP\":24},{\"mq\":\"Rose Hill\",\"nm\":\"Anis \u00E9toil\u00E9\",\"nme\":\"Star Anise\",\"attr\":\"Produit local\",\"sku\":\"18414\",\"l2\":\"\u00C9pice, sel et poivre\",\"sl\":\"anis-etoile-rose-hill-18414\",\"sn\":\"\",\"idxP\":46},{\"mq\":\"Berthelet\",\"nm\":\"Assaisonnement c\u00F4tes lev\u00E9es barbecue\",\"nme\":\"BBQ Ribs Seasoning\",\"attr\":\"Produit local\",\"sku\":\"20139\",\"l2\":\"\u00C9pice, sel et poivre\",\"sl\":\"assaisonnement-cotes-levees-barbecue-berthelet-20139\",\"sn\":\"BBQ\",\"idxP\":21},{\"mq\":\"Rose Hill\",\"nm\":\"Romarin entier\",\"nme\":\"Whole Rosemary\",\"attr\":\"Produit local\",\"sku\":\"12004\",\"l2\":\"\u00C9pice, sel et poivre\",\"sl\":\"romarin-entier-rose-hill-12004\",\"sn\":\"\",\"idxP\":18},{\"mq\":\"Berthelet\",\"nm\":\"Base pour soupe cr\u00E8me brocoli\",\"nme\":\"Cream Broccoli Soup Base\",\"attr\":\"Produit local\",\"sku\":\"18977\",\"l2\":\"Soupe et bouillon\",\"sl\":\"base-pour-soupe-creme-brocoli-berthelet-18977\",\"sn\":\"\",\"idxP\":8},{\"mq\":\"Rose Hill\",\"nm\":\"M\u00E9lange bouillon de poulet\",\"nme\":\"Chicken Broth Mix\",\"attr\":\"Produit local\",\"sku\":\"20909\",\"l2\":\"Soupe et bouillon\",\"sl\":\"melange-bouillon-de-poulet-rose-hill-20909\",\"sn\":\"\",\"idxP\":18},{\"mq\":\"Berthelet\",\"nm\":\"Base pour bouillon de poisson\",\"nme\":\"Fish Soup Base\",\"attr\":\"Produit local\",\"sku\":\"21653\",\"l2\":\"Soupe et bouillon\",\"sl\":\"base-pour-bouillon-de-poisson-berthelet-21653\",\"sn\":\"\",\"idxP\":8},{\"mq\":\"Rose Hill\",\"nm\":\"M\u00E9lange bouillon de poulet\",\"nme\":\"Chicken Broth Mix\",\"attr\":\"Produit local\",\"sku\":\"17086\",\"l2\":\"Soupe et bouillon\",\"sl\":\"melange-bouillon-de-poulet-rose-hill-17086\",\"sn\":\"\",\"idxP\":30},{\"mq\":\"Cacao Barry\",\"nm\":\"Chocolat noir 65% pistole Inaya\",\"nme\":\"Dark Chocolate 65% Inaya Pistole\",\"attr\":\"\",\"sku\":\"23935\",\"l2\":\"Ingr\u00E9dient de p\u00E2tisserie\",\"sl\":\"chocolat-noir-65-pistole-inaya-cacao-barry-23935\",\"sn\":\"\",\"idxP\":49},{\"mq\":\"Rose Hill\",\"nm\":\"M\u00E9lange bouillon de l\u00E9gumes\",\"nme\":\"Vegetables Broth Mix\",\"attr\":\"Produit local\",\"sku\":\"17084\",\"l2\":\"Soupe et bouillon\",\"sl\":\"melange-bouillon-de-legumes-rose-hill-17084\",\"sn\":\"\",\"idxP\":22},{\"mq\":\"Rose Hill\",\"nm\":\"Paprika fum\u00E9\",\"nme\":\"Smoked Paprika\",\"attr\":\"Produit local\",\"sku\":\"21627\",\"l2\":\"\u00C9pice, sel et poivre\",\"sl\":\"paprika-fume-rose-hill-21627\",\"sn\":\"\",\"idxP\":49},{\"mq\":\"Rose Hill\",\"nm\":\"Assaisonnement ancho et chipotle\",\"nme\":\"Ancho and Chipotle Seasoning\",\"attr\":\"Produit local\",\"sku\":\"21774\",\"l2\":\"\u00C9pice, sel et poivre\",\"sl\":\"assaisonnement-ancho-et-chipotle-rose-hill-21774\",\"sn\":\"\",\"idxP\":26},{\"mq\":\"Cacao Barry\",\"nm\":\"Chocolat noir 70% pistole Ocoa\",\"nme\":\"Dark Chocolate 70% Ocoa Pistole\",\"attr\":\"\",\"sku\":\"23937\",\"l2\":\"Ingr\u00E9dient de p\u00E2tisserie\",\"sl\":\"chocolat-noir-70-pistole-ocoa-cacao-barry-23937\",\"sn\":\"\",\"idxP\":46},{\"mq\":\"Rose Hill\",\"nm\":\"Poivre noir moulu\",\"nme\":\"Pepper black ground\",\"attr\":\"Produit local\",\"sku\":\"28097\",\"l2\":\"\u00C9pice, sel et poivre\",\"sl\":\"poivre-noir-moulu-rose-hill-28097\",\"sn\":\"\",\"idxP\":83},{\"mq\":\"Rose Hill\",\"nm\":\"M\u00E9lange base bouillon au poulet 5kg\",\"nme\":\"Chicken Broth Mix\",\"attr\":\"Produit local\",\"sku\":\"28094\",\"l2\":\"Soupe et bouillon\",\"sl\":\"melange-base-bouillon-au-poulet-5kg-rose-hill-28094\",\"sn\":\"\",\"idxP\":40},{\"mq\":\"Rose Hill\",\"nm\":\"Ail poudre\",\"nme\":\"Garlic Powder\",\"attr\":\"Produit local\",\"sku\":\"28104\",\"l2\":\"\u00C9pice, sel et poivre\",\"sl\":\"ail-poudre-rose-hill-28104\",\"sn\":\"\",\"idxP\":72},{\"mq\":\"Rose Hill\",\"nm\":\"M\u00E9lange pour sauce sandwich chaud 5kg\",\"nme\":\"Hot Chicken Sauce Mix\",\"attr\":\"Produit local\",\"sku\":\"28092\",\"l2\":\"Sauce\",\"sl\":\"melange-pour-sauce-sandwich-chaud-5kg-rose-hill-28092\",\"sn\":\"\",\"idxP\":7},{\"mq\":\"Rose Hill\",\"nm\":\"Paprika\",\"nme\":\"Paprika\",\"attr\":\"Produit local\",\"sku\":\"28102\",\"l2\":\"\u00C9pice, sel et poivre\",\"sl\":\"paprika-rose-hill-28102\",\"sn\":\"\",\"idxP\":86},{\"mq\":\"Rose Hill\",\"nm\":\"Herbes de Provence\",\"nme\":\"Provence Herbs\",\"attr\":\"Produit local\",\"sku\":\"29397\",\"l2\":\"\u00C9pice, sel et poivre\",\"sl\":\"herbes-de-provence-rose-hill-29397\",\"sn\":\"\",\"idxP\":24},{\"mq\":\"Rose Hill\",\"nm\":\"Piment broy\u00E9\",\"nme\":\"Crushed Pepper\",\"attr\":\"Produit local\",\"sku\":\"28101\",\"l2\":\"\u00C9pice, sel et poivre\",\"sl\":\"piment-broye-rose-hill-28101\",\"sn\":\"piments\",\"idxP\":42},{\"mq\":\"Berthelet\",\"nm\":\"Base pour soupe cr\u00E8me de tomate\",\"nme\":\"Cream of Tomato Soup Base\",\"attr\":\"Produit local\",\"sku\":\"28683\",\"l2\":\"Soupe et bouillon\",\"sl\":\"base-pour-soupe-creme-de-tomate-berthelet-28683\",\"sn\":\"tomates\",\"idxP\":8},{\"mq\":\"Rose Hill\",\"nm\":\"\u00C9pices bifteck concass\u00E9es sans sel\",\"nme\":\"Unsalted Cracked Steak Spice\",\"attr\":\"Produit local\",\"sku\":\"30700\",\"l2\":\"\u00C9pice, sel et poivre\",\"sl\":\"epices-bifteck-concassees-sans-sel-rose-hill-30700\",\"sn\":\"steak\",\"idxP\":30},{\"mq\":\"Rose Hill\",\"nm\":\"Noix de muscade enti\u00E8res\",\"nme\":\"Whole Nutmeg\",\"attr\":\"Produit local\",\"sku\":\"29396\",\"l2\":\"\u00C9pice, sel et poivre\",\"sl\":\"noix-de-muscade-entieres-rose-hill-29396\",\"sn\":\"\",\"idxP\":23},{\"mq\":\"Cacao Barry\",\"nm\":\"Paillet\u00E9 feuilletine\",\"nme\":\"Feuilletine Paillette\",\"attr\":\"\",\"sku\":\"30492\",\"l2\":\"Ingr\u00E9dient de p\u00E2tisserie\",\"sl\":\"paillete-feuilletine-cacao-barry-30492\",\"sn\":\"\",\"idxP\":24},{\"mq\":\"Rose Hill\",\"nm\":\"Ail \u00E9minc\u00E9\",\"nme\":\"Minced Garlic\",\"attr\":\"Produit local\",\"sku\":\"31900\",\"l2\":\"\u00C9pice, sel et poivre\",\"sl\":\"ail-emince-rose-hill-31900\",\"sn\":\"\",\"idxP\":20},{\"mq\":\"Rose Hill\",\"nm\":\"Glutamate monosodique\",\"nme\":\"Monosodium Glutamate\",\"attr\":\"Produit local\",\"sku\":\"32230\",\"l2\":\"\u00C9pice, sel et poivre\",\"sl\":\"glutamate-monosodique-rose-hill-32230\",\"sn\":\"\",\"idxP\":24},{\"mq\":\"Rose Hill\",\"nm\":\"Attendrisseur de viande\",\"nme\":\"Meat Tenderizer\",\"attr\":\"Produit local\",\"sku\":\"32227\",\"l2\":\"\u00C9pice, sel et poivre\",\"sl\":\"attendrisseur-de-viande-rose-hill-32227\",\"sn\":\"\",\"idxP\":23},{\"mq\":\"Rose Hill\",\"nm\":\"Miettes \u00E0 saveur de bacon\",\"nme\":\"Bacon Flavoured Bits\",\"attr\":\"Produit local\",\"sku\":\"32055\",\"l2\":\"\u00C9pice, sel et poivre\",\"sl\":\"miettes-a-saveur-de-bacon-rose-hill-32055\",\"sn\":\"\",\"idxP\":36},{\"mq\":\"Rose Hill\",\"nm\":\"Cumin moulu\",\"nme\":\"Ground Cumin\",\"attr\":\"Produit local\",\"sku\":\"32228\",\"l2\":\"\u00C9pice, sel et poivre\",\"sl\":\"cumin-moulu-rose-hill-32228\",\"sn\":\"\",\"idxP\":90},{\"mq\":\"Rose Hill\",\"nm\":\"Basilic rap\u00E9\",\"nme\":\"Rubbed Basil\",\"attr\":\"Produit local\",\"sku\":\"32050\",\"l2\":\"\u00C9pice, sel et poivre\",\"sl\":\"basilic-rape-rose-hill-32050\",\"sn\":\"\",\"idxP\":64},{\"mq\":\"Rose Hill\",\"nm\":\"Herbes de Provence\",\"nme\":\"Provence Herbs\",\"attr\":\"Produit local\",\"sku\":\"32051\",\"l2\":\"\u00C9pice, sel et poivre\",\"sl\":\"herbes-de-provence-rose-hill-32051\",\"sn\":\"\",\"idxP\":58},{\"mq\":\"Rose Hill\",\"nm\":\"Base pour soupe au b\u0153uf 5kg\",\"nme\":\"Beef Soup Base\",\"attr\":\"Produit local\",\"sku\":\"32091\",\"l2\":\"Soupe et bouillon\",\"sl\":\"base-pour-soupe-au-buf-5kg-rose-hill-32091\",\"sn\":\"\",\"idxP\":13},{\"mq\":\"Cacao Barry\",\"nm\":\"Chocolat \u00E0 cuisson Prima\",\"nme\":\"Prima Baking Chocolate\",\"attr\":\"\",\"sku\":\"28896\",\"l2\":\"Ingr\u00E9dient de p\u00E2tisserie\",\"sl\":\"chocolat-a-cuisson-prima-cacao-barry-28896\",\"sn\":\"\",\"idxP\":26},{\"mq\":\"Cacao Barry\",\"nm\":\"Chocolat noir 70% pistole Ocoa\",\"nme\":\"Dark Chocolate 70% Ocoa Pistole\",\"attr\":\"\",\"sku\":\"32471\",\"l2\":\"Ingr\u00E9dient de p\u00E2tisserie\",\"sl\":\"chocolat-noir-70-pistole-ocoa-cacao-barry-32471\",\"sn\":\"\",\"idxP\":54},{\"mq\":\"Rose Hill\",\"nm\":\"Origan entier\",\"nme\":\"Whole Oregano\",\"attr\":\"Produit local\",\"sku\":\"32057\",\"l2\":\"\u00C9pice, sel et poivre\",\"sl\":\"origan-entier-rose-hill-32057\",\"sn\":\"\",\"idxP\":83},{\"mq\":\"Rose Hill\",\"nm\":\"Assaisonnement poisson et fruit de mer\",\"nme\":\"Broiled Fish and Seafood Seasoning\",\"attr\":\"Produit local\",\"sku\":\"32246\",\"l2\":\"\u00C9pice, sel et poivre\",\"sl\":\"assaisonnement-poisson-et-fruit-de-mer-rose-hill-32246\",\"sn\":\"\",\"idxP\":33},{\"mq\":\"Rose Hill\",\"nm\":\"Persil en flocon\",\"nme\":\"Parsley Flakes\",\"attr\":\"Produit local\",\"sku\":\"32054\",\"l2\":\"\u00C9pice, sel et poivre\",\"sl\":\"persil-en-flocon-rose-hill-32054\",\"sn\":\"\",\"idxP\":86},{\"mq\":\"Berthelet\",\"nm\":\"Assaisonnement salade\",\"nme\":\"Salad Seasoning\",\"attr\":\"Produit local\",\"sku\":\"32801\",\"l2\":\"\u00C9pice, sel et poivre\",\"sl\":\"assaisonnement-salade-berthelet-32801\",\"sn\":\"\",\"idxP\":26},{\"mq\":\"Rose Hill\",\"nm\":\"Base soupe au poulet\",\"nme\":\"Chicken Soup Base\",\"attr\":\"Produit local\",\"sku\":\"33458\",\"l2\":\"Soupe et bouillon\",\"sl\":\"base-soupe-au-poulet-rose-hill-33458\",\"sn\":\"\",\"idxP\":25},{\"mq\":\"Rose Hill\",\"nm\":\"Vanille m\u00E9lange en poudre\",\"nme\":\"Vanilla Powder Mix\",\"attr\":\"Produit local\",\"sku\":\"34490\",\"l2\":\"\u00C9pice, sel et poivre\",\"sl\":\"vanille-melange-en-poudre-rose-hill-34490\",\"sn\":\"\",\"idxP\":70},{\"mq\":\"Rose Hill\",\"nm\":\"Assaisonnement herbe italien\",\"nme\":\"Italian Herbs\",\"attr\":\"Produit local\",\"sku\":\"35417\",\"l2\":\"\u00C9pice, sel et poivre\",\"sl\":\"assaisonnement-herbe-italien-rose-hill-35417\",\"sn\":\"\",\"idxP\":47},{\"mq\":\"Berthelet\",\"nm\":\"Base pour soupe au poulet\",\"nme\":\"Chicken Soup Base\",\"attr\":\"Produit local\",\"sku\":\"35847\",\"l2\":\"Soupe et bouillon\",\"sl\":\"base-pour-soupe-au-poulet-berthelet-35847\",\"sn\":\"\",\"idxP\":10},{\"mq\":\"Rose Hill\",\"nm\":\"Noix de muscade moulue\",\"nme\":\"Ground Nutmeg\",\"attr\":\"Produit local\",\"sku\":\"35164\",\"l2\":\"\u00C9pice, sel et poivre\",\"sl\":\"noix-de-muscade-moulue-rose-hill-35164\",\"sn\":\"\",\"idxP\":24},{\"mq\":\"Rose Hill\",\"nm\":\"Curcuma moulu\",\"nme\":\"Ground Turmeric\",\"attr\":\"Produit local\",\"sku\":\"35752\",\"l2\":\"\u00C9pice, sel et poivre\",\"sl\":\"curcuma-moulu-rose-hill-35752\",\"sn\":\"turmeric, safran des indes\",\"idxP\":41},{\"mq\":\"Rose Hill\",\"nm\":\"M\u00E9lange sauce poutine qu\u00E9b\u00E9coise\",\"nme\":\"Quebecan Poutine Sauce Mix\",\"attr\":\"Produit local\",\"sku\":\"35996\",\"l2\":\"Sauce\",\"sl\":\"melange-sauce-poutine-quebecoise-rose-hill-35996\",\"sn\":\"\",\"idxP\":31},{\"mq\":\"Rose Hill\",\"nm\":\"Cannelle moulue\",\"nme\":\"Ground Cinnamon\",\"attr\":\"Produit local\",\"sku\":\"35163\",\"l2\":\"\u00C9pice, sel et poivre\",\"sl\":\"cannelle-moulue-rose-hill-35163\",\"sn\":\"\",\"idxP\":50},{\"mq\":\"Rose Hill\",\"nm\":\"M\u00E9lange pour sauce brune 5kg\",\"nme\":\"Brown Gravy Mix\",\"attr\":\"Produit local\",\"sku\":\"34965\",\"l2\":\"Sauce\",\"sl\":\"melange-pour-sauce-brune-5kg-rose-hill-34965\",\"sn\":\"\",\"idxP\":16},{\"mq\":\"Rose Hill\",\"nm\":\"\u00C9pice \u00E0 bifteck\",\"nme\":\"Crushed Steak Spice\",\"attr\":\"Produit local\",\"sku\":\"32702\",\"l2\":\"\u00C9pice, sel et poivre\",\"sl\":\"epice-a-bifteck-rose-hill-32702\",\"sn\":\"steak\",\"idxP\":39},{\"mq\":\"Rose Hill\",\"nm\":\"M\u00E9lange sauce poutine qu\u00E9b\u00E9coise\",\"nme\":\"Quebec Poutine Sauce Mix\",\"attr\":\"Produit local\",\"sku\":\"35997\",\"l2\":\"Sauce\",\"sl\":\"melange-sauce-poutine-quebecoise-rose-hill-35997\",\"sn\":\"\",\"idxP\":51},{\"mq\":\"Rose Hill\",\"nm\":\"Base pour soupe \u00E0 l'oignon 5kg\",\"nme\":\"Onion Soup Base\",\"attr\":\"Produit local\",\"sku\":\"36456\",\"l2\":\"Soupe et bouillon\",\"sl\":\"base-pour-soupe-a-loignon-5kg-rose-hill-36456\",\"sn\":\"onions, oignons\",\"idxP\":15},{\"mq\":\"Rose Hill\",\"nm\":\"M\u00E9lange sauce brune\",\"nme\":\"Brown Gravy Mix\",\"attr\":\"Produit local\",\"sku\":\"37394\",\"l2\":\"Sauce\",\"sl\":\"melange-sauce-brune-rose-hill-37394\",\"sn\":\"\",\"idxP\":18},{\"mq\":\"Rose Hill\",\"nm\":\"Anis entier\",\"nme\":\"Whole Anise\",\"attr\":\"Produit local\",\"sku\":\"35973\",\"l2\":\"\u00C9pice, sel et poivre\",\"sl\":\"anis-entier-rose-hill-35973\",\"sn\":\"\",\"idxP\":29},{\"mq\":\"Rose Hill\",\"nm\":\"M\u00E9lange sauce poutine\",\"nme\":\"Poutine Sauce Mix\",\"attr\":\"Produit local\",\"sku\":\"37393\",\"l2\":\"Sauce\",\"sl\":\"melange-sauce-poutine-rose-hill-37393\",\"sn\":\"\",\"idxP\":41},{\"mq\":\"Rose Hill\",\"nm\":\"M\u00E9lange sauce barbecue\",\"nme\":\"BBQ Sauce Mix\",\"attr\":\"Produit local\",\"sku\":\"37396\",\"l2\":\"Sauce\",\"sl\":\"melange-sauce-barbecue-rose-hill-37396\",\"sn\":\"BBQ\",\"idxP\":23},{\"mq\":\"Rose Hill\",\"nm\":\"Base pour soupe cr\u00E8me de champignon 5kg\",\"nme\":\"Mushroom Ceam Soup Base\",\"attr\":\"Produit local\",\"sku\":\"36835\",\"l2\":\"Soupe et bouillon\",\"sl\":\"base-pour-soupe-creme-de-champignon-5kg-rose-hill-36835\",\"sn\":\"\",\"idxP\":4},{\"mq\":\"Rose Hill\",\"nm\":\"M\u00E9lange sauce sandwich chaud\",\"nme\":\"Hot Chicken Sauce Mix\",\"attr\":\"Produit local\",\"sku\":\"37395\",\"l2\":\"Sauce\",\"sl\":\"melange-sauce-sandwich-chaud-rose-hill-37395\",\"sn\":\"\",\"idxP\":20},{\"mq\":\"Rose Hill\",\"nm\":\"Estragon  flocon\",\"nme\":\"Tarragon Flakes\",\"attr\":\"Produit local\",\"sku\":\"38163\",\"l2\":\"\u00C9pice, sel et poivre\",\"sl\":\"estragon-flocon-rose-hill-38163\",\"sn\":\"\",\"idxP\":29},{\"mq\":\"Rose Hill\",\"nm\":\"Base soupe \u00E0 l'oignon\",\"nme\":\"Onion Soup Base\",\"attr\":\"Produit local\",\"sku\":\"37397\",\"l2\":\"Soupe et bouillon\",\"sl\":\"base-soupe-a-loignon-rose-hill-37397\",\"sn\":\"onions, oignons\",\"idxP\":21},{\"mq\":\"Rose Hill\",\"nm\":\"Romarin entier\",\"nme\":\"Whole Rosemary\",\"attr\":\"Produit local\",\"sku\":\"38166\",\"l2\":\"\u00C9pice, sel et poivre\",\"sl\":\"romarin-entier-rose-hill-38166\",\"sn\":\"\",\"idxP\":30},{\"mq\":\"Rose Hill\",\"nm\":\"Ciboulette\",\"nme\":\"Chive\",\"attr\":\"Produit local\",\"sku\":\"38173\",\"l2\":\"\u00C9pice, sel et poivre\",\"sl\":\"ciboulette-rose-hill-38173\",\"sn\":\"\",\"idxP\":41},{\"mq\":\"Rose Hill\",\"nm\":\"Thym entier\",\"nme\":\"Whole Thyme\",\"attr\":\"Produit local\",\"sku\":\"38186\",\"l2\":\"\u00C9pice, sel et poivre\",\"sl\":\"thym-entier-rose-hill-38186\",\"sn\":\"\",\"idxP\":47},{\"mq\":\"Rose Hill\",\"nm\":\"Poivre noir entier\",\"nme\":\"Whole Black Pepper\",\"attr\":\"Produit local\",\"sku\":\"38185\",\"l2\":\"\u00C9pice, sel et poivre\",\"sl\":\"poivre-noir-entier-rose-hill-38185\",\"sn\":\"\",\"idxP\":83},{\"mq\":\"Rose Hill\",\"nm\":\"Poudre de chili\",\"nme\":\"Chili Powder\",\"attr\":\"Produit local\",\"sku\":\"38172\",\"l2\":\"\u00C9pice, sel et poivre\",\"sl\":\"poudre-de-chili-rose-hill-38172\",\"sn\":\"\",\"idxP\":42},{\"mq\":\"Rose Hill\",\"nm\":\"Piments broy\u00E9s\",\"nme\":\"Crushed Peppers\",\"attr\":\"Produit local\",\"sku\":\"38183\",\"l2\":\"\u00C9pice, sel et poivre\",\"sl\":\"piments-broyes-rose-hill-38183\",\"sn\":\"piments\",\"idxP\":23},{\"mq\":\"Rose Hill\",\"nm\":\"Poivre noir moulu\",\"nme\":\"Ground Black Pepper\",\"attr\":\"Produit local\",\"sku\":\"38348\",\"l2\":\"\u00C9pice, sel et poivre\",\"sl\":\"poivre-noir-moulu-rose-hill-38348\",\"sn\":\"\",\"idxP\":51},{\"mq\":\"Rose Hill\",\"nm\":\"Clou de girofle entier\",\"nme\":\"Whole Cloves\",\"attr\":\"Produit local\",\"sku\":\"37482\",\"l2\":\"\u00C9pice, sel et poivre\",\"sl\":\"clou-de-girofle-entier-rose-hill-37482\",\"sn\":\"\",\"idxP\":34},{\"mq\":\"Rose Hill\",\"nm\":\"Sel d'oignon\",\"nme\":\"Onion Salt\",\"attr\":\"Produit local\",\"sku\":\"38167\",\"l2\":\"\u00C9pice, sel et poivre\",\"sl\":\"sel-doignon-rose-hill-38167\",\"sn\":\"onions, oignons\",\"idxP\":32},{\"mq\":\"Rose Hill\",\"nm\":\"Persil en flocon\",\"nme\":\"Parsley Flakes\",\"attr\":\"Produit local\",\"sku\":\"38180\",\"l2\":\"\u00C9pice, sel et poivre\",\"sl\":\"persil-en-flocon-rose-hill-38180\",\"sn\":\"\",\"idxP\":52},{\"mq\":\"Rose Hill\",\"nm\":\"\u00C9pices \u00E0 bifteck\",\"nme\":\"Steack Spice\",\"attr\":\"Produit local\",\"sku\":\"38161\",\"l2\":\"\u00C9pice, sel et poivre\",\"sl\":\"epices-a-bifteck-rose-hill-38161\",\"sn\":\"steak\",\"idxP\":34},{\"mq\":\"Rose Hill\",\"nm\":\"Gingembre moulu\",\"nme\":\"Ground Ginger\",\"attr\":\"\",\"sku\":\"38175\",\"l2\":\"\u00C9pice, sel et poivre\",\"sl\":\"gingembre-moulu-rose-hill-38175\",\"sn\":\"\",\"idxP\":58},{\"mq\":\"Rose Hill\",\"nm\":\"Feuilles de laurier\",\"nme\":\"Bay leaves\",\"attr\":\"Produit local\",\"sku\":\"38338\",\"l2\":\"\u00C9pice, sel et poivre\",\"sl\":\"feuilles-de-laurier-rose-hill-38338\",\"sn\":\"\",\"idxP\":30},{\"mq\":\"Rose Hill\",\"nm\":\"Poivre noir entier\",\"nme\":\"Whole Black Pepper\",\"attr\":\"Produit local\",\"sku\":\"38165\",\"l2\":\"\u00C9pice, sel et poivre\",\"sl\":\"poivre-noir-entier-rose-hill-38165\",\"sn\":\"\",\"idxP\":37},{\"mq\":\"Rose Hill\",\"nm\":\"Assaisonnement barbecue\",\"nme\":\"BBQ Rib Seasoning\",\"attr\":\"Produit local\",\"sku\":\"38170\",\"l2\":\"\u00C9pice, sel et poivre\",\"sl\":\"assaisonnement-barbecue-rose-hill-38170\",\"sn\":\"BBQ\",\"idxP\":46},{\"mq\":\"Rose Hill\",\"nm\":\"Sel de c\u00E9leri\",\"nme\":\"Celery Salt\",\"attr\":\"Produit local\",\"sku\":\"38350\",\"l2\":\"\u00C9pice, sel et poivre\",\"sl\":\"sel-de-celeri-rose-hill-38350\",\"sn\":\"\",\"idxP\":35},{\"mq\":\"Rose Hill\",\"nm\":\"Oignon en poudre\",\"nme\":\"Onion Powder\",\"attr\":\"Produit local\",\"sku\":\"38343\",\"l2\":\"\u00C9pice, sel et poivre\",\"sl\":\"oignon-en-poudre-rose-hill-38343\",\"sn\":\"onions, oignons\",\"idxP\":49},{\"mq\":\"Rose Hill\",\"nm\":\"Ail granul\u00E9\",\"nme\":\"Granulated Garlic\",\"attr\":\"Produit local\",\"sku\":\"38388\",\"l2\":\"\u00C9pice, sel et poivre\",\"sl\":\"ail-granule-rose-hill-38388\",\"sn\":\"\",\"idxP\":59},{\"mq\":\"Rose Hill\",\"nm\":\"Paprika\",\"nme\":\"Paprika\",\"attr\":\"Produit local\",\"sku\":\"38179\",\"l2\":\"\u00C9pice, sel et poivre\",\"sl\":\"paprika-rose-hill-38179\",\"sn\":\"\",\"idxP\":47},{\"mq\":\"Rose Hill\",\"nm\":\"Aneth hach\u00E9e\",\"nme\":\"Chopped Dill Weed\",\"attr\":\"Produit local\",\"sku\":\"38331\",\"l2\":\"\u00C9pice, sel et poivre\",\"sl\":\"aneth-hachee-rose-hill-38331\",\"sn\":\"\",\"idxP\":39},{\"mq\":\"Berthelet\",\"nm\":\"Base pour soupe poulet\",\"nme\":\"Chicken Soup Base\",\"attr\":\"Produit local\",\"sku\":\"38649\",\"l2\":\"Soupe et bouillon\",\"sl\":\"base-pour-soupe-poulet-berthelet-38649\",\"sn\":\"\",\"idxP\":52},{\"mq\":\"Rose Hill\",\"nm\":\"Moutarde en poudre\",\"nme\":\"Mustard Powder\",\"attr\":\"Produit local\",\"sku\":\"38340\",\"l2\":\"\u00C9pice, sel et poivre\",\"sl\":\"moutarde-en-poudre-rose-hill-38340\",\"sn\":\"\",\"idxP\":39},{\"mq\":\"Rose Hill\",\"nm\":\"Miettes \u00E0 saveur de bacon\",\"nme\":\"Bacon Flavoured Bits\",\"attr\":\"Produit local\",\"sku\":\"38414\",\"l2\":\"\u00C9pice, sel et poivre\",\"sl\":\"miettes-a-saveur-de-bacon-rose-hill-38414\",\"sn\":\"\",\"idxP\":26},{\"mq\":\"Rose Hill\",\"nm\":\"Sel d'ail\",\"nme\":\"Garlic Salt\",\"attr\":\"Produit local\",\"sku\":\"38333\",\"l2\":\"\u00C9pice, sel et poivre\",\"sl\":\"sel-dail-rose-hill-38333\",\"sn\":\"\",\"idxP\":39},{\"mq\":\"Rose Hill\",\"nm\":\"Cari poudre\",\"nme\":\"Curry Powder\",\"attr\":\"Produit local\",\"sku\":\"38346\",\"l2\":\"\u00C9pice, sel et poivre\",\"sl\":\"cari-poudre-rose-hill-38346\",\"sn\":\"\",\"idxP\":37},{\"mq\":\"Rose Hill\",\"nm\":\"Cannelle en poudre\",\"nme\":\"Cinnamon Powder\",\"attr\":\"Produit local\",\"sku\":\"38335\",\"l2\":\"\u00C9pice, sel et poivre\",\"sl\":\"cannelle-en-poudre-rose-hill-38335\",\"sn\":\"\",\"idxP\":20},{\"mq\":\"Rose Hill\",\"nm\":\"Assaisonnement salade verte\",\"nme\":\"Green Salad Seasoning\",\"attr\":\"Produit local\",\"sku\":\"41904\",\"l2\":\"\u00C9pice, sel et poivre\",\"sl\":\"assaisonnement-salade-verte-rose-hill-41904\",\"sn\":\"\",\"idxP\":48},{\"mq\":\"Rose Hill\",\"nm\":\"\u00C9pices \u00E0 marinade entier\",\"nme\":\"Whole Pickling Spice\",\"attr\":\"Produit local\",\"sku\":\"41211\",\"l2\":\"\u00C9pice, sel et poivre\",\"sl\":\"epices-a-marinade-entier-rose-hill-41211\",\"sn\":\"\",\"idxP\":27},{\"mq\":\"Rose Hill\",\"nm\":\"Assaisonnement Souvlaki\",\"nme\":\"Souvlaki Seasoning\",\"attr\":\"Produit local\",\"sku\":\"41900\",\"l2\":\"\u00C9pice, sel et poivre\",\"sl\":\"assaisonnement-souvlaki-rose-hill-41900\",\"sn\":\"\",\"idxP\":28},{\"mq\":\"Rose Hill\",\"nm\":\"Ail en poudre\",\"nme\":\"Garlic Powder\",\"attr\":\"Produit local\",\"sku\":\"39169\",\"l2\":\"\u00C9pice, sel et poivre\",\"sl\":\"ail-en-poudre-rose-hill-39169\",\"sn\":\"\",\"idxP\":30},{\"mq\":\"Rose Hill\",\"nm\":\"Assaisonnement pour riz aux l\u00E9gumes\",\"nme\":\"Vegetable Rice Seasoning\",\"attr\":\"Produit local\",\"sku\":\"41905\",\"l2\":\"Soupe et bouillon\",\"sl\":\"assaisonnement-pour-riz-aux-legumes-rose-hill-41905\",\"sn\":\"\",\"idxP\":38},{\"mq\":\"Rose Hill\",\"nm\":\"Herbes italiennes\",\"nme\":\"Italian Herbs\",\"attr\":\"\",\"sku\":\"41603\",\"l2\":\"\u00C9pice, sel et poivre\",\"sl\":\"herbes-italiennes-rose-hill-41603\",\"sn\":\"\",\"idxP\":19},{\"mq\":\"Rose Hill\",\"nm\":\"M\u00E9lange cr\u00E8me de champignon\",\"nme\":\"Mushroom Cream Mix Soup\",\"attr\":\"Produit local\",\"sku\":\"47914\",\"l2\":\"Soupe et bouillon\",\"sl\":\"melange-creme-de-champignon-rose-hill-47914\",\"sn\":\"\",\"idxP\":12},{\"mq\":\"Rose Hill\",\"nm\":\"Assaisonnement taco et fajitas\",\"nme\":\"Taco and Fajitas Seasoning\",\"attr\":\"Produit local\",\"sku\":\"41901\",\"l2\":\"\u00C9pice, sel et poivre\",\"sl\":\"assaisonnement-taco-et-fajitas-rose-hill-41901\",\"sn\":\"\",\"idxP\":30},{\"mq\":\"Rose Hill\",\"nm\":\"Poivre de cayenne moulu\",\"nme\":\"Ground Cayenne Pepper\",\"attr\":\"Produit local\",\"sku\":\"45286\",\"l2\":\"\u00C9pice, sel et poivre\",\"sl\":\"poivre-de-cayenne-moulu-rose-hill-45286\",\"sn\":\"\",\"idxP\":23},{\"mq\":\"Rose Hill\",\"nm\":\"M\u00E9lange cr\u00E8me de tomate\",\"nme\":\"Cream of Tomato Soup\",\"attr\":\"Produit local\",\"sku\":\"47594\",\"l2\":\"Soupe et bouillon\",\"sl\":\"melange-creme-de-tomate-rose-hill-47594\",\"sn\":\"tomates\",\"idxP\":12},{\"mq\":\"Rose Hill\",\"nm\":\"Assaisonnement citron et poivre\",\"nme\":\"Lemon and Pepper Seasoning\",\"attr\":\"Produit local\",\"sku\":\"45045\",\"l2\":\"\u00C9pice, sel et poivre\",\"sl\":\"assaisonnement-citron-et-poivre-rose-hill-45045\",\"sn\":\"citrons\",\"idxP\":21},{\"mq\":\"Berthelet\",\"nm\":\"Base pour soupe au poulet\",\"nme\":\"Chicken Soup Base\",\"attr\":\"Produit local\",\"sku\":\"46990\",\"l2\":\"Soupe et bouillon\",\"sl\":\"base-pour-soupe-au-poulet-berthelet-46990\",\"sn\":\"\",\"idxP\":5},{\"mq\":\"Rose Hill\",\"nm\":\"M\u00E9lange sauce Alfredo\",\"nme\":\"Alfredo Sauce Mix\",\"attr\":\"Produit local\",\"sku\":\"47921\",\"l2\":\"Sauce\",\"sl\":\"melange-sauce-alfredo-rose-hill-47921\",\"sn\":\"\",\"idxP\":23},{\"mq\":\"Rose Hill\",\"nm\":\"M\u00E9lange cr\u00E8me de poulet\",\"nme\":\"Chicken Cream Soup Mix\",\"attr\":\"Produit local\",\"sku\":\"47916\",\"l2\":\"Soupe et bouillon\",\"sl\":\"melange-creme-de-poulet-rose-hill-47916\",\"sn\":\"\",\"idxP\":14},{\"mq\":\"Cacao Barry\",\"nm\":\"Chocolat noir pistoles St Domingue\",\"nme\":\"Santo Domingo Chocolate Pistoles 1 kg\",\"attr\":\"\",\"sku\":\"48238\",\"l2\":\"Ingr\u00E9dient de p\u00E2tisserie\",\"sl\":\"chocolat-noir-pistoles-st-domingue-cacao-barry-48238\",\"sn\":\"\",\"idxP\":57},{\"mq\":\"Rose Hill\",\"nm\":\"Assaisonnement pour poulet\",\"nme\":\"Chicken Seasoning\",\"attr\":\"Produit local\",\"sku\":\"46512\",\"l2\":\"\u00C9pice, sel et poivre\",\"sl\":\"assaisonnement-pour-poulet-rose-hill-46512\",\"sn\":\"\",\"idxP\":30},{\"mq\":\"Rose Hill\",\"nm\":\"M\u00E9lange cr\u00E8me d'asperge\",\"nme\":\"Asparagus Cream Soup Mix\",\"attr\":\"Produit local\",\"sku\":\"47915\",\"l2\":\"Soupe et bouillon\",\"sl\":\"melange-creme-dasperge-rose-hill-47915\",\"sn\":\"\",\"idxP\":14},{\"mq\":\"Rose Hill\",\"nm\":\"Assaisonnement style grec\",\"nme\":\"Greek Style Seasoning\",\"attr\":\"Produit local\",\"sku\":\"48394\",\"l2\":\"\u00C9pice, sel et poivre\",\"sl\":\"assaisonnement-style-grec-rose-hill-48394\",\"sn\":\"\",\"idxP\":39},{\"mq\":\"Rose Hill\",\"nm\":\"M\u00E9lange sauce hollandaise\",\"nme\":\"Hollandaise Sauce Mix\",\"attr\":\"Produit local\",\"sku\":\"47923\",\"l2\":\"Sauce\",\"sl\":\"melange-sauce-hollandaise-rose-hill-47923\",\"sn\":\"\",\"idxP\":47},{\"mq\":\"Rose Hill\",\"nm\":\"M\u00E9lange sauce poutine\",\"nme\":\"Poutine Sauce Mix\",\"attr\":\"Produit local\",\"sku\":\"47927\",\"l2\":\"Sauce\",\"sl\":\"melange-sauce-poutine-rose-hill-47927\",\"sn\":\"\",\"idxP\":26},{\"mq\":\"Rose Hill\",\"nm\":\"Assaisonnement citron et herbes\",\"nme\":\"Lemon and Herbs Seasoning\",\"attr\":\"Produit local\",\"sku\":\"48415\",\"l2\":\"\u00C9pice, sel et poivre\",\"sl\":\"assaisonnement-citron-et-herbes-rose-hill-48415\",\"sn\":\"citrons\",\"idxP\":24},{\"mq\":\"Berthelet\",\"nm\":\"Cr\u00E8me p\u00E2tissi\u00E8re\",\"nme\":\"Custard\",\"attr\":\"Produit local\",\"sku\":\"42933\",\"l2\":\"Ingr\u00E9dient de p\u00E2tisserie\",\"sl\":\"creme-patissiere-berthelet-42933\",\"sn\":\"\",\"idxP\":17},{\"mq\":\"Rose Hill\",\"nm\":\"M\u00E9lange sauce demi-glace\",\"nme\":\"Demi-Glace Sauce Mix\",\"attr\":\"Produit local\",\"sku\":\"47922\",\"l2\":\"Sauce\",\"sl\":\"melange-sauce-demi-glace-rose-hill-47922\",\"sn\":\"\",\"idxP\":42},{\"mq\":\"Rose Hill\",\"nm\":\"Estragon en flocon\",\"nme\":\"Tarragon Flakes\",\"attr\":\"Produit local\",\"sku\":\"41663\",\"l2\":\"\u00C9pice, sel et poivre\",\"sl\":\"estragon-en-flocon-rose-hill-41663\",\"sn\":\"\",\"idxP\":14},{\"mq\":\"Berthelet\",\"nm\":\"\u00C9pice pour tourti\u00E8re\",\"nme\":\"Meat Pie Spice\",\"attr\":\"Produit local\",\"sku\":\"46867\",\"l2\":\"\u00C9pice, sel et poivre\",\"sl\":\"epice-pour-tourtiere-berthelet-46867\",\"sn\":\"\",\"idxP\":16},{\"mq\":\"Pastene\",\"nm\":\"P\u00E2te de tomates\",\"nme\":\"Tomato Paste\",\"attr\":\"\",\"sku\":\"00271\",\"l2\":\"Tomate en conserve\",\"sl\":\"pate-de-tomates-pastene-00271\",\"sn\":\"tomates\",\"idxP\":100},{\"mq\":\"Rose Hill\",\"nm\":\"Assaisonnement pomme terre maison\",\"nme\":\"Home Fry Potato Seasoning\",\"attr\":\"Produit local\",\"sku\":\"48417\",\"l2\":\"\u00C9pice, sel et poivre\",\"sl\":\"assaisonnement-pomme-terre-maison-rose-hill-48417\",\"sn\":\"pommes\",\"idxP\":32},{\"mq\":\"Kraft\",\"nm\":\"Mayonnaise en portion x200\",\"nme\":\"Mayonnaise Portion\",\"attr\":\"\",\"sku\":\"00900\",\"l2\":\"Condiment\",\"sl\":\"mayonnaise-en-portion-x200-kraft-00900\",\"sn\":\"mayonnaise\",\"idxP\":16},{\"mq\":\"Italia\",\"nm\":\"Huile de grignon d'olive\",\"nme\":\"Pomace Olive Oil\",\"attr\":\"\",\"sku\":\"02377\",\"l2\":\"Huile et vinaigre\",\"sl\":\"huile-de-grignon-dolive-italia-02377\",\"sn\":\"\",\"idxP\":100},{\"mq\":\"Barilla\",\"nm\":\"P\u00E2tes farfalle\",\"nme\":\"Farfalle Pasta\",\"attr\":\"\",\"sku\":\"02395\",\"l2\":\"P\u00E2tes\",\"sl\":\"pates-farfalle-barilla-02395\",\"sn\":\"\",\"idxP\":94},{\"mq\":\"Rose Hill\",\"nm\":\"Assaisonnement cajun\",\"nme\":\"Cajun Seasoning\",\"attr\":\"Produit local\",\"sku\":\"48416\",\"l2\":\"\u00C9pice, sel et poivre\",\"sl\":\"assaisonnement-cajun-rose-hill-48416\",\"sn\":\"\",\"idxP\":28},{\"mq\":\"Barilla\",\"nm\":\"P\u00E2tes penne rigate #72\",\"nme\":\"Penne Rigate #72 Pasta\",\"attr\":\"\",\"sku\":\"02397\",\"l2\":\"P\u00E2tes\",\"sl\":\"pates-penne-rigate-72-barilla-02397\",\"sn\":\"\",\"idxP\":100},{\"mq\":\"ADM\",\"nm\":\"Farine enrichie Bakers Roses\",\"nme\":\"Enriched flour Bakers Roses\",\"attr\":\"Produit local\",\"sku\":\"04807\",\"l2\":\"Farine, semoule et chapelure\",\"sl\":\"farine-enrichie-bakers-roses-adm-04807\",\"sn\":\"\",\"idxP\":100},{\"mq\":\"Heinz\",\"nm\":\"Ketchup en conserve\",\"nme\":\"Canned Ketchup\",\"attr\":\"\",\"sku\":\"00400\",\"l2\":\"Condiment\",\"sl\":\"ketchup-en-conserve-heinz-00400\",\"sn\":\"\",\"idxP\":98},{\"mq\":\"Nupak ou Dunya Harvest\",\"nm\":\"Riz \u00E0 grain long blanc\",\"nme\":\"Long Grain White Rice\",\"attr\":\"\",\"sku\":\"11333\",\"l2\":\"Riz et grain\",\"sl\":\"riz-a-grain-long-blanc-nupak-ou-dunya-harvest-11333\",\"sn\":\"\",\"idxP\":42},{\"mq\":\"Ardent Mills\",\"nm\":\"Farine pr\u00E9par\u00E9e\",\"nme\":\"Self Raising Flour\",\"attr\":\"\",\"sku\":\"17182\",\"l2\":\"Farine, semoule et chapelure\",\"sl\":\"farine-preparee-ardent-mills-17182\",\"sn\":\"raisins\",\"idxP\":85},{\"mq\":\"Kraft\",\"nm\":\"Beurre d'arachide en portion\",\"nme\":\"Peanut Butter Portion\",\"attr\":\"\",\"sku\":\"00909\",\"l2\":\"Confiture et tartinade\",\"sl\":\"beurre-darachide-en-portion-kraft-00909\",\"sn\":\"\",\"idxP\":44},{\"mq\":\"Dubon\",\"nm\":\"Huile de canola carton\",\"nme\":\"Canola Oil box\",\"attr\":\"\",\"sku\":\"07576\",\"l2\":\"Huile et vinaigre\",\"sl\":\"huile-de-canola-carton-dubon-07576\",\"sn\":\"\",\"idxP\":95},{\"mq\":\"Belcolade\",\"nm\":\"Chocolat noir mi-amer 55% pistole\",\"nme\":\"Bittersweet Chocolate 55% Pistole\",\"attr\":\"\",\"sku\":\"06432\",\"l2\":\"Ingr\u00E9dient de p\u00E2tisserie\",\"sl\":\"chocolat-noir-mi-amer-55-pistole-belcolade-06432\",\"sn\":\"\",\"idxP\":17},{\"mq\":\"Ardent Mills\",\"nm\":\"Farine tout usage Baker's Hand select\",\"nme\":\"All purpose flour Baker's Hand select\",\"attr\":\"\",\"sku\":\"13217\",\"l2\":\"Farine, semoule et chapelure\",\"sl\":\"farine-tout-usage-bakers-hand-select-ardent-mills-13217\",\"sn\":\"\",\"idxP\":89},{\"mq\":\"Belcolade\",\"nm\":\"Chocolat noir extra 70.5% pistole\",\"nme\":\"Extra Black Pistol Chocolate 70.5%\",\"attr\":\"\",\"sku\":\"14201\",\"l2\":\"Ingr\u00E9dient de p\u00E2tisserie\",\"sl\":\"chocolat-noir-extra-70.5-pistole-belcolade-14201\",\"sn\":\"croustille\",\"idxP\":27},{\"mq\":\"Good Morning\",\"nm\":\"Confiture de fraises en portion\",\"nme\":\"Strawberry Jam Portion\",\"attr\":\"\",\"sku\":\"20597\",\"l2\":\"Confiture et tartinade\",\"sl\":\"confiture-de-fraises-en-portion-good-morning-20597\",\"sn\":\"fraises\",\"idxP\":49},{\"mq\":\"Ardent Mills\",\"nm\":\"Farine tout usage Baker's Hand\",\"nme\":\"All purpose flour Baker's hand\",\"attr\":\"\",\"sku\":\"17183\",\"l2\":\"Farine, semoule et chapelure\",\"sl\":\"farine-tout-usage-bakers-hand-ardent-mills-17183\",\"sn\":\"\",\"idxP\":95},{\"mq\":\"San Marzano\",\"nm\":\"Tomates enti\u00E8res pel\u00E9es avec basilic\",\"nme\":\"Whole Peeled Tomatoes with basil\",\"attr\":\"\",\"sku\":\"21840\",\"l2\":\"Tomate en conserve\",\"sl\":\"tomates-entieres-pelees-avec-basilic-san-marzano-21840\",\"sn\":\"tomates\",\"idxP\":100},{\"mq\":\"Grisspasta\",\"nm\":\"P\u00E2te macaroni\",\"nme\":\"Macaroni Pasta\",\"attr\":\"Produit local\",\"sku\":\"26618\",\"l2\":\"P\u00E2tes\",\"sl\":\"pate-macaroni-grisspasta-26618\",\"sn\":\"\",\"idxP\":100},{\"mq\":\"San Marzano\",\"nm\":\"Coulis de tomate\",\"nme\":\"Strained Tomatoes\",\"attr\":\"\",\"sku\":\"37172\",\"l2\":\"Tomate en conserve\",\"sl\":\"coulis-de-tomate-san-marzano-37172\",\"sn\":\"tomates\",\"idxP\":100},{\"mq\":\"Sunbec\",\"nm\":\"Sucre blanc en sachets\",\"nme\":\"White Sugar Single Serve\",\"attr\":\"\",\"sku\":\"38506\",\"l2\":\"Sucre\",\"sl\":\"sucre-blanc-en-sachets-sunbec-38506\",\"sn\":\"\",\"idxP\":75},{\"mq\":\"Pastene\",\"nm\":\"Vinaigre de vin\",\"nme\":\"Wine Vinegar\",\"attr\":\"\",\"sku\":\"39317\",\"l2\":\"Huile et vinaigre\",\"sl\":\"vinaigre-de-vin-pastene-39317\",\"sn\":\"\",\"idxP\":100},{\"mq\":\"Pastene\",\"nm\":\"Chapelure italienne\",\"nme\":\"Italian Breadcrumbs\",\"attr\":\"\",\"sku\":\"39160\",\"l2\":\"Farine, semoule et chapelure\",\"sl\":\"chapelure-italienne-pastene-39160\",\"sn\":\"\",\"idxP\":88},{\"mq\":\"Par Excellence\",\"nm\":\"Riz \u00E9tuve naturel \u00E0 grains longs\",\"nme\":\"Parboiled Rice Natural Long Grain\",\"attr\":\"\",\"sku\":\"42962\",\"l2\":\"Riz et grain\",\"sl\":\"riz-etuve-naturel-a-grains-longs-par-excellence-42962\",\"sn\":\"\",\"idxP\":100},{\"mq\":\"Grisspasta\",\"nm\":\"Pate lasagne 10\\\"\",\"nme\":\"Lasagna Pasta 10\\\"\",\"attr\":\"Produit local\",\"sku\":\"35384\",\"l2\":\"P\u00E2tes\",\"sl\":\"pate-lasagne-10-grisspasta-35384\",\"sn\":\"\",\"idxP\":42},{\"mq\":\"Pastene\",\"nm\":\"Tomates en d\u00E9s\",\"nme\":\"Diced Tomatoes\",\"attr\":\"\",\"sku\":\"38360\",\"l2\":\"Tomate en conserve\",\"sl\":\"tomates-en-des-pastene-38360\",\"sn\":\"tomates\",\"idxP\":100},{\"mq\":\"Ardent Mills\",\"nm\":\"Farine \u00E0 pain fermentation rapide Rapido\",\"nme\":\"No time dough flour Rapido\",\"attr\":\"\",\"sku\":\"29703\",\"l2\":\"Farine, semoule et chapelure\",\"sl\":\"farine-a-pain-fermentation-rapide-rapido-ardent-mills-29703\",\"sn\":\"\",\"idxP\":47},{\"mq\":\"Sunbec\",\"nm\":\"Sucre brut\",\"nme\":\"Raw Sugar\",\"attr\":\"\",\"sku\":\"43824\",\"l2\":\"Sucre\",\"sl\":\"sucre-brut-sunbec-43824\",\"sn\":\"\",\"idxP\":47},{\"mq\":\"Agrofusion\",\"nm\":\"Haricots romano\",\"nme\":\"Romano Beans\",\"attr\":\"\",\"sku\":\"18469\",\"l2\":\"Riz et grain\",\"sl\":\"haricots-romano-agrofusion-18469\",\"sn\":\"\",\"idxP\":62},{\"mq\":\"Pringles\",\"nm\":\"Croustilles r\u00E9guli\u00E8res\",\"nme\":\"Regular Chips\",\"attr\":\"\",\"sku\":\"18370\",\"l2\":\"Croustille et grignotine\",\"sl\":\"croustilles-regulieres-pringles-18370\",\"sn\":\"croustille\",\"idxP\":22},{\"mq\":\"Loacker\",\"nm\":\"Gaufrettes cr\u00E8me noisette Quadratini\",\"nme\":\"Hazelnut Cream Wafer Quadratini\",\"attr\":\"\",\"sku\":\"00454\",\"l2\":\"Biscuit et craquelin\",\"sl\":\"gaufrettes-creme-noisette-quadratini-loacker-00454\",\"sn\":\"\",\"idxP\":24},{\"mq\":\"Balocco\",\"nm\":\"Biscuit novellini\",\"nme\":\"Novellini Cookie\",\"attr\":\"\",\"sku\":\"00519\",\"l2\":\"Biscuit et craquelin\",\"sl\":\"biscuit-novellini-balocco-00519\",\"sn\":\"\",\"idxP\":39},{\"mq\":\"Gadeshi\",\"nm\":\"Biscuits amaretti\",\"nme\":\"Amaretti Cookies\",\"attr\":\"\",\"sku\":\"07893\",\"l2\":\"Biscuit et craquelin\",\"sl\":\"biscuits-amaretti-gadeshi-07893\",\"sn\":\"\",\"idxP\":24},{\"mq\":\"Cibona\",\"nm\":\"C\u00E2pres marin\u00E9es\",\"nme\":\"Capucine Caper\",\"attr\":\"\",\"sku\":\"09654\",\"l2\":\"Marinade\",\"sl\":\"capres-marinees-cibona-09654\",\"sn\":\"\",\"idxP\":87},{\"mq\":\"Loacker\",\"nm\":\"Gaufrette espresso Quadratini\",\"nme\":\"Espresso Wafer Quadratini\",\"attr\":\"\",\"sku\":\"10868\",\"l2\":\"Biscuit et craquelin\",\"sl\":\"gaufrette-espresso-quadratini-loacker-10868\",\"sn\":\"\",\"idxP\":15},{\"mq\":\"Loacker\",\"nm\":\"Gaufrette cappucino Quadratini\",\"nme\":\"Cappucino Wafer  Quadratini\",\"attr\":\"\",\"sku\":\"00452\",\"l2\":\"Biscuit et craquelin\",\"sl\":\"gaufrette-cappucino-quadratini-loacker-00452\",\"sn\":\"\",\"idxP\":17},{\"mq\":\"Ritz\",\"nm\":\"Craquelins originaux\",\"nme\":\"Original Crackers\",\"attr\":\"\",\"sku\":\"28300\",\"l2\":\"Biscuit et craquelin\",\"sl\":\"craquelins-originaux-ritz-28300\",\"sn\":\"\",\"idxP\":98},{\"mq\":\"Premium Plus\",\"nm\":\"Craquelins sal\u00E9s\",\"nme\":\"Salted Crackers\",\"attr\":\"\",\"sku\":\"01771\",\"l2\":\"Biscuit et craquelin\",\"sl\":\"craquelins-sales-premium-plus-01771\",\"sn\":\"\",\"idxP\":53},{\"mq\":\"Sweet'n Low\",\"nm\":\"Substitut de sucre rose en sachets\",\"nme\":\"Pink Sugar Substitute Single Serve\",\"attr\":\"\",\"sku\":\"30933\",\"l2\":\"Sucre\",\"sl\":\"substitut-de-sucre-rose-en-sachets-sweetn-low-30933\",\"sn\":\"\",\"idxP\":71},{\"mq\":\"Cibona\",\"nm\":\"Olive reine\",\"nme\":\"Queen Olives\",\"attr\":\"\",\"sku\":\"34092\",\"l2\":\"Marinade\",\"sl\":\"olive-reine-cibona-34092\",\"sn\":\"\",\"idxP\":41},{\"mq\":\"Loacker\",\"nm\":\"Gaufrettes au cacao\",\"nme\":\"Cocoa Wafer Cookies\",\"attr\":\"\",\"sku\":\"49748\",\"l2\":\"Biscuit et craquelin\",\"sl\":\"gaufrettes-au-cacao-loacker-49748\",\"sn\":\"\",\"idxP\":39},{\"mq\":\"Christie\",\"nm\":\"Biscuit th\u00E9 social\",\"nme\":\"Social Tea Cookies\",\"attr\":\"\",\"sku\":\"17829\",\"l2\":\"Biscuit et craquelin\",\"sl\":\"biscuit-the-social-christie-17829\",\"sn\":\"\",\"idxP\":27},{\"mq\":\"Sugartwin\",\"nm\":\"Substitut de sucre jaune en sachets\",\"nme\":\"Yellow Sugar Substitute Single Serve\",\"attr\":\"\",\"sku\":\"33391\",\"l2\":\"Sucre\",\"sl\":\"substitut-de-sucre-jaune-en-sachets-sugartwin-33391\",\"sn\":\"\",\"idxP\":100},{\"mq\":\"Crespo\",\"nm\":\"Cornichons surs\",\"nme\":\"Sour Pickle Gherkins\",\"attr\":\"\",\"sku\":\"37793\",\"l2\":\"Marinade\",\"sl\":\"cornichons-surs-crespo-37793\",\"sn\":\"\",\"idxP\":49},{\"mq\":\"Maseca\",\"nm\":\"Farine de ma\u00EFs masa instantan\u00E9e sans gluten\",\"nme\":\"Gluten Free Instant Corn Masa Flour\",\"attr\":\"Sans gluten\",\"sku\":\"12947\",\"l2\":\"Farine, semoule et chapelure\",\"sl\":\"farine-de-mais-masa-instantanee-sans-gluten-maseca-12947\",\"sn\":\"\",\"idxP\":100},{\"mq\":\"Levante\",\"nm\":\"Huile d'olive extra-vierge\",\"nme\":\"Extra Virgin Olive Oil\",\"attr\":\"\",\"sku\":\"26444\",\"l2\":\"Huile et vinaigre\",\"sl\":\"huile-dolive-extra-vierge-levante-26444\",\"sn\":\"\",\"idxP\":54},{\"mq\":\"Knorr\",\"nm\":\"Base de soupe poulet r\u00F4ti en p\u00E2te\",\"nme\":\"Roasted Chicken Paste Soup Base\",\"attr\":\"\",\"sku\":\"26335\",\"l2\":\"Soupe et bouillon\",\"sl\":\"base-de-soupe-poulet-roti-en-pate-knorr-26335\",\"sn\":\"\",\"idxP\":23},{\"mq\":\"Sun Med\",\"nm\":\"Cocktail aux fruits dans un sirop l\u00E9ger\",\"nme\":\"Fruit Cocktail\",\"attr\":\"\",\"sku\":\"12231\",\"l2\":\"Fruit en conserve\",\"sl\":\"cocktail-aux-fruits-dans-un-sirop-leger-sun-med-12231\",\"sn\":\"\",\"idxP\":74},{\"mq\":\"Vachon\",\"nm\":\"G\u00E2teaux May West\",\"nme\":\"May West Sponge Cakes\",\"attr\":\"\",\"sku\":\"30869\",\"l2\":\"Biscuit et craquelin\",\"sl\":\"gateaux-may-west-vachon-30869\",\"sn\":\"\",\"idxP\":42},{\"mq\":\"Vachon\",\"nm\":\"G\u00E2teaux Jos Louis\",\"nme\":\"Jos Louis Sponge Cakes\",\"attr\":\"\",\"sku\":\"30860\",\"l2\":\"Biscuit et craquelin\",\"sl\":\"gateaux-jos-louis-vachon-30860\",\"sn\":\"\",\"idxP\":38},{\"mq\":\"Vachon\",\"nm\":\"G\u00E2teau Ah Caramel\",\"nme\":\"Ah Caramel Sponge Cake\",\"attr\":\"\",\"sku\":\"30865\",\"l2\":\"Biscuit et craquelin\",\"sl\":\"gateau-ah-caramel-vachon-30865\",\"sn\":\"\",\"idxP\":41},{\"mq\":\"Heinz\",\"nm\":\"Ketchup en sac volpak\",\"nme\":\"Ketchup Volpak\",\"attr\":\"\",\"sku\":\"00401\",\"l2\":\"Condiment\",\"sl\":\"ketchup-en-sac-volpak-heinz-00401\",\"sn\":\"\",\"idxP\":19},{\"mq\":\"Unico\",\"nm\":\"Thon p\u00E2le entier\",\"nme\":\"Whole White Tuna\",\"attr\":\"\",\"sku\":\"01060\",\"l2\":\"Poisson et viande en conserve\",\"sl\":\"thon-pale-entier-unico-01060\",\"sn\":\"\",\"idxP\":96},{\"mq\":\"Rose Hill\",\"nm\":\"M\u00E9lange pour sauce poutine 18kg\",\"nme\":\"Poutine Sauce Mix\",\"attr\":\"Produit local\",\"sku\":\"00008\",\"l2\":\"Sauce\",\"sl\":\"melange-pour-sauce-poutine-18kg-rose-hill-00008\",\"sn\":\"\",\"idxP\":20},{\"mq\":\"Unico\",\"nm\":\"Thon p\u00E2le entier\",\"nme\":\"Solid Light Tuna\",\"attr\":\"\",\"sku\":\"01062\",\"l2\":\"Poisson et viande en conserve\",\"sl\":\"thon-pale-entier-unico-01062\",\"sn\":\"\",\"idxP\":100},{\"mq\":\"Barilla\",\"nm\":\"P\u00E2tes spaghetti #5\",\"nme\":\"Spaghetti Pasta #5\",\"attr\":\"\",\"sku\":\"02396\",\"l2\":\"P\u00E2tes\",\"sl\":\"pates-spaghetti-5-barilla-02396\",\"sn\":\"\",\"idxP\":80},{\"mq\":\"Heinz\",\"nm\":\"Vinaigre en portion\",\"nme\":\"Vinegar Portion\",\"attr\":\"\",\"sku\":\"00403\",\"l2\":\"Huile et vinaigre\",\"sl\":\"vinaigre-en-portion-heinz-00403\",\"sn\":\"\",\"idxP\":7},{\"mq\":\"Fleischmann\",\"nm\":\"Levure s\u00E8che active\",\"nme\":\"Active Dry Yeast\",\"attr\":\"\",\"sku\":\"01500\",\"l2\":\"Ingr\u00E9dient de p\u00E2tisserie\",\"sl\":\"levure-seche-active-fleischmann-01500\",\"sn\":\"\",\"idxP\":100},{\"mq\":\"Pastene\",\"nm\":\"Tomates broy\u00E9es avec addition de pur\u00E9e\",\"nme\":\"Ground Tomatoes with Added Puree\",\"attr\":\"\",\"sku\":\"00270\",\"l2\":\"Tomate en conserve\",\"sl\":\"tomates-broyees-avec-addition-de-puree-pastene-00270\",\"sn\":\"tomates\",\"idxP\":100},{\"mq\":\"Kraft\",\"nm\":\"Vinaigrettes Italiennes en portions\",\"nme\":\"Italian Salad Dressing Portions\",\"attr\":\"\",\"sku\":\"00901\",\"l2\":\"Vinaigrette et Cro\u00FBton\",\"sl\":\"vinaigrettes-italiennes-en-portions-kraft-00901\",\"sn\":\"\",\"idxP\":28},{\"mq\":\"Gattuso\",\"nm\":\"Sauce \u00E0 spaghetti\",\"nme\":\"Spaghetti Sauce\",\"attr\":\"\",\"sku\":\"04883\",\"l2\":\"Sauce\",\"sl\":\"sauce-a-spaghetti-gattuso-04883\",\"sn\":\"\",\"idxP\":98},{\"mq\":\"Valli\",\"nm\":\"Thon p\u00E2le entier dans l'huile v\u00E9g\u00E9tale\",\"nme\":\"Solid light Tuna in Vegetable Oil\",\"attr\":\"\",\"sku\":\"00253\",\"l2\":\"Poisson et viande en conserve\",\"sl\":\"thon-pale-entier-dans-lhuile-vegetale-valli-00253\",\"sn\":\"\",\"idxP\":82},{\"mq\":\"Barilla\",\"nm\":\"P\u00E2tes rigatoni #83\",\"nme\":\"Rigatoni #83 Pasta\",\"attr\":\"\",\"sku\":\"02398\",\"l2\":\"P\u00E2tes\",\"sl\":\"pates-rigatoni-83-barilla-02398\",\"sn\":\"\",\"idxP\":70},{\"mq\":\"Kraft\",\"nm\":\"Mayonnaise en portion sachet\",\"nme\":\"Mayonnaise Stick Pack Portion x210\",\"attr\":\"\",\"sku\":\"02788\",\"l2\":\"Condiment\",\"sl\":\"mayonnaise-en-portion-sachet-kraft-02788\",\"sn\":\"mayonnaise\",\"idxP\":57},{\"mq\":\"Grisspasta\",\"nm\":\"P\u00E2tes lasagnes au four\",\"nme\":\"Oven Lasagna Pasta\",\"attr\":\"Produit local\",\"sku\":\"06529\",\"l2\":\"P\u00E2tes\",\"sl\":\"pates-lasagnes-au-four-grisspasta-06529\",\"sn\":\"\",\"idxP\":22},{\"mq\":\"Gattuso\",\"nm\":\"Sauce \u00E0 pizza\",\"nme\":\"Pizza Sauce\",\"attr\":\"\",\"sku\":\"04882\",\"l2\":\"Sauce\",\"sl\":\"sauce-a-pizza-gattuso-04882\",\"sn\":\"\",\"idxP\":88},{\"mq\":\"Rio\",\"nm\":\"Cornet super #57\",\"nme\":\"Super ice cream cone #57\",\"attr\":\"\",\"sku\":\"16444\",\"l2\":\"Bar laitier\",\"sl\":\"cornet-super-57-rio-16444\",\"sn\":\"\",\"idxP\":72},{\"mq\":\"Grisspasta\",\"nm\":\"P\u00E2tes spaghettini\",\"nme\":\"Spaghettini Pasta\",\"attr\":\"Produit local\",\"sku\":\"28000\",\"l2\":\"P\u00E2tes\",\"sl\":\"pates-spaghettini-grisspasta-28000\",\"sn\":\"\",\"idxP\":11},{\"mq\":\"Aurora\",\"nm\":\"Riz superfino arborio\",\"nme\":\"Arborio Superfino Rice\",\"attr\":\"\",\"sku\":\"33936\",\"l2\":\"Riz et grain\",\"sl\":\"riz-superfino-arborio-aurora-33936\",\"sn\":\"\",\"idxP\":100},{\"mq\":\"Kraft\",\"nm\":\"Vinaigrette fran\u00E7aise en portions x200\",\"nme\":\"French Salad Dressing Portions\",\"attr\":\"\",\"sku\":\"00898\",\"l2\":\"Vinaigrette et Cro\u00FBton\",\"sl\":\"vinaigrette-francaise-en-portions-x200-kraft-00898\",\"sn\":\"\",\"idxP\":14},{\"mq\":\"Carvin\",\"nm\":\"Strudel aux pommes\",\"nme\":\"Apple Strudel\",\"attr\":\"\",\"sku\":\"14088\",\"l2\":\"Biscuit et craquelin\",\"sl\":\"strudel-aux-pommes-carvin-14088\",\"sn\":\"apples, pommes\",\"idxP\":47},{\"mq\":\"Dole\",\"nm\":\"Salade de fruits tropicaux dans du sirop l\u00E9ger\",\"nme\":\"Fruit Cocktail in Light Sirup\",\"attr\":\"\",\"sku\":\"34484\",\"l2\":\"Fruit en conserve\",\"sl\":\"salade-de-fruits-tropicaux-dans-du-sirop-leger-dole-34484\",\"sn\":\"\",\"idxP\":98},{\"mq\":\"Hostess\",\"nm\":\"Assortiment de croustilles\",\"nme\":\"Assorted Chips\",\"attr\":\"\",\"sku\":\"09287\",\"l2\":\"Croustille et grignotine\",\"sl\":\"assortiment-de-croustilles-hostess-09287\",\"sn\":\"croustille\",\"idxP\":45},{\"mq\":\"Agrofusion\",\"nm\":\"Haricots noirs\",\"nme\":\"Black Beans\",\"attr\":\"\",\"sku\":\"18468\",\"l2\":\"Riz et grain\",\"sl\":\"haricots-noirs-agrofusion-18468\",\"sn\":\"\",\"idxP\":71},{\"mq\":\"Rose Hill\",\"nm\":\"Feuilles basilic\",\"nme\":\"Basil Leaves\",\"attr\":\"Produit local\",\"sku\":\"38171\",\"l2\":\"\u00C9pice, sel et poivre\",\"sl\":\"feuilles-basilic-rose-hill-38171\",\"sn\":\"\",\"idxP\":22},{\"mq\":\"Nupak ou Dunya Harvest\",\"nm\":\"Pois chiche\",\"nme\":\"Chick Pea\",\"attr\":\"\",\"sku\":\"02337\",\"l2\":\"Riz et grain\",\"sl\":\"pois-chiche-nupak-ou-dunya-harvest-02337\",\"sn\":\"\",\"idxP\":44},{\"mq\":\"Heinz\",\"nm\":\"Ketchup en portion\",\"nme\":\"Ketchup Portion\",\"attr\":\"\",\"sku\":\"32203\",\"l2\":\"Condiment\",\"sl\":\"ketchup-en-portion-heinz-32203\",\"sn\":\"\",\"idxP\":20},{\"mq\":\"Aurora\",\"nm\":\"Thon p\u00E2le entier dans l'huile\",\"nme\":\"Solid Light Tuna in Oil\",\"attr\":\"\",\"sku\":\"03433\",\"l2\":\"Poisson et viande en conserve\",\"sl\":\"thon-pale-entier-dans-lhuile-aurora-03433\",\"sn\":\"\",\"idxP\":84},{\"mq\":\"Hellmann's\",\"nm\":\"Mayonnaise en portion\",\"nme\":\"Mayonnaise Portion\",\"attr\":\"\",\"sku\":\"32861\",\"l2\":\"Condiment\",\"sl\":\"mayonnaise-en-portion-hellmanns-32861\",\"sn\":\"mayonnaise\",\"idxP\":53},{\"mq\":\"Nupak ou Dunya Harvest\",\"nm\":\"Riz \u00E9tuv\u00E9 \u00E0 grain long\",\"nme\":\"Long Grain Parboiled Rice\",\"attr\":\"\",\"sku\":\"45734\",\"l2\":\"Riz et grain\",\"sl\":\"riz-etuve-a-grain-long-nupak-ou-dunya-harvest-45734\",\"sn\":\"\",\"idxP\":65},{\"mq\":\"Kraft\",\"nm\":\"Vinaigrette italienne piquante\",\"nme\":\"Spicy Italian Salad Dressing\",\"attr\":\"\",\"sku\":\"47276\",\"l2\":\"Vinaigrette et Cro\u00FBton\",\"sl\":\"vinaigrette-italienne-piquante-kraft-47276\",\"sn\":\"\",\"idxP\":24},{\"mq\":\"R.Fortin\",\"nm\":\"Cassonade dor\u00E9e\",\"nme\":\"Golden Yellow Sugar\",\"attr\":\"\",\"sku\":\"48356\",\"l2\":\"Sucre\",\"sl\":\"cassonade-doree-r.fortin-48356\",\"sn\":\"\",\"idxP\":88},{\"mq\":\"Kind\",\"nm\":\"Barres aux amandes sel de mer et chocolat noir\",\"nme\":\"Almond Sea Salt and Dark Chocolate Bars\",\"attr\":\"\",\"sku\":\"00811\",\"l2\":\"C\u00E9r\u00E9ales et barre\",\"sl\":\"barres-aux-amandes-sel-de-mer-et-chocolat-noir-kind-00811\",\"sn\":\"amandes\",\"idxP\":14},{\"mq\":\"Grisspasta\",\"nm\":\"P\u00E2tes lasagnes 20\\\"\",\"nme\":\"Lasagna Pasta 20\\\"\",\"attr\":\"Produit local\",\"sku\":\"31185\",\"l2\":\"P\u00E2tes\",\"sl\":\"pates-lasagnes-20-grisspasta-31185\",\"sn\":\"\",\"idxP\":28},{\"mq\":\"Berthelet\",\"nm\":\"M\u00E9lange pour sauce \u00E0 poutine\",\"nme\":\"Poutine Sauce Mix\",\"attr\":\"Produit local\",\"sku\":\"35866\",\"l2\":\"Sauce\",\"sl\":\"melange-pour-sauce-a-poutine-berthelet-35866\",\"sn\":\"\",\"idxP\":7},{\"mq\":\"Kraft\",\"nm\":\"Vinaigrette C\u00E9sar cr\u00E9meuse\",\"nme\":\"Creamy Caesar Salad Dressing\",\"attr\":\"\",\"sku\":\"47283\",\"l2\":\"Vinaigrette et Cro\u00FBton\",\"sl\":\"vinaigrette-cesar-cremeuse-kraft-47283\",\"sn\":\"\",\"idxP\":44},{\"mq\":\"Kraft\",\"nm\":\"Sauce tartare en portion\",\"nme\":\"Tartare Sauce Portion\",\"attr\":\"\",\"sku\":\"00907\",\"l2\":\"Condiment\",\"sl\":\"sauce-tartare-en-portion-kraft-00907\",\"sn\":\"\",\"idxP\":12},{\"mq\":\"Agrofusion\",\"nm\":\"Lentilles vertes laird\",\"nme\":\"Green Laird Lentils\",\"attr\":\"\",\"sku\":\"18466\",\"l2\":\"Riz et grain\",\"sl\":\"lentilles-vertes-laird-agrofusion-18466\",\"sn\":\"\",\"idxP\":52},{\"mq\":\"Agrofusion\",\"nm\":\"Haricot rose\",\"nme\":\"Pink Bean\",\"attr\":\"\",\"sku\":\"14630\",\"l2\":\"Riz et grain\",\"sl\":\"haricot-rose-agrofusion-14630\",\"sn\":\"\",\"idxP\":47},{\"mq\":\"Cibona\",\"nm\":\"Vinaigrette italienne dor\u00E9e\",\"nme\":\"Golden Italian Dressing\",\"attr\":\"\",\"sku\":\"34099\",\"l2\":\"Vinaigrette et Cro\u00FBton\",\"sl\":\"vinaigrette-italienne-doree-cibona-34099\",\"sn\":\"\",\"idxP\":34},{\"mq\":\"Kraft\",\"nm\":\"Vinaigrette salade de chou\",\"nme\":\"Coleslaw Salad Dressing\",\"attr\":\"\",\"sku\":\"47289\",\"l2\":\"Vinaigrette et Cro\u00FBton\",\"sl\":\"vinaigrette-salade-de-chou-kraft-47289\",\"sn\":\"\",\"idxP\":40},{\"mq\":\"Kraft\",\"nm\":\"Vinaigrette italienne\",\"nme\":\"Italian Salad Dressing\",\"attr\":\"\",\"sku\":\"47354\",\"l2\":\"Vinaigrette et Cro\u00FBton\",\"sl\":\"vinaigrette-italienne-kraft-47354\",\"sn\":\"\",\"idxP\":29},{\"mq\":\"Berthelet\",\"nm\":\"Pouding \u00E0 cuisson au chocolat\",\"nme\":\"Cooked Chocolate Pudding Mix\",\"attr\":\"Produit local\",\"sku\":\"05917\",\"l2\":\"Fruit en conserve\",\"sl\":\"pouding-a-cuisson-au-chocolat-berthelet-05917\",\"sn\":\"\",\"idxP\":15},{\"mq\":\"Pastene\",\"nm\":\"Tomates pel\u00E9es italiennes avec basilic\",\"nme\":\"Peeled Italian Tomatoes with Basil\",\"attr\":\"\",\"sku\":\"00269\",\"l2\":\"Tomate en conserve\",\"sl\":\"tomates-pelees-italiennes-avec-basilic-pastene-00269\",\"sn\":\"tomates\",\"idxP\":98},{\"mq\":\"Bakers Five Roses\",\"nm\":\"Farine blanche tout usage\",\"nme\":\"White All Purpose Flour\",\"attr\":\"Produit local\",\"sku\":\"01640\",\"l2\":\"Farine, semoule et chapelure\",\"sl\":\"farine-blanche-tout-usage-bakers-five-roses-01640\",\"sn\":\"\",\"idxP\":68},{\"mq\":\"Mr Noodle\",\"nm\":\"Nouilles instantan\u00E9es poulet\",\"nme\":\"Chicken Instant Noodles\",\"attr\":\"\",\"sku\":\"11536\",\"l2\":\"Soupe et bouillon\",\"sl\":\"nouilles-instantanees-poulet-mr-noodle-11536\",\"sn\":\"\",\"idxP\":100},{\"mq\":\"Agrofusion\",\"nm\":\"Lentilles vertes\",\"nme\":\"Green Lentils\",\"attr\":\"\",\"sku\":\"18465\",\"l2\":\"Riz et grain\",\"sl\":\"lentilles-vertes-agrofusion-18465\",\"sn\":\"\",\"idxP\":55},{\"mq\":\"Kraft\",\"nm\":\"Vinaigrette fran\u00E7aise\",\"nme\":\"French Salad Dressing\",\"attr\":\"\",\"sku\":\"47278\",\"l2\":\"Vinaigrette et Cro\u00FBton\",\"sl\":\"vinaigrette-francaise-kraft-47278\",\"sn\":\"\",\"idxP\":27},{\"mq\":\"French's\",\"nm\":\"Moutarde pr\u00E9par\u00E9e jaune classique\",\"nme\":\"Mustard Prepared\",\"attr\":\"\",\"sku\":\"06502\",\"l2\":\"Condiment\",\"sl\":\"moutarde-preparee-jaune-classique-frenchs-06502\",\"sn\":\"\",\"idxP\":39},{\"mq\":\"Grisspasta\",\"nm\":\"P\u00E2tes rigatoni\",\"nme\":\"Rigatoni Pasta\",\"attr\":\"Produit local\",\"sku\":\"20931\",\"l2\":\"P\u00E2tes\",\"sl\":\"pates-rigatoni-grisspasta-20931\",\"sn\":\"\",\"idxP\":83},{\"mq\":\"Pastene\",\"nm\":\"Chapelure assaisonn\u00E9e \u00E0 l'italienne\",\"nme\":\"Bread Crumbs With Italian Flavoured\",\"attr\":\"\",\"sku\":\"00266\",\"l2\":\"Farine, semoule et chapelure\",\"sl\":\"chapelure-assaisonnee-a-litalienne-pastene-00266\",\"sn\":\"\",\"idxP\":66},{\"mq\":\"La Perla\",\"nm\":\"Huile de canola\",\"nme\":\"Canola Oil\",\"attr\":\"\",\"sku\":\"32668\",\"l2\":\"Huile et vinaigre\",\"sl\":\"huile-de-canola-la-perla-32668\",\"sn\":\"\",\"idxP\":72},{\"mq\":\"Grisspasta\",\"nm\":\"P\u00E2tes acine di pepe\",\"nme\":\"Acine Di Pepe Pasta\",\"attr\":\"Produit local\",\"sku\":\"20933\",\"l2\":\"P\u00E2tes\",\"sl\":\"pates-acine-di-pepe-grisspasta-20933\",\"sn\":\"\",\"idxP\":61},{\"mq\":\"Heinz\",\"nm\":\"Ketchup\",\"nme\":\"Ketchup Big Red Bottle\",\"attr\":\"\",\"sku\":\"24973\",\"l2\":\"Condiment\",\"sl\":\"ketchup-heinz-24973\",\"sn\":\"\",\"idxP\":100},{\"mq\":\"Clover Leaf\",\"nm\":\"Thon p\u00E2le en morceaux dans l'eau\",\"nme\":\"Chunk Light Tuna In Water\",\"attr\":\"\",\"sku\":\"43488\",\"l2\":\"Poisson et viande en conserve\",\"sl\":\"thon-pale-en-morceaux-dans-leau-clover-leaf-43488\",\"sn\":\"\",\"idxP\":100},{\"mq\":\"De Cecco\",\"nm\":\"P\u00E2tes Fettucini no.233\",\"nme\":\"Fettucini No. 233 Pasta\",\"attr\":\"\",\"sku\":\"38867\",\"l2\":\"P\u00E2tes\",\"sl\":\"pates-fettucini-no.233-de-cecco-38867\",\"sn\":\"\",\"idxP\":82},{\"mq\":\"Lays\",\"nm\":\"Croustilles natures\",\"nme\":\"Plain Chips\",\"attr\":\"\",\"sku\":\"49499\",\"l2\":\"Croustille et grignotine\",\"sl\":\"croustilles-natures-lays-49499\",\"sn\":\"croustille\",\"idxP\":91},{\"mq\":\"McLean\",\"nm\":\"Base cerise pour barbotine RTU 5+1\",\"nme\":\"Cherry Slush Base\",\"attr\":\"\",\"sku\":\"47841\",\"l2\":\"Bar laitier\",\"sl\":\"base-cerise-pour-barbotine-rtu-51-mclean-47841\",\"sn\":\"slush\",\"idxP\":39},{\"mq\":\"Miracle Whip\",\"nm\":\"Sauce \u00E0 salade en portion\",\"nme\":\"Salad Dressing Portion\",\"attr\":\"\",\"sku\":\"00896\",\"l2\":\"Condiment\",\"sl\":\"sauce-a-salade-en-portion-miracle-whip-00896\",\"sn\":\"\",\"idxP\":2},{\"mq\":\"Pastene\",\"nm\":\"Olive noire tranch\u00E9e\",\"nme\":\"Sliced Black Olive\",\"attr\":\"\",\"sku\":\"15986\",\"l2\":\"Marinade\",\"sl\":\"olive-noire-tranchee-pastene-15986\",\"sn\":\"\",\"idxP\":99},{\"mq\":\"Nappe Blanche\",\"nm\":\"M\u00E9lange pour sauce demi-glace\",\"nme\":\"Demi-Glace Sauce Mix\",\"attr\":\"\",\"sku\":\"00685\",\"l2\":\"Sauce\",\"sl\":\"melange-pour-sauce-demi-glace-nappe-blanche-00685\",\"sn\":\"\",\"idxP\":7},{\"mq\":\"Kraft\",\"nm\":\"Vinaigrette Catalina\",\"nme\":\"Catalina Salad Dressing\",\"attr\":\"\",\"sku\":\"47285\",\"l2\":\"Vinaigrette et Cro\u00FBton\",\"sl\":\"vinaigrette-catalina-kraft-47285\",\"sn\":\"\",\"idxP\":22},{\"mq\":\"Sunbec\",\"nm\":\"Sel en portion x1000\",\"nme\":\"Portion salt\",\"attr\":\"\",\"sku\":\"47900\",\"l2\":\"\u00C9pice, sel et poivre\",\"sl\":\"sel-en-portion-x1000-sunbec-47900\",\"sn\":\"\",\"idxP\":53},{\"mq\":\"Heinz\",\"nm\":\"P\u00E2te de tomates\",\"nme\":\"Tomato Paste\",\"attr\":\"\",\"sku\":\"00406\",\"l2\":\"Tomate en conserve\",\"sl\":\"pate-de-tomates-heinz-00406\",\"sn\":\"tomates\",\"idxP\":94},{\"mq\":\"Aurora\",\"nm\":\"P\u00E2tes aux oeufs tagliatelle\",\"nme\":\"Tagliatelle Egg Pasta\",\"attr\":\"\",\"sku\":\"16331\",\"l2\":\"P\u00E2tes\",\"sl\":\"pates-aux-oeufs-tagliatelle-aurora-16331\",\"sn\":\"oeufs\",\"idxP\":94},{\"mq\":\"Cibona\",\"nm\":\"Vinaigrette C\u00E9sar\",\"nme\":\"Caesar Salad Dressing\",\"attr\":\"\",\"sku\":\"34093\",\"l2\":\"Vinaigrette et Cro\u00FBton\",\"sl\":\"vinaigrette-cesar-cibona-34093\",\"sn\":\"\",\"idxP\":26}], [{\"mq\":\"Supreme\",\"nm\":\"Cornichons aneth tranch\u00E9s sandwich\",\"nme\":\"Sandwich sliced ??dill pickles\",\"attr\":\"\",\"sku\":\"35412\",\"l2\":\"Marinade\",\"sl\":\"cornichons-aneth-tranches-sandwich-supreme-35412\",\"sn\":\"\",\"idxP\":61},{\"mq\":\"Kraft\",\"nm\":\"Vinaigrette C\u00E9sar cr\u00E9meuse en portions\",\"nme\":\"Creamy Caesar Salad Dressing Portions\",\"attr\":\"\",\"sku\":\"34591\",\"l2\":\"Vinaigrette et Cro\u00FBton\",\"sl\":\"vinaigrette-cesar-cremeuse-en-portions-kraft-34591\",\"sn\":\"\",\"idxP\":17},{\"mq\":\"Heinz\",\"nm\":\"Moutarde en portion\",\"nme\":\"Mustard Portion x500\",\"attr\":\"\",\"sku\":\"25229\",\"l2\":\"Condiment\",\"sl\":\"moutarde-en-portion-heinz-25229\",\"sn\":\"\",\"idxP\":57},{\"mq\":\"La Perla\",\"nm\":\"Huile canola\",\"nme\":\"Canola Oil\",\"attr\":\"\",\"sku\":\"35600\",\"l2\":\"Huile et vinaigre\",\"sl\":\"huile-canola-la-perla-35600\",\"sn\":\"\",\"idxP\":100},{\"mq\":\"Elephant\",\"nm\":\"Riz basmati indien pur\",\"nme\":\"Pure Indian Basmati Rice\",\"attr\":\"\",\"sku\":\"49956\",\"l2\":\"Riz et grain\",\"sl\":\"riz-basmati-indien-pur-elephant-49956\",\"sn\":\"\",\"idxP\":68},{\"mq\":\"Crisco\",\"nm\":\"Shortening v\u00E9g\u00E9tal\",\"nme\":\"Shortening\",\"attr\":\"\",\"sku\":\"00981\",\"l2\":\"Ingr\u00E9dient de p\u00E2tisserie\",\"sl\":\"shortening-vegetal-crisco-00981\",\"sn\":\"\",\"idxP\":86},{\"mq\":\"Lea and Perrins\",\"nm\":\"Sauce Worcestershire\",\"nme\":\"Worcestershire Sauce\",\"attr\":\"\",\"sku\":\"03066\",\"l2\":\"Condiment\",\"sl\":\"sauce-worcestershire-lea-and-perrins-03066\",\"sn\":\"\",\"idxP\":97},{\"mq\":\"Berthelet\",\"nm\":\"Pouding instantan\u00E9 noix de coco\",\"nme\":\"Coconut Instant Pudding\",\"attr\":\"Produit local\",\"sku\":\"05913\",\"l2\":\"Fruit en conserve\",\"sl\":\"pouding-instantane-noix-de-coco-berthelet-05913\",\"sn\":\"\",\"idxP\":15},{\"mq\":\"Nutella\",\"nm\":\"Tartinade chocolat noisette\",\"nme\":\"Chocolate and Hazelnut Spread\",\"attr\":\"\",\"sku\":\"30370\",\"l2\":\"Confiture et tartinade\",\"sl\":\"tartinade-chocolat-noisette-nutella-30370\",\"sn\":\"\",\"idxP\":100},{\"mq\":\"Uncle Ben's\",\"nm\":\"Riz naturel \u00E0 longs grains\",\"nme\":\"Long Grain Natural Rice\",\"attr\":\"\",\"sku\":\"02099\",\"l2\":\"Riz et grain\",\"sl\":\"riz-naturel-a-longs-grains-uncle-bens-02099\",\"sn\":\"\",\"idxP\":52},{\"mq\":\"La Costena\",\"nm\":\"Chipotles sauce adobo\",\"nme\":\"Chipotles Peppers in Adobo Sauce\",\"attr\":\"\",\"sku\":\"12672\",\"l2\":\"Marinade\",\"sl\":\"chipotles-sauce-adobo-la-costena-12672\",\"sn\":\"\",\"idxP\":54},{\"mq\":\"Kraft\",\"nm\":\"Sauce barbecue poulet et c\u00F4tes lev\u00E9es\",\"nme\":\"Chicken and Ribs BBQ Sauce\",\"attr\":\"\",\"sku\":\"47288\",\"l2\":\"Condiment\",\"sl\":\"sauce-barbecue-poulet-et-cotes-levees-kraft-47288\",\"sn\":\"BBQ\",\"idxP\":41},{\"mq\":\"Berthelet\",\"nm\":\"Pouding instantan\u00E9 moka suisse\",\"nme\":\"Swiss Mocha Instant Pudding\",\"attr\":\"Produit local\",\"sku\":\"05908\",\"l2\":\"Fruit en conserve\",\"sl\":\"pouding-instantane-moka-suisse-berthelet-05908\",\"sn\":\"\",\"idxP\":15},{\"mq\":\"Dora\",\"nm\":\"Coulis au chocolat\",\"nme\":\"Chocolate Coulis\",\"attr\":\"Produit local\",\"sku\":\"17089\",\"l2\":\"Bar laitier\",\"sl\":\"coulis-au-chocolat-dora-17089\",\"sn\":\"\",\"idxP\":64},{\"mq\":\"Kraft\",\"nm\":\"Sauce barbecue originale\",\"nme\":\"Original BBQ Sauce\",\"attr\":\"\",\"sku\":\"47287\",\"l2\":\"Condiment\",\"sl\":\"sauce-barbecue-originale-kraft-47287\",\"sn\":\"BBQ\",\"idxP\":25},{\"mq\":\"Clif\",\"nm\":\"Barres fudge chocolat amande\",\"nme\":\"Chocolate Almond Fudge Bars\",\"attr\":\"\",\"sku\":\"13303\",\"l2\":\"C\u00E9r\u00E9ales et barre\",\"sl\":\"barres-fudge-chocolat-amande-clif-13303\",\"sn\":\"amandes\",\"idxP\":59},{\"mq\":\"Robin Hood\",\"nm\":\"Farine tout usage\",\"nme\":\"All Purpose Flour\",\"attr\":\"\",\"sku\":\"02823\",\"l2\":\"Farine, semoule et chapelure\",\"sl\":\"farine-tout-usage-robin-hood-02823\",\"sn\":\"\",\"idxP\":63},{\"mq\":\"Brodie XXX\",\"nm\":\"Farine pr\u00E9par\u00E9e pour g\u00E2teaux et p\u00E2tisseries 2,5 kg\",\"nme\":\"Self-raising Cake and Pastry Flour\",\"attr\":\"\",\"sku\":\"02831\",\"l2\":\"Farine, semoule et chapelure\",\"sl\":\"farine-preparee-pour-gateaux-et-patisseries-25-kg-brodie-xxx-02831\",\"sn\":\"raisins\",\"idxP\":87},{\"mq\":\"Mr Noodle\",\"nm\":\"Nouilles instantan\u00E9es poulet \u00E9pic\u00E9\",\"nme\":\"Spicy Chicken Instant Noodles\",\"attr\":\"\",\"sku\":\"08566\",\"l2\":\"Soupe et bouillon\",\"sl\":\"nouilles-instantanees-poulet-epice-mr-noodle-08566\",\"sn\":\"\",\"idxP\":77},{\"mq\":\"Clif\",\"nm\":\"Barres gruau raisin noix de Grenoble\",\"nme\":\"Oatmeal Raisin Walnut Bars\",\"attr\":\"\",\"sku\":\"13298\",\"l2\":\"C\u00E9r\u00E9ales et barre\",\"sl\":\"barres-gruau-raisin-noix-de-grenoble-clif-13298\",\"sn\":\"raisins\",\"idxP\":48},{\"mq\":\"Dunya Harvest\",\"nm\":\"Sel de mer\",\"nme\":\"Sea Salt\",\"attr\":\"\",\"sku\":\"23649\",\"l2\":\"\u00C9pice, sel et poivre\",\"sl\":\"sel-de-mer-nupak-ou-dunya-harvest-23649\",\"sn\":\"\",\"idxP\":46},{\"mq\":\"Nutrivrac\",\"nm\":\"Bonbon menthe glaciale\",\"nme\":\"Winterfresh Mint Candy\",\"attr\":\"\",\"sku\":\"24463\",\"l2\":\"Confiserie\",\"sl\":\"bonbon-menthe-glaciale-nutrivrac-24463\",\"sn\":\"\",\"idxP\":34},{\"mq\":\"French's\",\"nm\":\"Ketchup en bouteille renvers\u00E9e\",\"nme\":\"TableTop Ketchup\",\"attr\":\"\",\"sku\":\"24896\",\"l2\":\"Condiment\",\"sl\":\"ketchup-en-bouteille-renversee-frenchs-24896\",\"sn\":\"\",\"idxP\":99},{\"mq\":\"Rose Hill\",\"nm\":\"Ail granul\u00E9\",\"nme\":\"Granulated Garlic\",\"attr\":\"Produit local\",\"sku\":\"38168\",\"l2\":\"\u00C9pice, sel et poivre\",\"sl\":\"ail-granule-rose-hill-38168\",\"sn\":\"\",\"idxP\":32},{\"mq\":\"Kalas\",\"nm\":\"Sel de mer iod\u00E9\",\"nme\":\"Iodized Sea Salt\",\"attr\":\"\",\"sku\":\"46214\",\"l2\":\"\u00C9pice, sel et poivre\",\"sl\":\"sel-de-mer-iode-kalas-46214\",\"sn\":\"\",\"idxP\":81},{\"mq\":\"Livia\",\"nm\":\"Aubergine piquante marin\u00E9e\",\"nme\":\"Hot Marinated Eggplant\",\"attr\":\"\",\"sku\":\"48434\",\"l2\":\"Marinade\",\"sl\":\"aubergine-piquante-marinee-livia-48434\",\"sn\":\"aubergines\",\"idxP\":42},{\"mq\":\"Antica Bont\u00E0\",\"nm\":\"Vinaigre balsamique de Modena\",\"nme\":\"Balsamic Vinegar of Modena\",\"attr\":\"\",\"sku\":\"14813\",\"l2\":\"Huile et vinaigre\",\"sl\":\"vinaigre-balsamique-de-modena-antica-bonta-14813\",\"sn\":\"\",\"idxP\":26},{\"mq\":\"ADM\",\"nm\":\"Farine Harvest Queen sans ADA\",\"nme\":\"Harvest Queen no ADA flour\",\"attr\":\"\",\"sku\":\"25047\",\"l2\":\"Farine, semoule et chapelure\",\"sl\":\"farine-harvest-queen-sans-ada-adm-25047\",\"sn\":\"\",\"idxP\":68},{\"mq\":\"Rio Mare\",\"nm\":\"Salade de ma\u00EFs et thon p\u00E2le\",\"nme\":\"Corn and Light Tuna Salad\",\"attr\":\"\",\"sku\":\"46681\",\"l2\":\"Poisson et viande en conserve\",\"sl\":\"salade-de-mais-et-thon-pale-rio-mare-46681\",\"sn\":\"\",\"idxP\":65},{\"mq\":\"Parador\",\"nm\":\"Bouillon concentr\u00E9 de poulet\",\"nme\":\"Chicken Broth Concentrate\",\"attr\":\"Produit local\",\"sku\":\"23955\",\"l2\":\"Soupe et bouillon\",\"sl\":\"bouillon-concentre-de-poulet-parador-23955\",\"sn\":\"\",\"idxP\":75},{\"mq\":\"Hunt's\",\"nm\":\"Sauce tomate\",\"nme\":\"Tomato Sauce\",\"attr\":\"\",\"sku\":\"25088\",\"l2\":\"Tomate en conserve\",\"sl\":\"sauce-tomate-hunts-25088\",\"sn\":\"tomates\",\"idxP\":52},{\"mq\":\"Aurora\",\"nm\":\"P\u00E2tes aux oeufs pappardelle\",\"nme\":\"Pappardelle Egg Pasta\",\"attr\":\"\",\"sku\":\"16330\",\"l2\":\"P\u00E2tes\",\"sl\":\"pates-aux-oeufs-pappardelle-aurora-16330\",\"sn\":\"oeufs\",\"idxP\":99},{\"mq\":\"Embassy\",\"nm\":\"Extrait d'\u00E9rable naturel et artificiel\",\"nme\":\"Natural and Artificial Maple Extract\",\"attr\":\"\",\"sku\":\"28121\",\"l2\":\"Ingr\u00E9dient de p\u00E2tisserie\",\"sl\":\"extrait-derable-naturel-et-artificiel-embassy-28121\",\"sn\":\"\",\"idxP\":19},{\"mq\":\"Berthelet\",\"nm\":\"Poudre pour gel\u00E9e \u00E0 la p\u00EAche\",\"nme\":\"Peach Powder Jelly\",\"attr\":\"Produit local\",\"sku\":\"05922\",\"l2\":\"Fruit en conserve\",\"sl\":\"poudre-pour-gelee-a-la-peche-berthelet-05922\",\"sn\":\"\",\"idxP\":15},{\"mq\":\"Sunbec\",\"nm\":\"Sel de table\",\"nme\":\"Table Salt\",\"attr\":\"\",\"sku\":\"38504\",\"l2\":\"\u00C9pice, sel et poivre\",\"sl\":\"sel-de-table-sunbec-38504\",\"sn\":\"\",\"idxP\":96},{\"mq\":\"Diana\",\"nm\":\"Artichauts en quartier marin\u00E9s\",\"nme\":\"Marinated Quartered Artichokes\",\"attr\":\"\",\"sku\":\"47566\",\"l2\":\"Marinade\",\"sl\":\"artichauts-en-quartier-marines-diana-47566\",\"sn\":\"\",\"idxP\":84},{\"mq\":\"Grisspasta\",\"nm\":\"P\u00E2tes rotini\",\"nme\":\"Rotini Pasta\",\"attr\":\"Produit local\",\"sku\":\"04848\",\"l2\":\"P\u00E2tes\",\"sl\":\"pates-rotini-grisspasta-04848\",\"sn\":\"\",\"idxP\":82},{\"mq\":\"Parador\",\"nm\":\"Concentr\u00E9 de bouillon de b\u0153uf\",\"nme\":\"Beef Broth Concentrate\",\"attr\":\"Produit local\",\"sku\":\"23953\",\"l2\":\"Soupe et bouillon\",\"sl\":\"concentre-de-bouillon-de-buf-parador-23953\",\"sn\":\"\",\"idxP\":49},{\"mq\":\"Club House\",\"nm\":\"Extrait de vanille artificielle\",\"nme\":\"Artificial Vanilla Extract\",\"attr\":\"\",\"sku\":\"33074\",\"l2\":\"Ingr\u00E9dient de p\u00E2tisserie\",\"sl\":\"extrait-de-vanille-artificielle-club-house-33074\",\"sn\":\"\",\"idxP\":52},{\"mq\":\"Pastene\",\"nm\":\"Chapelure r\u00E9guli\u00E8re\",\"nme\":\"Regular Breadcrumbs 425 g\",\"attr\":\"\",\"sku\":\"26185\",\"l2\":\"Farine, semoule et chapelure\",\"sl\":\"chapelure-reguliere-pastene-26185\",\"sn\":\"\",\"idxP\":84},{\"mq\":\"Labont\u00E9\",\"nm\":\"Miel liquide nature\",\"nme\":\"Liquid Natural Honey\",\"attr\":\"\",\"sku\":\"32677\",\"l2\":\"Confiture et tartinade\",\"sl\":\"miel-liquide-nature-labonte-32677\",\"sn\":\"\",\"idxP\":58},{\"mq\":\"Sunbec\",\"nm\":\"Poivre en portion\",\"nme\":\"Pepper Portion\",\"attr\":\"\",\"sku\":\"47847\",\"l2\":\"\u00C9pice, sel et poivre\",\"sl\":\"poivre-en-portion-sunbec-47847\",\"sn\":\"\",\"idxP\":55},{\"mq\":\"Sunbec\",\"nm\":\"Sel de mer\",\"nme\":\"Sea Salt 1\",\"attr\":\"\",\"sku\":\"38505\",\"l2\":\"\u00C9pice, sel et poivre\",\"sl\":\"sel-de-mer-sunbec-38505\",\"sn\":\"\",\"idxP\":84},{\"mq\":\"Golosini\",\"nm\":\"Artichauts grill\u00E9s dans l'huile\",\"nme\":\"Grilled Artichokes in Oil\",\"attr\":\"\",\"sku\":\"07731\",\"l2\":\"Marinade\",\"sl\":\"artichauts-grilles-dans-lhuile-golosini-07731\",\"sn\":\"\",\"idxP\":12},{\"mq\":\"Agrofusion\",\"nm\":\"Pois jaunes entiers\",\"nme\":\"Whole Yellow Peas\",\"attr\":\"\",\"sku\":\"21843\",\"l2\":\"Riz et grain\",\"sl\":\"pois-jaunes-entiers-agrofusion-21843\",\"sn\":\"\",\"idxP\":45},{\"mq\":\"Unico\",\"nm\":\"Huile v\u00E9g\u00E9tale\",\"nme\":\"Vegetal Oil\",\"attr\":\"\",\"sku\":\"28536\",\"l2\":\"Huile et vinaigre\",\"sl\":\"huile-vegetale-unico-28536\",\"sn\":\"\",\"idxP\":100},{\"mq\":\"Applesnax\",\"nm\":\"Pur\u00E9e de pommes genre maison\",\"nme\":\"Homestyle Applesauce\",\"attr\":\"\",\"sku\":\"34748\",\"l2\":\"Fruit en conserve\",\"sl\":\"puree-de-pommes-genre-maison-applesnax-34748\",\"sn\":\"apples, pommes\",\"idxP\":95},{\"mq\":\"Tabasco\",\"nm\":\"Sauce originale au piment rouge\",\"nme\":\"Original Red Pepper Sauce\",\"attr\":\"\",\"sku\":\"01720\",\"l2\":\"Condiment\",\"sl\":\"sauce-originale-au-piment-rouge-tabasco-01720\",\"sn\":\"piments\",\"idxP\":89},{\"mq\":\"San Marzano\",\"nm\":\"Tomates pel\u00E9es italiennes au basilic\",\"nme\":\"Italian Peeled Tomatoes with Basil\",\"attr\":\"\",\"sku\":\"37296\",\"l2\":\"Tomate en conserve\",\"sl\":\"tomates-pelees-italiennes-au-basilic-san-marzano-37296\",\"sn\":\"tomates\",\"idxP\":100},{\"mq\":\"Querico\",\"nm\":\"Bonbon anis\",\"nme\":\"Anise Candy\",\"attr\":\"\",\"sku\":\"39592\",\"l2\":\"Confiserie\",\"sl\":\"bonbon-anis-querico-39592\",\"sn\":\"\",\"idxP\":41},{\"mq\":\"R.Fortin\",\"nm\":\"Sucre \u00E0 glacer\",\"nme\":\"Icing Sugar\",\"attr\":\"\",\"sku\":\"48357\",\"l2\":\"Sucre\",\"sl\":\"sucre-a-glacer-r.fortin-48357\",\"sn\":\"\",\"idxP\":51},{\"mq\":\"Grisspasta\",\"nm\":\"P\u00E2tes rotini aux l\u00E9gumes\",\"nme\":\"Vegetable Rotini Pasta\",\"attr\":\"Produit local\",\"sku\":\"21977\",\"l2\":\"P\u00E2tes\",\"sl\":\"pates-rotini-aux-legumes-grisspasta-21977\",\"sn\":\"\",\"idxP\":67},{\"mq\":\"Berthelet\",\"nm\":\"M\u00E9lange pour sauce \u00E0 la dinde\",\"nme\":\"Turkey Gravy Sauce Mix\",\"attr\":\"Produit local\",\"sku\":\"00668\",\"l2\":\"Sauce\",\"sl\":\"melange-pour-sauce-a-la-dinde-berthelet-00668\",\"sn\":\"\",\"idxP\":27},{\"mq\":\"Divella\",\"nm\":\"P\u00E2tes cocciolini #59\",\"nme\":\"Cocciolini #59 Pasta\",\"attr\":\"\",\"sku\":\"43427\",\"l2\":\"P\u00E2tes\",\"sl\":\"pates-cocciolini-59-divella-43427\",\"sn\":\"\",\"idxP\":78},{\"mq\":\"Grisspasta\",\"nm\":\"P\u00E2tes tubetti\",\"nme\":\"Tubetti Pasta\",\"attr\":\"Produit local\",\"sku\":\"49979\",\"l2\":\"P\u00E2tes\",\"sl\":\"pates-tubetti-grisspasta-49979\",\"sn\":\"\",\"idxP\":26},{\"mq\":\"Ardent Mills\",\"nm\":\"Farine de bl\u00E9 entier All-O-Wheat select\",\"nme\":\"Whole Wheat Flour All-O-Wheat select\",\"attr\":\"\",\"sku\":\"19961\",\"l2\":\"Farine, semoule et chapelure\",\"sl\":\"farine-de-ble-entier-all-o-wheat-select-ardent-mills-19961\",\"sn\":\"\",\"idxP\":90},{\"mq\":\"Rose Hill\",\"nm\":\"Sel d'ail\",\"nme\":\"Garlic Salt\",\"attr\":\"Produit local\",\"sku\":\"38334\",\"l2\":\"\u00C9pice, sel et poivre\",\"sl\":\"sel-dail-rose-hill-38334\",\"sn\":\"\",\"idxP\":18},{\"mq\":\"Aurora\",\"nm\":\"Gros sel de mer m\u00E9diterran\u00E9en\",\"nme\":\"Coarse Mediterranean Sea Salt\",\"attr\":\"\",\"sku\":\"41802\",\"l2\":\"\u00C9pice, sel et poivre\",\"sl\":\"gros-sel-de-mer-mediterraneen-aurora-41802\",\"sn\":\"\",\"idxP\":85},{\"mq\":\"Rose Hill\",\"nm\":\"Base pour soupe aux l\u00E9gumes 5kg\",\"nme\":\"Vegetables Soup Base\",\"attr\":\"Produit local\",\"sku\":\"36343\",\"l2\":\"Soupe et bouillon\",\"sl\":\"base-pour-soupe-aux-legumes-5kg-rose-hill-36343\",\"sn\":\"\",\"idxP\":21},{\"mq\":\"Aurora\",\"nm\":\"Sel de mer fin m\u00E9diterran\u00E9en\",\"nme\":\"Fine Mediterranean Sea Salt\",\"attr\":\"\",\"sku\":\"41803\",\"l2\":\"\u00C9pice, sel et poivre\",\"sl\":\"sel-de-mer-fin-mediterraneen-aurora-41803\",\"sn\":\"\",\"idxP\":80},{\"mq\":\"Sun Med\",\"nm\":\"Olives kalamata enti\u00E8res\",\"nme\":\"Whole Kalamata Olives\",\"attr\":\"\",\"sku\":\"34180\",\"l2\":\"Marinade\",\"sl\":\"olives-kalamata-entieres-sun-med-34180\",\"sn\":\"\",\"idxP\":83},{\"mq\":\"Tiger Pop\",\"nm\":\"Su\u00E7on assorti\",\"nme\":\"Assorted Lollipop\",\"attr\":\"\",\"sku\":\"39373\",\"l2\":\"Confiserie\",\"sl\":\"sucon-assorti-tiger-pop-39373\",\"sn\":\"\",\"idxP\":76},{\"mq\":\"Bovril\",\"nm\":\"Concentr\u00E9 de bouillon de b\u0153uf\",\"nme\":\"Beef Broth Concentrate\",\"attr\":\"\",\"sku\":\"24935\",\"l2\":\"Soupe et bouillon\",\"sl\":\"concentre-de-bouillon-de-buf-bovril-24935\",\"sn\":\"\",\"idxP\":7},{\"mq\":\"Aurora\",\"nm\":\"P\u00E2te de tomates\",\"nme\":\"Tomato Paste\",\"attr\":\"\",\"sku\":\"33913\",\"l2\":\"Tomate en conserve\",\"sl\":\"pate-de-tomates-aurora-33913\",\"sn\":\"tomates\",\"idxP\":100},{\"mq\":\"Cheez Whiz\",\"nm\":\"Tartinade de fromage\",\"nme\":\"Cheese Spread\",\"attr\":\"\",\"sku\":\"11668\",\"l2\":\"Confiture et tartinade\",\"sl\":\"tartinade-de-fromage-cheez-whiz-11668\",\"sn\":\"fromages\",\"idxP\":8},{\"mq\":\"Elara\",\"nm\":\"Olive reine nature\",\"nme\":\"Queen Plain Olive\",\"attr\":\"\",\"sku\":\"26515\",\"l2\":\"Marinade\",\"sl\":\"olive-reine-nature-elara-26515\",\"sn\":\"\",\"idxP\":18},{\"mq\":\"Elara\",\"nm\":\"Olive verte tranch\u00E9e\",\"nme\":\"Sliced Green Olives\",\"attr\":\"\",\"sku\":\"26514\",\"l2\":\"Marinade\",\"sl\":\"olive-verte-tranchee-elara-26514\",\"sn\":\"\",\"idxP\":42},{\"mq\":\"Elara\",\"nm\":\"Olive manzanilla\",\"nme\":\"Manzanilla Olives\",\"attr\":\"\",\"sku\":\"26516\",\"l2\":\"Marinade\",\"sl\":\"olive-manzanilla-elara-26516\",\"sn\":\"\",\"idxP\":22},{\"mq\":\"Labont\u00E9\",\"nm\":\"Miel nature ambr\u00E9\",\"nme\":\"Amber Natural Honey\",\"attr\":\"\",\"sku\":\"26545\",\"l2\":\"Confiture et tartinade\",\"sl\":\"miel-nature-ambre-labonte-26545\",\"sn\":\"\",\"idxP\":48},{\"mq\":\"Knorr\",\"nm\":\"Concentr\u00E9 de bouillon de l\u00E9gumes\",\"nme\":\"Vegetable Broth Concentrate\",\"attr\":\"\",\"sku\":\"26640\",\"l2\":\"Soupe et bouillon\",\"sl\":\"concentre-de-bouillon-de-legumes-knorr-26640\",\"sn\":\"\",\"idxP\":12},{\"mq\":\"Cacao Barry\",\"nm\":\"P\u00E2te \u00E0 glacer brune\",\"nme\":\"Compound Coating Brown\",\"attr\":\"\",\"sku\":\"47905\",\"l2\":\"Ingr\u00E9dient de p\u00E2tisserie\",\"sl\":\"pate-a-glacer-brune-cacao-barry-47905\",\"sn\":\"\",\"idxP\":11},{\"mq\":\"Applesnax\",\"nm\":\"Pur\u00E9e de pommes non sucr\u00E9e\",\"nme\":\"Unsweetened Applesauce\",\"attr\":\"\",\"sku\":\"45194\",\"l2\":\"Fruit en conserve\",\"sl\":\"puree-de-pommes-non-sucree-applesnax-45194\",\"sn\":\"apples, pommes\",\"idxP\":100},{\"mq\":\"Pastene\",\"nm\":\"Tomates italiennes\",\"nme\":\"Italian Tomatoes\",\"attr\":\"\",\"sku\":\"00254\",\"l2\":\"Tomate en conserve\",\"sl\":\"tomates-italiennes-pastene-00254\",\"sn\":\"tomates\",\"idxP\":77},{\"mq\":\"Certo\",\"nm\":\"Pectine liquide aux fruits\",\"nme\":\"Fruit Liquid Pectin\",\"attr\":\"\",\"sku\":\"00595\",\"l2\":\"Ingr\u00E9dient de p\u00E2tisserie\",\"sl\":\"pectine-liquide-aux-fruits-certo-00595\",\"sn\":\"\",\"idxP\":48},{\"mq\":\"Pastene\",\"nm\":\"Tomates broy\u00E9es\",\"nme\":\"Crushed Tomatoes\",\"attr\":\"\",\"sku\":\"00255\",\"l2\":\"Tomate en conserve\",\"sl\":\"tomates-broyees-pastene-00255\",\"sn\":\"tomates\",\"idxP\":84},{\"mq\":\"Kraft\",\"nm\":\"Beurre d'arachide cr\u00E9meux\",\"nme\":\"Smooth Peanut Butter\",\"attr\":\"\",\"sku\":\"00823\",\"l2\":\"Confiture et tartinade\",\"sl\":\"beurre-darachide-cremeux-kraft-00823\",\"sn\":\"\",\"idxP\":100},{\"mq\":\"Kraft\",\"nm\":\"Beurre d'arachide cr\u00E9meux\",\"nme\":\"Smooth Peanut Butter\",\"attr\":\"\",\"sku\":\"00820\",\"l2\":\"Confiture et tartinade\",\"sl\":\"beurre-darachide-cremeux-kraft-00820\",\"sn\":\"\",\"idxP\":81},{\"mq\":\"Habitant\",\"nm\":\"Soupe aux pois\",\"nme\":\"Peas Soup\",\"attr\":\"\",\"sku\":\"01672\",\"l2\":\"Soupe et bouillon\",\"sl\":\"soupe-aux-pois-habitant-01672\",\"sn\":\"\",\"idxP\":37},{\"mq\":\"Dare\",\"nm\":\"Craquelins Grissol toast melba\",\"nme\":\"Melba Toast 2 x 400\",\"attr\":\"\",\"sku\":\"02220\",\"l2\":\"Biscuit et craquelin\",\"sl\":\"craquelins-grissol-toast-melba-dare-02220\",\"sn\":\"\",\"idxP\":9},{\"mq\":\"Lipton\",\"nm\":\"M\u00E9lange poulet et nouilles\",\"nme\":\"Chicken Noodles\",\"attr\":\"\",\"sku\":\"01216\",\"l2\":\"Soupe et bouillon\",\"sl\":\"melange-poulet-et-nouilles-lipton-01216\",\"sn\":\"\",\"idxP\":72},{\"mq\":\"Bakers Five Roses\",\"nm\":\"Farine blanche tout usage\",\"nme\":\"White All Purpose Flour\",\"attr\":\"Produit local\",\"sku\":\"01636\",\"l2\":\"Farine, semoule et chapelure\",\"sl\":\"farine-blanche-tout-usage-bakers-five-roses-01636\",\"sn\":\"\",\"idxP\":97},{\"mq\":\"Pastene\",\"nm\":\"P\u00E2te de tomates\",\"nme\":\"Tomato Paste\",\"attr\":\"\",\"sku\":\"00259\",\"l2\":\"Tomate en conserve\",\"sl\":\"pate-de-tomates-pastene-00259\",\"sn\":\"tomates\",\"idxP\":100},{\"mq\":\"Toblerone\",\"nm\":\"Barres de chocolat au lait\",\"nme\":\"Toblerone Milk Chocolate Bar\",\"attr\":\"\",\"sku\":\"01884\",\"l2\":\"Confiserie\",\"sl\":\"barres-de-chocolat-au-lait-toblerone-01884\",\"sn\":\"\",\"idxP\":45},{\"mq\":\"Cadbury\",\"nm\":\"Barres de chocolat Mr.Big\",\"nme\":\"Mr.Big Chocolate Bars\",\"attr\":\"\",\"sku\":\"02188\",\"l2\":\"Confiserie\",\"sl\":\"barres-de-chocolat-mr.big-cadbury-02188\",\"sn\":\"\",\"idxP\":12},{\"mq\":\"Nonna Annunziata\",\"nm\":\"Biscuits cantucci aux amandes\",\"nme\":\"Almond Cantucci Cookies\",\"attr\":\"\",\"sku\":\"02368\",\"l2\":\"Biscuit et craquelin\",\"sl\":\"biscuits-cantucci-aux-amandes-nonna-annunziata-02368\",\"sn\":\"amandes\",\"idxP\":34},{\"mq\":\"Barilla\",\"nm\":\"P\u00E2tes linguine 13\\\"\",\"nme\":\"Linguine 13\\\" Pasta\",\"attr\":\"\",\"sku\":\"02399\",\"l2\":\"P\u00E2tes\",\"sl\":\"pates-linguine-13-barilla-02399\",\"sn\":\"\",\"idxP\":55},{\"mq\":\"Nupak ou Dunya Harvest\",\"nm\":\"Pois jaune concass\u00E9\",\"nme\":\"Yellow Split Peas\",\"attr\":\"\",\"sku\":\"02848\",\"l2\":\"Riz et grain\",\"sl\":\"pois-jaune-concasse-nupak-ou-dunya-harvest-02848\",\"sn\":\"\",\"idxP\":17},{\"mq\":\"Knox\",\"nm\":\"G\u00E9latine\",\"nme\":\"Gelatin\",\"attr\":\"\",\"sku\":\"01233\",\"l2\":\"Fruit en conserve\",\"sl\":\"gelatine-knox-01233\",\"sn\":\"\",\"idxP\":82},{\"mq\":\"Gattuso\",\"nm\":\"Sauce \u00E0 pizza\",\"nme\":\"Pizza Sauce\",\"attr\":\"\",\"sku\":\"02125\",\"l2\":\"Sauce\",\"sl\":\"sauce-a-pizza-gattuso-02125\",\"sn\":\"\",\"idxP\":100},{\"mq\":\"Bakers Five Roses\",\"nm\":\"Farine blanche tout usage\",\"nme\":\"White All Purpose Flour\",\"attr\":\"Produit local\",\"sku\":\"01637\",\"l2\":\"Farine, semoule et chapelure\",\"sl\":\"farine-blanche-tout-usage-bakers-five-roses-01637\",\"sn\":\"\",\"idxP\":100},{\"mq\":\"Toblerone\",\"nm\":\"Barres chocolat\",\"nme\":\"Chocolate Bars\",\"attr\":\"\",\"sku\":\"01882\",\"l2\":\"Confiserie\",\"sl\":\"barres-chocolat-toblerone-01882\",\"sn\":\"\",\"idxP\":5},{\"mq\":\"Knorr\",\"nm\":\"Bouillon cubes b\u0153uf\",\"nme\":\"Beef Broth Cubes x6\",\"attr\":\"\",\"sku\":\"01933\",\"l2\":\"Soupe et bouillon\",\"sl\":\"bouillon-cubes-buf-knorr-01933\",\"sn\":\"\",\"idxP\":29},{\"mq\":\"Dare\",\"nm\":\"Craquelins Grissol toast melba original\",\"nme\":\"Original Grissol Melba Toast\",\"attr\":\"\",\"sku\":\"02199\",\"l2\":\"Biscuit et craquelin\",\"sl\":\"craquelins-grissol-toast-melba-original-dare-02199\",\"sn\":\"\",\"idxP\":49},{\"mq\":\"Knorr\",\"nm\":\"Bouillon cubes poulet\",\"nme\":\"Chicken Broth Cubes x6\",\"attr\":\"\",\"sku\":\"01932\",\"l2\":\"Soupe et bouillon\",\"sl\":\"bouillon-cubes-poulet-knorr-01932\",\"sn\":\"\",\"idxP\":65},{\"mq\":\"Balocco\",\"nm\":\"Biscuit Cruschelle\",\"nme\":\"Cruschelle Cookie\",\"attr\":\"\",\"sku\":\"02391\",\"l2\":\"Biscuit et craquelin\",\"sl\":\"biscuit-cruschelle-balocco-02391\",\"sn\":\"\",\"idxP\":51},{\"mq\":\"Petite Abeille\",\"nm\":\"Chapelure\",\"nme\":\"Bread Crumb\",\"attr\":\"\",\"sku\":\"01796\",\"l2\":\"Farine, semoule et chapelure\",\"sl\":\"chapelure-petite-abeille-01796\",\"sn\":\"\",\"idxP\":60},{\"mq\":\"Nupak ou Dunya Harvest\",\"nm\":\"Lentille rouge\",\"nme\":\"Red Lentil\",\"attr\":\"\",\"sku\":\"02311\",\"l2\":\"Riz et grain\",\"sl\":\"lentille-rouge-nupak-ou-dunya-harvest-02311\",\"sn\":\"\",\"idxP\":25},{\"mq\":\"Campbell\",\"nm\":\"Cr\u00E8me de champignons\",\"nme\":\"Mushroom Cream\",\"attr\":\"\",\"sku\":\"04849\",\"l2\":\"Soupe et bouillon\",\"sl\":\"creme-de-champignons-campbell-04849\",\"sn\":\"\",\"idxP\":100},{\"mq\":\"Robin Hood\",\"nm\":\"Farine tout usage\",\"nme\":\"All Purpose Flour\",\"attr\":\"\",\"sku\":\"02826\",\"l2\":\"Farine, semoule et chapelure\",\"sl\":\"farine-tout-usage-robin-hood-02826\",\"sn\":\"\",\"idxP\":82},{\"mq\":\"Nupak ou Dunya Harvest\",\"nm\":\"Haricot rognon rouge p\u00E2le\",\"nme\":\"Light Red Kidney Beans\",\"attr\":\"\",\"sku\":\"02857\",\"l2\":\"Riz et grain\",\"sl\":\"haricot-rognon-rouge-pale-nupak-ou-dunya-harvest-02857\",\"sn\":\"\",\"idxP\":55},{\"mq\":\"Valli\",\"nm\":\"Gnocchi\",\"nme\":\"Gnocchi Pasta\",\"attr\":\"\",\"sku\":\"02357\",\"l2\":\"P\u00E2tes\",\"sl\":\"gnocchi-valli-02357\",\"sn\":\"\",\"idxP\":83},{\"mq\":\"Balocco\",\"nm\":\"Biscuits Zuppole\",\"nme\":\"Zuppole Cookies\",\"attr\":\"\",\"sku\":\"02393\",\"l2\":\"Biscuit et craquelin\",\"sl\":\"biscuits-zuppole-balocco-02393\",\"sn\":\"\",\"idxP\":55},{\"mq\":\"Aurora\",\"nm\":\"Thon p\u00E2le entier dans l'huile\",\"nme\":\"Solid Light Tuna in Oil\",\"attr\":\"\",\"sku\":\"03434\",\"l2\":\"Poisson et viande en conserve\",\"sl\":\"thon-pale-entier-dans-lhuile-aurora-03434\",\"sn\":\"\",\"idxP\":87},{\"mq\":\"Robin Hood\",\"nm\":\"Farine tout usage\",\"nme\":\"All Purpose Flour\",\"attr\":\"\",\"sku\":\"02827\",\"l2\":\"Farine, semoule et chapelure\",\"sl\":\"farine-tout-usage-robin-hood-02827\",\"sn\":\"\",\"idxP\":87},{\"mq\":\"Aylmer\",\"nm\":\"Soupe aux tomates\",\"nme\":\"Tomato Soup\",\"attr\":\"\",\"sku\":\"02966\",\"l2\":\"Soupe et bouillon\",\"sl\":\"soupe-aux-tomates-aylmer-02966\",\"sn\":\"tomates\",\"idxP\":95},{\"mq\":\"Nupak ou Dunya Harvest\",\"nm\":\"Riz jasmin\",\"nme\":\"Jasmine Rice\",\"attr\":\"\",\"sku\":\"03269\",\"l2\":\"Riz et grain\",\"sl\":\"riz-jasmin-nupak-ou-dunya-harvest-03269\",\"sn\":\"\",\"idxP\":43},{\"mq\":\"Clover Leaf\",\"nm\":\"Saumon rose sauvage du Pacifique\",\"nme\":\"Wild Pacific Pink Salmon\",\"attr\":\"\",\"sku\":\"03197\",\"l2\":\"Poisson et viande en conserve\",\"sl\":\"saumon-rose-sauvage-du-pacifique-clover-leaf-03197\",\"sn\":\"\",\"idxP\":84},{\"mq\":\"Barilla\",\"nm\":\"P\u00E2tes rotini #81\",\"nme\":\"Rotini #81 Pasta\",\"attr\":\"\",\"sku\":\"02400\",\"l2\":\"P\u00E2tes\",\"sl\":\"pates-rotini-81-barilla-02400\",\"sn\":\"\",\"idxP\":86},{\"mq\":\"Tenderflake\",\"nm\":\"Saindoux pur\",\"nme\":\"Pure Saindoux\",\"attr\":\"\",\"sku\":\"03429\",\"l2\":\"Ingr\u00E9dient de p\u00E2tisserie\",\"sl\":\"saindoux-pur-tenderflake-03429\",\"sn\":\"\",\"idxP\":64},{\"mq\":\"Campbell\",\"nm\":\"Soupe condens\u00E9e cr\u00E8me de c\u00E9leri\",\"nme\":\"Celery Cream Condensed Soup\",\"attr\":\"\",\"sku\":\"04856\",\"l2\":\"Soupe et bouillon\",\"sl\":\"soupe-condensee-creme-de-celeri-campbell-04856\",\"sn\":\"\",\"idxP\":67},{\"mq\":\"Campbell\",\"nm\":\"Soupe condens\u00E9e cr\u00E8me d'asperges\",\"nme\":\"Asparagus Cream Condensed Soup\",\"attr\":\"\",\"sku\":\"04855\",\"l2\":\"Soupe et bouillon\",\"sl\":\"soupe-condensee-creme-dasperges-campbell-04855\",\"sn\":\"\",\"idxP\":54},{\"mq\":\"Mazola\",\"nm\":\"Huile de ma\u00EFs\",\"nme\":\"Corn Oil\",\"attr\":\"\",\"sku\":\"04872\",\"l2\":\"Huile et vinaigre\",\"sl\":\"huile-de-mais-mazola-04872\",\"sn\":\"\",\"idxP\":81},{\"mq\":\"Uncle Ben's\",\"nm\":\"Riz naturel \u00E0 longs grains\",\"nme\":\"Natural Long Grain Rice\",\"attr\":\"\",\"sku\":\"02096\",\"l2\":\"Riz et grain\",\"sl\":\"riz-naturel-a-longs-grains-uncle-bens-02096\",\"sn\":\"\",\"idxP\":18},{\"mq\":\"Loacker\",\"nm\":\"Gaufrette tiramisu Quadratini\",\"nme\":\"Tiramisu Wafer Quadratini\",\"attr\":\"\",\"sku\":\"03108\",\"l2\":\"Biscuit et craquelin\",\"sl\":\"gaufrette-tiramisu-quadratini-loacker-03108\",\"sn\":\"\",\"idxP\":18},{\"mq\":\"Hunt's\",\"nm\":\"Sauce tomate\",\"nme\":\"Tomato Sauce\",\"attr\":\"\",\"sku\":\"03188\",\"l2\":\"Tomate en conserve\",\"sl\":\"sauce-tomate-hunts-03188\",\"sn\":\"tomates\",\"idxP\":81},{\"mq\":\"Campbell\",\"nm\":\"Bouillon consomm\u00E9 de boeuf\",\"nme\":\"Beef Consomme Broth\",\"attr\":\"\",\"sku\":\"04857\",\"l2\":\"Soupe et bouillon\",\"sl\":\"bouillon-consomme-de-boeuf-campbell-04857\",\"sn\":\"oeufs\",\"idxP\":58},{\"mq\":\"Kind\",\"nm\":\"Barres aux amandes caramel et sel de mer\",\"nme\":\"Almond Caramel and Sea Salt Bars\",\"attr\":\"\",\"sku\":\"00814\",\"l2\":\"C\u00E9r\u00E9ales et barre\",\"sl\":\"barres-aux-amandes-caramel-et-sel-de-mer-kind-00814\",\"sn\":\"amandes\",\"idxP\":14},{\"mq\":\"Grisspasta\",\"nm\":\"P\u00E2tes coquillettes\",\"nme\":\"Small Shell Pasta\",\"attr\":\"Produit local\",\"sku\":\"04847\",\"l2\":\"P\u00E2tes\",\"sl\":\"pates-coquillettes-grisspasta-04847\",\"sn\":\"\",\"idxP\":70},{\"mq\":\"Eagle Brand\",\"nm\":\"Lait condens\u00E9 sucr\u00E9\",\"nme\":\"Condensed Sweet Milk\",\"attr\":\"\",\"sku\":\"04270\",\"l2\":\"Ingr\u00E9dient de p\u00E2tisserie\",\"sl\":\"lait-condense-sucre-eagle-brand-04270\",\"sn\":\"\",\"idxP\":94},{\"mq\":\"Campbell\",\"nm\":\"Soupe condens\u00E9e cr\u00E8me de poulet\",\"nme\":\"Chicken Cream Condensed Soup\",\"attr\":\"\",\"sku\":\"04861\",\"l2\":\"Soupe et bouillon\",\"sl\":\"soupe-condensee-creme-de-poulet-campbell-04861\",\"sn\":\"\",\"idxP\":64},{\"mq\":\"Kind\",\"nm\":\"Barres aux cerises noix de cajou et chocolat noir\",\"nme\":\"Cherry Cashew and Dark Chocolate Bars\",\"attr\":\"\",\"sku\":\"00815\",\"l2\":\"C\u00E9r\u00E9ales et barre\",\"sl\":\"barres-aux-cerises-noix-de-cajou-et-chocolat-noir-kind-00815\",\"sn\":\"\",\"idxP\":10},{\"mq\":\"Grisspasta\",\"nm\":\"P\u00E2tes alphabet\",\"nme\":\"Alphabet Pasta\",\"attr\":\"Produit local\",\"sku\":\"04576\",\"l2\":\"P\u00E2tes\",\"sl\":\"pates-alphabet-grisspasta-04576\",\"sn\":\"\",\"idxP\":68},{\"mq\":\"Bonne Maman\",\"nm\":\"Confiture d'abricots\",\"nme\":\"Apricot Jam\",\"attr\":\"\",\"sku\":\"05782\",\"l2\":\"Confiture et tartinade\",\"sl\":\"confiture-dabricots-bonne-maman-05782\",\"sn\":\"\",\"idxP\":53},{\"mq\":\"Wafu\",\"nm\":\"Vinaigrette japonaise originale au s\u00E9same\",\"nme\":\"Original Sesame Japanese Dressing\",\"attr\":\"\",\"sku\":\"07020\",\"l2\":\"Vinaigrette et Cro\u00FBton\",\"sl\":\"vinaigrette-japonaise-originale-au-sesame-wafu-07020\",\"sn\":\"\",\"idxP\":87},{\"mq\":\"Agrofusion\",\"nm\":\"Ma\u00EFs granul\u00E9 #400\",\"nme\":\"Corn Grits #400\",\"attr\":\"\",\"sku\":\"03115\",\"l2\":\"Riz et grain\",\"sl\":\"mais-granule-400-agrofusion-03115\",\"sn\":\"\",\"idxP\":41},{\"mq\":\"Major Gourmet\",\"nm\":\"Tartinade chocolat noisette\",\"nme\":\"Chocolate and Hazelnut Spread\",\"attr\":\"\",\"sku\":\"05988\",\"l2\":\"Confiture et tartinade\",\"sl\":\"tartinade-chocolat-noisette-major-gourmet-05988\",\"sn\":\"\",\"idxP\":40},{\"mq\":\"Campbell\",\"nm\":\"Soupe aux tomates condens\u00E9e\",\"nme\":\"Condensed Tomato Soup\",\"attr\":\"\",\"sku\":\"04854\",\"l2\":\"Soupe et bouillon\",\"sl\":\"soupe-aux-tomates-condensee-campbell-04854\",\"sn\":\"tomates\",\"idxP\":100},{\"mq\":\"Misura\",\"nm\":\"Biscuits privolat\",\"nme\":\"Privolat Cookie\",\"attr\":\"\",\"sku\":\"02033\",\"l2\":\"Biscuit et craquelin\",\"sl\":\"biscuits-privolat-misura-02033\",\"sn\":\"\",\"idxP\":28},{\"mq\":\"Lee Kum Kee\",\"nm\":\"Sauce hoisin\",\"nme\":\"Hoisin Sauce\",\"attr\":\"\",\"sku\":\"07040\",\"l2\":\"Condiment\",\"sl\":\"sauce-hoisin-lee-kum-kee-07040\",\"sn\":\"\",\"idxP\":61},{\"mq\":\"Loacker\",\"nm\":\"Gaufrette citron Quadratini\",\"nme\":\"Lemon Wafer Quadratini\",\"attr\":\"\",\"sku\":\"03109\",\"l2\":\"Biscuit et craquelin\",\"sl\":\"gaufrette-citron-quadratini-loacker-03109\",\"sn\":\"citrons\",\"idxP\":28},{\"mq\":\"Robin Hood\",\"nm\":\"Farine \u00E0 pain blanc\",\"nme\":\"White Bread Flour\",\"attr\":\"\",\"sku\":\"06092\",\"l2\":\"Farine, semoule et chapelure\",\"sl\":\"farine-a-pain-blanc-robin-hood-06092\",\"sn\":\"\",\"idxP\":45},{\"mq\":\"Kimphat\",\"nm\":\"Riz parfum\u00E9 au jasmin\",\"nme\":\"Jasmine White Scented Rice\",\"attr\":\"\",\"sku\":\"07055\",\"l2\":\"Riz et grain\",\"sl\":\"riz-parfume-au-jasmin-kimphat-07055\",\"sn\":\"\",\"idxP\":71},{\"mq\":\"Maggi\",\"nm\":\"Sauce ar\u00F4me\",\"nme\":\"Seasoning Sauce\",\"attr\":\"\",\"sku\":\"07036\",\"l2\":\"Condiment\",\"sl\":\"sauce-arome-maggi-07036\",\"sn\":\"\",\"idxP\":64},{\"mq\":\"Bonne Maman\",\"nm\":\"Confiture de framboises\",\"nme\":\"Raspberry Jam\",\"attr\":\"\",\"sku\":\"05781\",\"l2\":\"Confiture et tartinade\",\"sl\":\"confiture-de-framboises-bonne-maman-05781\",\"sn\":\"framboises\",\"idxP\":49},{\"mq\":\"La Costena\",\"nm\":\"Haricots noirs frits\",\"nme\":\"Refried Black Beans\",\"attr\":\"\",\"sku\":\"06054\",\"l2\":\"L\u00E9gume en conserve\",\"sl\":\"haricots-noirs-frits-la-costena-06054\",\"sn\":\"\",\"idxP\":29},{\"mq\":\"Kadoya\",\"nm\":\"Huile de s\u00E9same pure\",\"nme\":\"Pure Sesame Oil\",\"attr\":\"\",\"sku\":\"07053\",\"l2\":\"Huile et vinaigre\",\"sl\":\"huile-de-sesame-pure-kadoya-07053\",\"sn\":\"\",\"idxP\":85},{\"mq\":\"Aurora\",\"nm\":\"Asperges vertes assaisonn\u00E9es\",\"nme\":\"Seasoned Green Asparagus\",\"attr\":\"\",\"sku\":\"03067\",\"l2\":\"Marinade\",\"sl\":\"asperges-vertes-assaisonnees-aurora-03067\",\"sn\":\"\",\"idxP\":32},{\"mq\":\"Sportsman\",\"nm\":\"Sirop de ma\u00EFs\",\"nme\":\"Corn Syrup\",\"attr\":\"\",\"sku\":\"10629\",\"l2\":\"Confiture et tartinade\",\"sl\":\"sirop-de-mais-sportsman-10629\",\"sn\":\"\",\"idxP\":76},{\"mq\":\"La Milanaise\",\"nm\":\"Farine bl\u00E9 entier \u00E0 pain biologique\",\"nme\":\"Organic Whole Wheat Bread Flour\",\"attr\":\"Biologique\",\"sku\":\"10785\",\"l2\":\"Farine, semoule et chapelure\",\"sl\":\"farine-ble-entier-a-pain-biologique-la-milanaise-10785\",\"sn\":\"biologique, bio, organic, organique\",\"idxP\":15},{\"mq\":\"La Milanaise\",\"nm\":\"Farine d'\u00E9peautre enti\u00E8re biologique\",\"nme\":\"Organic Whole Spelt Flour\",\"attr\":\"Biologique\",\"sku\":\"10795\",\"l2\":\"Farine, semoule et chapelure\",\"sl\":\"farine-depeautre-entiere-biologique-la-milanaise-10795\",\"sn\":\"biologique, bio, organic, organique\",\"idxP\":37},{\"mq\":\"La Milanaise\",\"nm\":\"Farine de pain int\u00E9gral biologique\",\"nme\":\"Organic Integral Bread Flour\",\"attr\":\"\",\"sku\":\"10813\",\"l2\":\"Farine, semoule et chapelure\",\"sl\":\"farine-de-pain-integral-biologique-la-milanaise-10813\",\"sn\":\"biologique, bio, organic, organique\",\"idxP\":23},{\"mq\":\"La Milanaise\",\"nm\":\"Farine tout usage biologique\",\"nme\":\"Organic All Purpose Flour\",\"attr\":\"\",\"sku\":\"10793\",\"l2\":\"Farine, semoule et chapelure\",\"sl\":\"farine-tout-usage-biologique-la-milanaise-10793\",\"sn\":\"biologique, bio, organic, organique\",\"idxP\":58},{\"mq\":\"La Milanaise\",\"nm\":\"Farine \u00E0 p\u00E2tisserie blanche\",\"nme\":\"White Pastry Flour\",\"attr\":\"Biologique\",\"sku\":\"10798\",\"l2\":\"Farine, semoule et chapelure\",\"sl\":\"farine-a-patisserie-blanche-la-milanaise-10798\",\"sn\":\"biologique, bio, organic, organique\",\"idxP\":30},{\"mq\":\"La Milanaise\",\"nm\":\"Farine tout usage biologique\",\"nme\":\"Organic All Purpose Flour\",\"attr\":\"Biologique\",\"sku\":\"10788\",\"l2\":\"Farine, semoule et chapelure\",\"sl\":\"farine-tout-usage-biologique-la-milanaise-10788\",\"sn\":\"biologique, bio, organic, organique\",\"idxP\":36},{\"mq\":\"La Milanaise\",\"nm\":\"Farine \u00E0 p\u00E2tisserie tamis\u00E9e biologique\",\"nme\":\"Organic Sifted Pastry Flour\",\"attr\":\"Biologique\",\"sku\":\"10816\",\"l2\":\"Farine, semoule et chapelure\",\"sl\":\"farine-a-patisserie-tamisee-biologique-la-milanaise-10816\",\"sn\":\"biologique, bio, organic, organique\",\"idxP\":19},{\"mq\":\"La Milanaise\",\"nm\":\"Farine biologique de bl\u00E9 entier \u00E0 pain\",\"nme\":\"Organic Whole Wheat Bread Flour\",\"attr\":\"Biologique\",\"sku\":\"10814\",\"l2\":\"Farine, semoule et chapelure\",\"sl\":\"farine-biologique-de-ble-entier-a-pain-la-milanaise-10814\",\"sn\":\"biologique, bio, organic, organique\",\"idxP\":30},{\"mq\":\"La Milanaise\",\"nm\":\"Farine bl\u00E9 entier \u00E0 p\u00E2tisserie\",\"nme\":\"Whole Wheat Pastry Flour\",\"attr\":\"Biologique\",\"sku\":\"10784\",\"l2\":\"Farine, semoule et chapelure\",\"sl\":\"farine-ble-entier-a-patisserie-la-milanaise-10784\",\"sn\":\"biologique, bio, organic, organique\",\"idxP\":16},{\"mq\":\"La Milanaise\",\"nm\":\"Farine khorasan enti\u00E8re biologique\",\"nme\":\"Organic Whole Khorasan Flour\",\"attr\":\"Biologique\",\"sku\":\"10799\",\"l2\":\"Farine, semoule et chapelure\",\"sl\":\"farine-khorasan-entiere-biologique-la-milanaise-10799\",\"sn\":\"biologique, bio, organic, organique\",\"idxP\":18},{\"mq\":\"Nutella\",\"nm\":\"Tartinade chocolat noisette\",\"nme\":\"Chocolate and Hazelnut Spread\",\"attr\":\"\",\"sku\":\"15828\",\"l2\":\"Confiture et tartinade\",\"sl\":\"tartinade-chocolat-noisette-nutella-15828\",\"sn\":\"\",\"idxP\":91},{\"mq\":\"Jet-Puffed\",\"nm\":\"Guimauve jumbo\",\"nme\":\"Maxi Marshmallow\",\"attr\":\"\",\"sku\":\"00847\",\"l2\":\"Confiserie\",\"sl\":\"guimauve-jumbo-jet-puffed-00847\",\"sn\":\"\",\"idxP\":88},{\"mq\":\"Querico\",\"nm\":\"Bonbon vers n\u00E9on\",\"nme\":\"Neon Worm Candy\",\"attr\":\"\",\"sku\":\"02999\",\"l2\":\"Confiserie\",\"sl\":\"bonbon-vers-neon-querico-02999\",\"sn\":\"\",\"idxP\":22},{\"mq\":\"Mignon\",\"nm\":\"Bonbon m\u00E9lange mini bala\",\"nme\":\"Mini Bala Mix Candy\",\"attr\":\"\",\"sku\":\"16175\",\"l2\":\"Confiserie\",\"sl\":\"bonbon-melange-mini-bala-mignon-16175\",\"sn\":\"\",\"idxP\":38},{\"mq\":\"Querico\",\"nm\":\"Bonbons aux fruits farcis\",\"nme\":\"Stuffed Fruit Candy\",\"attr\":\"\",\"sku\":\"24465\",\"l2\":\"Confiserie\",\"sl\":\"bonbons-aux-fruits-farcis-querico-24465\",\"sn\":\"\",\"idxP\":76},{\"mq\":\"Dora\",\"nm\":\"Confiture de fraises avec pectine\",\"nme\":\"Strawberry Jam\",\"attr\":\"Produit local\",\"sku\":\"20510\",\"l2\":\"Confiture et tartinade\",\"sl\":\"confiture-de-fraises-avec-pectine-dora-20510\",\"sn\":\"fraises\",\"idxP\":16},{\"mq\":\"Mignon\",\"nm\":\"Bonbon mini fruit nacr\u00E9\",\"nme\":\"Mini Fruit Candy\",\"attr\":\"\",\"sku\":\"16174\",\"l2\":\"Confiserie\",\"sl\":\"bonbon-mini-fruit-nacre-mignon-16174\",\"sn\":\"\",\"idxP\":49},{\"mq\":\"Querico\",\"nm\":\"Ourson en gel\u00E9e multicolore\",\"nme\":\"Multi Coloured Gummi Teddy Bear\",\"attr\":\"\",\"sku\":\"22519\",\"l2\":\"Confiserie\",\"sl\":\"ourson-en-gelee-multicolore-querico-22519\",\"sn\":\"\",\"idxP\":64},{\"mq\":\"Querico\",\"nm\":\"Bonbon su\u00E7on assorti\",\"nme\":\"Assorted Lillipop\",\"attr\":\"\",\"sku\":\"24468\",\"l2\":\"Confiserie\",\"sl\":\"bonbon-sucon-assorti-querico-24468\",\"sn\":\"\",\"idxP\":47},{\"mq\":\"Querico\",\"nm\":\"Grosses gommes balloune\",\"nme\":\"Big gum ball\",\"attr\":\"\",\"sku\":\"22648\",\"l2\":\"Confiserie\",\"sl\":\"grosses-gommes-balloune-querico-22648\",\"sn\":\"\",\"idxP\":37},{\"mq\":\"Sweet Sixteen\",\"nm\":\"Bonbon g\u00E9latine et jujube\",\"nme\":\"Juby and Gummy Candy\",\"attr\":\"\",\"sku\":\"23695\",\"l2\":\"Confiserie\",\"sl\":\"bonbon-gelatine-et-jujube-sweet-sixteen-23695\",\"sn\":\"\",\"idxP\":48},{\"mq\":\"Querico\",\"nm\":\"Jujubes\",\"nme\":\"Jujubes\",\"attr\":\"\",\"sku\":\"23711\",\"l2\":\"Confiserie\",\"sl\":\"jujubes-querico-23711\",\"sn\":\"\",\"idxP\":71},{\"mq\":\"Querico\",\"nm\":\"Bonbon r\u00E9glisse ruban fraise\",\"nme\":\"Strawberry Sweet Licorice Ribbon\",\"attr\":\"\",\"sku\":\"21499\",\"l2\":\"Confiserie\",\"sl\":\"bonbon-reglisse-ruban-fraise-querico-21499\",\"sn\":\"fraises\",\"idxP\":29},{\"mq\":\"Querico\",\"nm\":\"Bonbon caramel au beurre\",\"nme\":\"Toffee Candy\",\"attr\":\"\",\"sku\":\"24467\",\"l2\":\"Confiserie\",\"sl\":\"bonbon-caramel-au-beurre-querico-24467\",\"sn\":\"\",\"idxP\":40},{\"mq\":\"Querico\",\"nm\":\"Bonbon cerise\",\"nme\":\"Cherry Candy\",\"attr\":\"\",\"sku\":\"33669\",\"l2\":\"Confiserie\",\"sl\":\"bonbon-cerise-querico-33669\",\"sn\":\"\",\"idxP\":53},{\"mq\":\"Camargue\",\"nm\":\"Fleur de sel de Camargue bo\u00EEte\",\"nme\":\"Salt Flower\",\"attr\":\"\",\"sku\":\"32208\",\"l2\":\"\u00C9pice, sel et poivre\",\"sl\":\"fleur-de-sel-de-camargue-boite-camargue-32208\",\"sn\":\"\",\"idxP\":76},{\"mq\":\"Sweet Sixteen\",\"nm\":\"Bonbon jujube sucr\u00E9 suret\",\"nme\":\"Sweet Sour Gummy Candy\",\"attr\":\"\",\"sku\":\"23699\",\"l2\":\"Confiserie\",\"sl\":\"bonbon-jujube-sucre-suret-sweet-sixteen-23699\",\"sn\":\"\",\"idxP\":49},{\"mq\":\"Nutrivrac\",\"nm\":\"Bonbon fraise rouge\",\"nme\":\"Red Strawberry Candy\",\"attr\":\"\",\"sku\":\"33435\",\"l2\":\"Confiserie\",\"sl\":\"bonbon-fraise-rouge-nutrivrac-33435\",\"sn\":\"fraises\",\"idxP\":53},{\"mq\":\"Querico\",\"nm\":\"Bonbon r\u00E9glisse ruban arc-en-ciel\",\"nme\":\"Licorice Ribbon Rainbow Candy\",\"attr\":\"\",\"sku\":\"21498\",\"l2\":\"Confiserie\",\"sl\":\"bonbon-reglisse-ruban-arc-en-ciel-querico-21498\",\"sn\":\"\",\"idxP\":72},{\"mq\":\"Querico\",\"nm\":\"Bonbon fruits assortis\",\"nme\":\"Assorted Fruits Candy\",\"attr\":\"\",\"sku\":\"24464\",\"l2\":\"Confiserie\",\"sl\":\"bonbon-fruits-assortis-querico-24464\",\"sn\":\"\",\"idxP\":49},{\"mq\":\"Querico\",\"nm\":\"Bonbon melon d'eau tranch\u00E9\",\"nme\":\"Sliced Watermelon Candy\",\"attr\":\"\",\"sku\":\"37350\",\"l2\":\"Confiserie\",\"sl\":\"bonbon-melon-deau-tranche-querico-37350\",\"sn\":\"\",\"idxP\":56},{\"mq\":\"Querico\",\"nm\":\"Bonbon bouteille Coca Cola\",\"nme\":\"Coca Cola Bottle Candy\",\"attr\":\"\",\"sku\":\"33680\",\"l2\":\"Confiserie\",\"sl\":\"bonbon-bouteille-coca-cola-querico-33680\",\"sn\":\"\",\"idxP\":35},{\"mq\":\"Querico\",\"nm\":\"Bonbon \u00E9toile de mer\",\"nme\":\"Starfish Candy\",\"attr\":\"\",\"sku\":\"33681\",\"l2\":\"Confiserie\",\"sl\":\"bonbon-etoile-de-mer-querico-33681\",\"sn\":\"\",\"idxP\":46},{\"mq\":\"Querico\",\"nm\":\"Tortue g\u00E9latine\",\"nme\":\"Gummy Turtle\",\"attr\":\"\",\"sku\":\"37451\",\"l2\":\"Confiserie\",\"sl\":\"tortue-gelatine-querico-37451\",\"sn\":\"\",\"idxP\":35},{\"mq\":\"Querico\",\"nm\":\"Bonbon anneau p\u00EAche\",\"nme\":\"Peach Ring Candy\",\"attr\":\"\",\"sku\":\"36063\",\"l2\":\"Confiserie\",\"sl\":\"bonbon-anneau-peche-querico-36063\",\"sn\":\"\",\"idxP\":43},{\"mq\":\"Querico\",\"nm\":\"Bonbon ours n\u00E9on\",\"nme\":\"Neon Sour Bear Candy\",\"attr\":\"\",\"sku\":\"37843\",\"l2\":\"Confiserie\",\"sl\":\"bonbon-ours-neon-querico-37843\",\"sn\":\"\",\"idxP\":24},{\"mq\":\"Querico\",\"nm\":\"Bonbon vers\",\"nme\":\"Fluo Worm Candy\",\"attr\":\"\",\"sku\":\"49720\",\"l2\":\"Confiserie\",\"sl\":\"bonbon-vers-querico-49720\",\"sn\":\"\",\"idxP\":50},{\"mq\":\"Querico\",\"nm\":\"Bonbon requin bleu\",\"nme\":\"Blue Shark Candy\",\"attr\":\"\",\"sku\":\"49618\",\"l2\":\"Confiserie\",\"sl\":\"bonbon-requin-bleu-querico-49618\",\"sn\":\"\",\"idxP\":34},{\"mq\":\"Dare\",\"nm\":\"Craquelins Grissol tomate et basilic\",\"nme\":\"Tomato and Basil Crackers\",\"attr\":\"\",\"sku\":\"10853\",\"l2\":\"Biscuit et craquelin\",\"sl\":\"craquelins-grissol-tomate-et-basilic-dare-10853\",\"sn\":\"tomates\",\"idxP\":65},{\"mq\":\"Verona\",\"nm\":\"Biscuit Cantuccini chocolat\",\"nme\":\"Chocolate Cantuccini Cookies\",\"attr\":\"\",\"sku\":\"11729\",\"l2\":\"Biscuit et craquelin\",\"sl\":\"biscuit-cantuccini-chocolat-verona-11729\",\"sn\":\"\",\"idxP\":40},{\"mq\":\"Querico\",\"nm\":\"Bonbon grenouille\",\"nme\":\"Frog Candy\",\"attr\":\"\",\"sku\":\"49616\",\"l2\":\"Confiserie\",\"sl\":\"bonbon-grenouille-querico-49616\",\"sn\":\"\",\"idxP\":46},{\"mq\":\"Verona\",\"nm\":\"Biscuit Cantuccini amande\",\"nme\":\"Almond Cantuccini Cookies\",\"attr\":\"\",\"sku\":\"11730\",\"l2\":\"Biscuit et craquelin\",\"sl\":\"biscuit-cantuccini-amande-verona-11730\",\"sn\":\"amandes\",\"idxP\":84},{\"mq\":\"Rio\",\"nm\":\"Cornet gaufr\u00E9s moyen #60\",\"nme\":\"Ice Cream Cone Medium #60\",\"attr\":\"\",\"sku\":\"15993\",\"l2\":\"Bar laitier\",\"sl\":\"cornet-gaufres-moyen-60-rio-15993\",\"sn\":\"\",\"idxP\":66},{\"mq\":\"Reko\",\"nm\":\"Gaufrette Pizzelle au citron\",\"nme\":\"Lemon Pizzelle Wafer Cookie\",\"attr\":\"\",\"sku\":\"02177\",\"l2\":\"Biscuit et craquelin\",\"sl\":\"gaufrette-pizzelle-au-citron-reko-02177\",\"sn\":\"citrons\",\"idxP\":30},{\"mq\":\"Triscuit\",\"nm\":\"Craquelins originaux\",\"nme\":\"Original Cracker\",\"attr\":\"\",\"sku\":\"10834\",\"l2\":\"Biscuit et craquelin\",\"sl\":\"craquelins-originaux-triscuit-10834\",\"sn\":\"\",\"idxP\":35},{\"mq\":\"Querico\",\"nm\":\"Bonbon crocodile\",\"nme\":\"Crocodile Candy\",\"attr\":\"\",\"sku\":\"33682\",\"l2\":\"Confiserie\",\"sl\":\"bonbon-crocodile-querico-33682\",\"sn\":\"\",\"idxP\":61},{\"mq\":\"Premium Plus\",\"nm\":\"Craquelins non saupoudr\u00E9s de sel\",\"nme\":\"Unsalted Top Crackers\",\"attr\":\"\",\"sku\":\"01772\",\"l2\":\"Biscuit et craquelin\",\"sl\":\"craquelins-non-saupoudres-de-sel-premium-plus-01772\",\"sn\":\"\",\"idxP\":49},{\"mq\":\"Rio\",\"nm\":\"Cornet gobelet #59\",\"nme\":\"Ice Cream Cup Cone #59\",\"attr\":\"\",\"sku\":\"16446\",\"l2\":\"Bar laitier\",\"sl\":\"cornet-gobelet-59-rio-16446\",\"sn\":\"\",\"idxP\":76},{\"mq\":\"Querico\",\"nm\":\"Bonbon mini menthe\",\"nme\":\"Mini Mint Candy\",\"attr\":\"\",\"sku\":\"38604\",\"l2\":\"Confiserie\",\"sl\":\"bonbon-mini-menthe-querico-38604\",\"sn\":\"\",\"idxP\":25},{\"mq\":\"Les D\u00E9lices DL\",\"nm\":\"Biscotti amande et canneberge\",\"nme\":\"Almond and Cranberry Biscotti\",\"attr\":\"\",\"sku\":\"00564\",\"l2\":\"Biscuit et craquelin\",\"sl\":\"biscotti-amande-et-canneberge-les-delices-dl-00564\",\"sn\":\"croustille, amandes\",\"idxP\":100},{\"mq\":\"Premium Plus\",\"nm\":\"Craquelins de bl\u00E9 entier\",\"nme\":\"Whole Wheat Crackers\",\"attr\":\"\",\"sku\":\"23064\",\"l2\":\"Biscuit et craquelin\",\"sl\":\"craquelins-de-ble-entier-premium-plus-23064\",\"sn\":\"\",\"idxP\":23},{\"mq\":\"Christie\",\"nm\":\"Biscuits Chips Ahoy avec morceaux de chocolat\",\"nme\":\"Chips Ahoy Chocolate Bites Cookies\",\"attr\":\"\",\"sku\":\"21402\",\"l2\":\"Biscuit et craquelin\",\"sl\":\"biscuits-chips-ahoy-avec-morceaux-de-chocolat-christie-21402\",\"sn\":\"croustille\",\"idxP\":36},{\"mq\":\"Carr's\",\"nm\":\"Craquelins \u00E0 l'eau\",\"nme\":\"Table Water Crackers\",\"attr\":\"\",\"sku\":\"29012\",\"l2\":\"Biscuit et craquelin\",\"sl\":\"craquelins-a-leau-carrs-29012\",\"sn\":\"\",\"idxP\":84},{\"mq\":\"Wasa\",\"nm\":\"Croustipain seigle l\u00E9ger\",\"nme\":\"Light Rye Crispbreads\",\"attr\":\"\",\"sku\":\"16778\",\"l2\":\"Biscuit et craquelin\",\"sl\":\"croustipain-seigle-leger-wasa-16778\",\"sn\":\"\",\"idxP\":17},{\"mq\":\"Verona\",\"nm\":\"Biscuits S\",\"nme\":\"S Cookies\",\"attr\":\"\",\"sku\":\"20879\",\"l2\":\"Biscuit et craquelin\",\"sl\":\"biscuits-s-verona-20879\",\"sn\":\"\",\"idxP\":83},{\"mq\":\"Premium Plus\",\"nm\":\"Craquelins non sal\u00E9\",\"nme\":\"Unsalted Crackers\",\"attr\":\"\",\"sku\":\"34213\",\"l2\":\"Biscuit et craquelin\",\"sl\":\"craquelins-non-sale-premium-plus-34213\",\"sn\":\"\",\"idxP\":27},{\"mq\":\"Triscuit\",\"nm\":\"Craquelins \u00E0 faible teneur en sodium\",\"nme\":\"Low Sodium Crackers\",\"attr\":\"\",\"sku\":\"10832\",\"l2\":\"Biscuit et craquelin\",\"sl\":\"craquelins-a-faible-teneur-en-sodium-triscuit-10832\",\"sn\":\"\",\"idxP\":27},{\"mq\":\"Verona\",\"nm\":\"Biscuits Albert\",\"nme\":\"Albert Cookies\",\"attr\":\"\",\"sku\":\"26262\",\"l2\":\"Biscuit et craquelin\",\"sl\":\"biscuits-albert-verona-26262\",\"sn\":\"\",\"idxP\":74},{\"mq\":\"Les D\u00E9lices DL\",\"nm\":\"Biscotti mangue et noix coco\",\"nme\":\"Mango Coconut biscotti\",\"attr\":\"\",\"sku\":\"30725\",\"l2\":\"Biscuit et craquelin\",\"sl\":\"biscotti-mangue-et-noix-coco-les-delices-dl-30725\",\"sn\":\"croustille, mangues\",\"idxP\":84},{\"mq\":\"Wasa\",\"nm\":\"Croustipain multigrain\",\"nme\":\"Multi Grain Crispbread\",\"attr\":\"\",\"sku\":\"16776\",\"l2\":\"Biscuit et craquelin\",\"sl\":\"croustipain-multigrain-wasa-16776\",\"sn\":\"\",\"idxP\":23},{\"mq\":\"Elledi\",\"nm\":\"Biscuits boudoirs doigts de f\u00E9e Savoiardi\",\"nme\":\"Lady Fingers Cookies Savoiardi\",\"attr\":\"\",\"sku\":\"20914\",\"l2\":\"Biscuit et craquelin\",\"sl\":\"biscuits-boudoirs-doigts-de-fee-savoiardi-elledi-20914\",\"sn\":\"\",\"idxP\":100},{\"mq\":\"Balocco\",\"nm\":\"Gaufrette \u00E0 la cr\u00E8me de noisette\",\"nme\":\"Hazelnut Cream Waffle Cookie\",\"attr\":\"\",\"sku\":\"32424\",\"l2\":\"Biscuit et craquelin\",\"sl\":\"gaufrette-a-la-creme-de-noisette-balocco-32424\",\"sn\":\"\",\"idxP\":43},{\"mq\":\"Jet-Puffed\",\"nm\":\"Mini guimauve blanche\",\"nme\":\"White Mini Marshmallow\",\"attr\":\"\",\"sku\":\"30503\",\"l2\":\"Confiserie\",\"sl\":\"mini-guimauve-blanche-jet-puffed-30503\",\"sn\":\"\",\"idxP\":87},{\"mq\":\"Dare\",\"nm\":\"Craquelins Grissol au sel de mer\",\"nme\":\"Grissol Sea Salt Crackers\",\"attr\":\"\",\"sku\":\"10854\",\"l2\":\"Biscuit et craquelin\",\"sl\":\"craquelins-grissol-au-sel-de-mer-dare-10854\",\"sn\":\"\",\"idxP\":74},{\"mq\":\"Dad's\",\"nm\":\"Biscuits \u00E0 la farine d'avoine\",\"nme\":\"Oatmeal Biscuit\",\"attr\":\"\",\"sku\":\"21400\",\"l2\":\"Biscuit et craquelin\",\"sl\":\"biscuits-a-la-farine-davoine-dads-21400\",\"sn\":\"\",\"idxP\":27},{\"mq\":\"Petite Abeille\",\"nm\":\"Biscuits graham\",\"nme\":\"Honey Maid Wafers\",\"attr\":\"\",\"sku\":\"31098\",\"l2\":\"Biscuit et craquelin\",\"sl\":\"biscuits-graham-petite-abeille-31098\",\"sn\":\"\",\"idxP\":88},{\"mq\":\"Balocco\",\"nm\":\"Gaufrette \u00E0 la vanille\",\"nme\":\"Vanilla Wafer Cookie\",\"attr\":\"\",\"sku\":\"32425\",\"l2\":\"Biscuit et craquelin\",\"sl\":\"gaufrette-a-la-vanille-balocco-32425\",\"sn\":\"\",\"idxP\":49},{\"mq\":\"Campiello\",\"nm\":\"Biscuit Frollini aux p\u00E9pites de chocolat\",\"nme\":\"Chocolate Chip Frollini Cookie 350 g\",\"attr\":\"\",\"sku\":\"34876\",\"l2\":\"Biscuit et craquelin\",\"sl\":\"biscuit-frollini-aux-pepites-de-chocolat-campiello-34876\",\"sn\":\"\",\"idxP\":16},{\"mq\":\"Campiello\",\"nm\":\"Biscuit Frollini cacao noisette\",\"nme\":\"Cocoa Hazelnut Frollini Cookie\",\"attr\":\"\",\"sku\":\"34873\",\"l2\":\"Biscuit et craquelin\",\"sl\":\"biscuit-frollini-cacao-noisette-campiello-34873\",\"sn\":\"\",\"idxP\":23},{\"mq\":\"Divella\",\"nm\":\"Biscuit Frollini cr\u00E8me cacao\",\"nme\":\"Cocoa Crema Frollini Biscuit\",\"attr\":\"\",\"sku\":\"34900\",\"l2\":\"Biscuit et craquelin\",\"sl\":\"biscuit-frollini-creme-cacao-divella-34900\",\"sn\":\"\",\"idxP\":31},{\"mq\":\"Reko\",\"nm\":\"Gaufrette Pizzelle au chocolat\",\"nme\":\"Chocolate Pizzelle Wafer Cookie\",\"attr\":\"\",\"sku\":\"37253\",\"l2\":\"Biscuit et craquelin\",\"sl\":\"gaufrette-pizzelle-au-chocolat-reko-37253\",\"sn\":\"\",\"idxP\":24},{\"mq\":\"Chips Ahoy\",\"nm\":\"Biscuits aux p\u00E9pites de chocolat\",\"nme\":\"Chocolate Chip Cookies\",\"attr\":\"\",\"sku\":\"21404\",\"l2\":\"Biscuit et craquelin\",\"sl\":\"biscuits-aux-pepites-de-chocolat-chips-ahoy-21404\",\"sn\":\"\",\"idxP\":44},{\"mq\":\"Campiello\",\"nm\":\"Biscuits Frollini au bl\u00E9 arielle\",\"nme\":\"Wheat Frollini Cookie\",\"attr\":\"\",\"sku\":\"34872\",\"l2\":\"Biscuit et craquelin\",\"sl\":\"biscuits-frollini-au-ble-arielle-campiello-34872\",\"sn\":\"\",\"idxP\":17},{\"mq\":\"Campiello\",\"nm\":\"Biscuit coeur\",\"nme\":\"Heart Cookie\",\"attr\":\"\",\"sku\":\"36186\",\"l2\":\"Biscuit et craquelin\",\"sl\":\"biscuit-coeur-campiello-36186\",\"sn\":\"\",\"idxP\":4},{\"mq\":\"Divella\",\"nm\":\"Biscuit Frollini au miel\",\"nme\":\"Honey Frollini Biscuit\",\"attr\":\"\",\"sku\":\"34901\",\"l2\":\"Biscuit et craquelin\",\"sl\":\"biscuit-frollini-au-miel-divella-34901\",\"sn\":\"\",\"idxP\":31},{\"mq\":\"Reko\",\"nm\":\"Gaufrette Pizzelle \u00E0 l'anis\",\"nme\":\"Anise Wafer Cookie\",\"attr\":\"\",\"sku\":\"37252\",\"l2\":\"Biscuit et craquelin\",\"sl\":\"gaufrette-pizzelle-a-lanis-reko-37252\",\"sn\":\"\",\"idxP\":24},{\"mq\":\"Balocco\",\"nm\":\"Gaufrette au cacao\",\"nme\":\"Cocoa Wafer Cookie\",\"attr\":\"\",\"sku\":\"32423\",\"l2\":\"Biscuit et craquelin\",\"sl\":\"gaufrette-au-cacao-balocco-32423\",\"sn\":\"\",\"idxP\":35},{\"mq\":\"Divella\",\"nm\":\"Biscuits Frollini aux p\u00E9pites de chocolat\",\"nme\":\"Chocolate Chips Frollini Biscuits\",\"attr\":\"\",\"sku\":\"34904\",\"l2\":\"Biscuit et craquelin\",\"sl\":\"biscuits-frollini-aux-pepites-de-chocolat-divella-34904\",\"sn\":\"croustille\",\"idxP\":31},{\"mq\":\"Papa Mesiti\",\"nm\":\"Biscuits stracetti\",\"nme\":\"Stracetti Cookies\",\"attr\":\"\",\"sku\":\"45410\",\"l2\":\"Biscuit et craquelin\",\"sl\":\"biscuits-stracetti-papa-mesiti-45410\",\"sn\":\"\",\"idxP\":17},{\"mq\":\"Vicenzi\",\"nm\":\"Biscuits Savoiardi\",\"nme\":\"Savoiardi Cookies\",\"attr\":\"\",\"sku\":\"38403\",\"l2\":\"Biscuit et craquelin\",\"sl\":\"biscuits-savoiardi-vicenzi-38403\",\"sn\":\"\",\"idxP\":56},{\"mq\":\"Balocco\",\"nm\":\"Biscuits Bastonci parfum citron\",\"nme\":\"Bastonci Lemon Scented Cookies\",\"attr\":\"\",\"sku\":\"46516\",\"l2\":\"Biscuit et craquelin\",\"sl\":\"biscuits-bastonci-parfum-citron-balocco-46516\",\"sn\":\"citrons\",\"idxP\":60},{\"mq\":\"Ducale\",\"nm\":\"Biscotti brisure de chocolat\",\"nme\":\"Chocolate Biscotti\",\"attr\":\"\",\"sku\":\"49848\",\"l2\":\"Biscuit et craquelin\",\"sl\":\"biscotti-brisure-de-chocolat-ducale-49848\",\"sn\":\"\",\"idxP\":21},{\"mq\":\"Papa Mesiti\",\"nm\":\"Biscuits stracetti bl\u00E9 entier\",\"nme\":\"Whole wheat stracetti cookies\",\"attr\":\"\",\"sku\":\"45409\",\"l2\":\"Biscuit et craquelin\",\"sl\":\"biscuits-stracetti-ble-entier-papa-mesiti-45409\",\"sn\":\"\",\"idxP\":18},{\"mq\":\"Balocco\",\"nm\":\"Biscuit Ciambelle\",\"nme\":\"Ciambelle Cookies\",\"attr\":\"\",\"sku\":\"46515\",\"l2\":\"Biscuit et craquelin\",\"sl\":\"biscuit-ciambelle-balocco-46515\",\"sn\":\"\",\"idxP\":64},{\"mq\":\"Dare\",\"nm\":\"Biscuits petit beurre\",\"nme\":\"Petit Beurre Cookies\",\"attr\":\"\",\"sku\":\"49566\",\"l2\":\"Biscuit et craquelin\",\"sl\":\"biscuits-petit-beurre-dare-49566\",\"sn\":\"\",\"idxP\":67},{\"mq\":\"Reko\",\"nm\":\"Gaufrettes Pizzelle \u00E0 la vanille\",\"nme\":\"Vanilla Italian Pizelle Wafer Cookies\",\"attr\":\"\",\"sku\":\"37255\",\"l2\":\"Biscuit et craquelin\",\"sl\":\"gaufrettes-pizzelle-a-la-vanille-reko-37255\",\"sn\":\"\",\"idxP\":53},{\"mq\":\"Papa Mesiti\",\"nm\":\"Biscuits ciambelle\",\"nme\":\"Ciambelle Cookies\",\"attr\":\"\",\"sku\":\"45408\",\"l2\":\"Biscuit et craquelin\",\"sl\":\"biscuits-ciambelle-papa-mesiti-45408\",\"sn\":\"\",\"idxP\":17},{\"mq\":\"Verona\",\"nm\":\"Biscuits S aux brisures de chocolat\",\"nme\":\"Chocolate Chip S Cookies\",\"attr\":\"\",\"sku\":\"44154\",\"l2\":\"Biscuit et craquelin\",\"sl\":\"biscuits-s-aux-brisures-de-chocolat-verona-44154\",\"sn\":\"\",\"idxP\":74},{\"mq\":\"Rio\",\"nm\":\"Cornet sucr\u00E9\",\"nme\":\"Ice Cream Sweet Cone\",\"attr\":\"\",\"sku\":\"38981\",\"l2\":\"Bar laitier\",\"sl\":\"cornet-sucre-rio-38981\",\"sn\":\"\",\"idxP\":49},{\"mq\":\"Reko\",\"nm\":\"Gaufrette Pizzelle \u00E0 l'\u00E9rable\",\"nme\":\"Maple Pizzelle Wafer Cookie\",\"attr\":\"\",\"sku\":\"37254\",\"l2\":\"Biscuit et craquelin\",\"sl\":\"gaufrette-pizzelle-a-lerable-reko-37254\",\"sn\":\"\",\"idxP\":27},{\"mq\":\"Balocco\",\"nm\":\"Biscuit cacao noisette\",\"nme\":\"Cocoa Hazelnut Cookie\",\"attr\":\"\",\"sku\":\"49600\",\"l2\":\"Biscuit et craquelin\",\"sl\":\"biscuit-cacao-noisette-balocco-49600\",\"sn\":\"\",\"idxP\":34},{\"mq\":\"Premium Plus\",\"nm\":\"Craquelins sal\u00E9s\",\"nme\":\"Salted Crackers\",\"attr\":\"\",\"sku\":\"34155\",\"l2\":\"Biscuit et craquelin\",\"sl\":\"craquelins-sales-premium-plus-34155\",\"sn\":\"\",\"idxP\":67},{\"mq\":\"Balocco\",\"nm\":\"Biscuit goutte cacao\",\"nme\":\"Cocoa Drop Cookie\",\"attr\":\"\",\"sku\":\"49601\",\"l2\":\"Biscuit et craquelin\",\"sl\":\"biscuit-goutte-cacao-balocco-49601\",\"sn\":\"\",\"idxP\":36},{\"mq\":\"Balocco\",\"nm\":\"Biscuits Pastefrolle\",\"nme\":\"Pastefrolle Cookies\",\"attr\":\"\",\"sku\":\"46517\",\"l2\":\"Biscuit et craquelin\",\"sl\":\"biscuits-pastefrolle-balocco-46517\",\"sn\":\"\",\"idxP\":43},{\"mq\":\"Agrofusion\",\"nm\":\"Orge perl\u00E9\",\"nme\":\"Pearled Barley\",\"attr\":\"\",\"sku\":\"08952\",\"l2\":\"Riz et grain\",\"sl\":\"orge-perle-agrofusion-08952\",\"sn\":\"\",\"idxP\":45},{\"mq\":\"Maille\",\"nm\":\"Vinaigre de vin blanc\",\"nme\":\"White Wine Vinegar\",\"attr\":\"\",\"sku\":\"19524\",\"l2\":\"Huile et vinaigre\",\"sl\":\"vinaigre-de-vin-blanc-maille-19524\",\"sn\":\"\",\"idxP\":37},{\"mq\":\"Cadbury\",\"nm\":\"Chocolat caramilk\",\"nme\":\"Cadbury Chocolate\",\"attr\":\"\",\"sku\":\"02987\",\"l2\":\"Confiserie\",\"sl\":\"chocolat-caramilk-cadbury-02987\",\"sn\":\"\",\"idxP\":36},{\"mq\":\"Maille\",\"nm\":\"Vinaigre de vin rouge\",\"nme\":\"Red Wine Vinegar\",\"attr\":\"\",\"sku\":\"19527\",\"l2\":\"Huile et vinaigre\",\"sl\":\"vinaigre-de-vin-rouge-maille-19527\",\"sn\":\"\",\"idxP\":43},{\"mq\":\"Agrofusion\",\"nm\":\"Quinoa rouge\",\"nme\":\"Red Quinoa\",\"attr\":\"Sans gluten\",\"sku\":\"30629\",\"l2\":\"Riz et grain\",\"sl\":\"quinoa-rouge-agrofusion-30629\",\"sn\":\"\",\"idxP\":19},{\"mq\":\"Agrofusion\",\"nm\":\"Quinoa blanc\",\"nme\":\"White Quinoa\",\"attr\":\"Sans gluten\",\"sku\":\"16891\",\"l2\":\"Riz et grain\",\"sl\":\"quinoa-blanc-agrofusion-16891\",\"sn\":\"\",\"idxP\":59},{\"mq\":\"Agrofusion\",\"nm\":\"Quinoa rouge et blanc\",\"nme\":\"Red and White Quinoa\",\"attr\":\"Sans gluten\",\"sku\":\"38992\",\"l2\":\"Riz et grain\",\"sl\":\"quinoa-rouge-et-blanc-agrofusion-38992\",\"sn\":\"\",\"idxP\":55},{\"mq\":\"Misura\",\"nm\":\"Biscuit sans sucre ajout\u00E9 \u00E0 l'avoine\",\"nme\":\"No Sugar Added Oat Cookie\",\"attr\":\"\",\"sku\":\"10900\",\"l2\":\"Biscuit et craquelin\",\"sl\":\"biscuit-sans-sucre-ajoute-a-lavoine-misura-10900\",\"sn\":\"\",\"idxP\":20},{\"mq\":\"Pastene\",\"nm\":\"Vinaigre de vin\",\"nme\":\"Wine Vinegar\",\"attr\":\"\",\"sku\":\"32606\",\"l2\":\"Huile et vinaigre\",\"sl\":\"vinaigre-de-vin-pastene-32606\",\"sn\":\"\",\"idxP\":66},{\"mq\":\"Pastene\",\"nm\":\"Filets de maquereaux dans l'huile d'olive\",\"nme\":\"Mackerel Fillets in Olive Oil\",\"attr\":\"\",\"sku\":\"19562\",\"l2\":\"Poisson et viande en conserve\",\"sl\":\"filets-de-maquereaux-dans-lhuile-dolive-pastene-19562\",\"sn\":\"\",\"idxP\":94},{\"mq\":\"Jif\",\"nm\":\"Beurre d'arachide cr\u00E9meux\",\"nme\":\"Creamy Peanut Butter\",\"attr\":\"\",\"sku\":\"23112\",\"l2\":\"Confiture et tartinade\",\"sl\":\"beurre-darachide-cremeux-jif-23112\",\"sn\":\"\",\"idxP\":93},{\"mq\":\"Midi\",\"nm\":\"G\u00E2teaux au tiramisu\",\"nme\":\"Tiramisu Biscuits\",\"attr\":\"\",\"sku\":\"49246\",\"l2\":\"Biscuit et craquelin\",\"sl\":\"gateaux-au-tiramisu-midi-49246\",\"sn\":\"\",\"idxP\":26},{\"mq\":\"Clif\",\"nm\":\"Barres croquantes au beurre d'arachide\",\"nme\":\"Crunchy Peanut Butter Bars\",\"attr\":\"\",\"sku\":\"13304\",\"l2\":\"C\u00E9r\u00E9ales et barre\",\"sl\":\"barres-croquantes-au-beurre-darachide-clif-13304\",\"sn\":\"\",\"idxP\":61},{\"mq\":\"Quaker\",\"nm\":\"Barre tendre brisure choco dip\",\"nme\":\"Chocolate Chips Chewy Bar\",\"attr\":\"\",\"sku\":\"35727\",\"l2\":\"C\u00E9r\u00E9ales et barre\",\"sl\":\"barre-tendre-brisure-choco-dip-quaker-35727\",\"sn\":\"croustille\",\"idxP\":62},{\"mq\":\"Balconi\",\"nm\":\"G\u00E2teau mix max\",\"nme\":\"Mix Max Cake\",\"attr\":\"\",\"sku\":\"49706\",\"l2\":\"Biscuit et craquelin\",\"sl\":\"gateau-mix-max-balconi-49706\",\"sn\":\"\",\"idxP\":41},{\"mq\":\"Clif\",\"nm\":\"Barres aux p\u00E9pites de chocolat\",\"nme\":\"Chocolate Chip Bar\",\"attr\":\"\",\"sku\":\"13301\",\"l2\":\"C\u00E9r\u00E9ales et barre\",\"sl\":\"barres-aux-pepites-de-chocolat-clif-13301\",\"sn\":\"\",\"idxP\":69},{\"mq\":\"Decacer\",\"nm\":\"Flocons d'\u00E9rable pur\",\"nme\":\"Pure Maple Flakes\",\"attr\":\"\",\"sku\":\"34109\",\"l2\":\"Sucre\",\"sl\":\"flocons-derable-pur-decacer-34109\",\"sn\":\"\",\"idxP\":59},{\"mq\":\"Ancestral\",\"nm\":\"Vinaigre de cidre\",\"nme\":\"Vinegar Cider\",\"attr\":\"\",\"sku\":\"11795\",\"l2\":\"Huile et vinaigre\",\"sl\":\"vinaigre-de-cidre-ancestral-11795\",\"sn\":\"\",\"idxP\":59},{\"mq\":\"Aurora\",\"nm\":\"M\u00E9lange bouillon au poulet\",\"nme\":\"Chicken Bouillon Mix\",\"attr\":\"\",\"sku\":\"07578\",\"l2\":\"Soupe et bouillon\",\"sl\":\"melange-bouillon-au-poulet-aurora-07578\",\"sn\":\"\",\"idxP\":60},{\"mq\":\"Midi\",\"nm\":\"G\u00E2teaux \u00E0 la noisette\",\"nme\":\"Hazelnut Cakes\",\"attr\":\"\",\"sku\":\"24816\",\"l2\":\"Biscuit et craquelin\",\"sl\":\"gateaux-a-la-noisette-midi-24816\",\"sn\":\"\",\"idxP\":33},{\"mq\":\"Maille\",\"nm\":\"Vinaigre de X\u00E9r\u00E8s\",\"nme\":\"Sherry Vinegar\",\"attr\":\"\",\"sku\":\"45603\",\"l2\":\"Huile et vinaigre\",\"sl\":\"vinaigre-de-xeres-maille-45603\",\"sn\":\"\",\"idxP\":29},{\"mq\":\"Midi\",\"nm\":\"G\u00E2teaux au chocolat\",\"nme\":\"Chocolate Cakes\",\"attr\":\"\",\"sku\":\"49247\",\"l2\":\"Biscuit et craquelin\",\"sl\":\"gateaux-au-chocolat-midi-49247\",\"sn\":\"\",\"idxP\":36},{\"mq\":\"Clif\",\"nm\":\"Barres chocolat blanc et noix de macadame\",\"nme\":\"White Chocolate Macadamia Nut Bars\",\"attr\":\"\",\"sku\":\"30907\",\"l2\":\"C\u00E9r\u00E9ales et barre\",\"sl\":\"barres-chocolat-blanc-et-noix-de-macadame-clif-30907\",\"sn\":\"\",\"idxP\":57},{\"mq\":\"Kikkoman\",\"nm\":\"Vinaigre de riz r\u00E9gulier\",\"nme\":\"Plain Rice Vinegar\",\"attr\":\"\",\"sku\":\"34997\",\"l2\":\"Huile et vinaigre\",\"sl\":\"vinaigre-de-riz-regulier-kikkoman-34997\",\"sn\":\"\",\"idxP\":84},{\"mq\":\"Bovril\",\"nm\":\"Concentr\u00E9 de bouillon de poulet\",\"nme\":\"Chicken Bouillon Concentrate\",\"attr\":\"\",\"sku\":\"25563\",\"l2\":\"Soupe et bouillon\",\"sl\":\"concentre-de-bouillon-de-poulet-bovril-25563\",\"sn\":\"\",\"idxP\":71},{\"mq\":\"Parador\",\"nm\":\"Concentr\u00E9 de bouillon de poulet\",\"nme\":\"Chicken Broth Concentrate\",\"attr\":\"Produit local\",\"sku\":\"31070\",\"l2\":\"Soupe et bouillon\",\"sl\":\"concentre-de-bouillon-de-poulet-parador-31070\",\"sn\":\"\",\"idxP\":79},{\"mq\":\"Loacker\",\"nm\":\"Gaufrette napolitaine\",\"nme\":\"Neapolitan Wafer Cookie\",\"attr\":\"\",\"sku\":\"49746\",\"l2\":\"Biscuit et craquelin\",\"sl\":\"gaufrette-napolitaine-loacker-49746\",\"sn\":\"\",\"idxP\":56},{\"mq\":\"Loacker\",\"nm\":\"Gaufrette vanille\",\"nme\":\"Vanilla Wafer Cookie\",\"attr\":\"\",\"sku\":\"49747\",\"l2\":\"Biscuit et craquelin\",\"sl\":\"gaufrette-vanille-loacker-49747\",\"sn\":\"\",\"idxP\":46},{\"mq\":\"Bovril\",\"nm\":\"Concentr\u00E9 de bouillon de b\u0153uf\",\"nme\":\"Beef Broth Concentrate\",\"attr\":\"\",\"sku\":\"18672\",\"l2\":\"Soupe et bouillon\",\"sl\":\"concentre-de-bouillon-de-buf-bovril-18672\",\"sn\":\"\",\"idxP\":58},{\"mq\":\"Knorr\",\"nm\":\"Bouillon cubes l\u00E9gumes\",\"nme\":\"Vegetable Broth Cubes\",\"attr\":\"\",\"sku\":\"12033\",\"l2\":\"Soupe et bouillon\",\"sl\":\"bouillon-cubes-legumes-knorr-12033\",\"sn\":\"\",\"idxP\":50},{\"mq\":\"Fedoro\",\"nm\":\"Drag\u00E9es blanches aux amandes\",\"nme\":\"White Sugared Almond\",\"attr\":\"\",\"sku\":\"13755\",\"l2\":\"Confiserie\",\"sl\":\"dragees-blanches-aux-amandes-fedoro-13755\",\"sn\":\"amandes\",\"idxP\":32},{\"mq\":\"Cibona\",\"nm\":\"Cornichons marin\u00E9s sucr\u00E9s\",\"nme\":\"Sweet Pickled Gherkins\",\"attr\":\"\",\"sku\":\"32838\",\"l2\":\"Marinade\",\"sl\":\"cornichons-marines-sucres-cibona-32838\",\"sn\":\"\",\"idxP\":85},{\"mq\":\"Aurora\",\"nm\":\"Cube bouillon b\u0153uf\",\"nme\":\"Beef Bouillon Cube\",\"attr\":\"\",\"sku\":\"48217\",\"l2\":\"Soupe et bouillon\",\"sl\":\"cube-bouillon-buf-aurora-48217\",\"sn\":\"\",\"idxP\":78},{\"mq\":\"Aurora\",\"nm\":\"Coulis de tomates\",\"nme\":\"Strained Crushed Tomatoes\",\"attr\":\"\",\"sku\":\"11021\",\"l2\":\"Tomate en conserve\",\"sl\":\"coulis-de-tomates-aurora-11021\",\"sn\":\"tomates\",\"idxP\":100},{\"mq\":\"Mutti\",\"nm\":\"Coulis de tomates\",\"nme\":\"Strained Tomatoes\",\"attr\":\"\",\"sku\":\"48046\",\"l2\":\"Tomate en conserve\",\"sl\":\"coulis-de-tomates-mutti-48046\",\"sn\":\"tomates\",\"idxP\":100},{\"mq\":\"Wolski\",\"nm\":\"Cornichons \u00E0 la polonaise\",\"nme\":\"Polish Dill Pickles\",\"attr\":\"\",\"sku\":\"18295\",\"l2\":\"Marinade\",\"sl\":\"cornichons-a-la-polonaise-wolski-18295\",\"sn\":\"\",\"idxP\":100},{\"mq\":\"Aurora\",\"nm\":\"M\u00E9lange bouillon l\u00E9gumes\",\"nme\":\"Vegetable Broth Mix\",\"attr\":\"\",\"sku\":\"48212\",\"l2\":\"Soupe et bouillon\",\"sl\":\"melange-bouillon-legumes-aurora-48212\",\"sn\":\"\",\"idxP\":81},{\"mq\":\"Aurora\",\"nm\":\"M\u00E9lange bouillon de poulet\",\"nme\":\"Chicken Bouillon Mix\",\"attr\":\"\",\"sku\":\"48216\",\"l2\":\"Soupe et bouillon\",\"sl\":\"melange-bouillon-de-poulet-aurora-48216\",\"sn\":\"\",\"idxP\":96},{\"mq\":\"Parador\",\"nm\":\"Concentr\u00E9 de bouillon de b\u0153uf\",\"nme\":\"Beef Broth Concentrate\",\"attr\":\"Produit local\",\"sku\":\"31069\",\"l2\":\"Soupe et bouillon\",\"sl\":\"concentre-de-bouillon-de-buf-parador-31069\",\"sn\":\"\",\"idxP\":63},{\"mq\":\"Econo\",\"nm\":\"M\u00E9lange \u00E0 soupe alphabets & l\u00E9gumes\",\"nme\":\"Alphabets & Vegetables Soup Mix\",\"attr\":\"\",\"sku\":\"21248\",\"l2\":\"Soupe et bouillon\",\"sl\":\"melange-a-soupe-alphabets-legumes-econo-21248\",\"sn\":\"\",\"idxP\":26},{\"mq\":\"Skittles\",\"nm\":\"Bonbon\",\"nme\":\"Candy\",\"attr\":\"\",\"sku\":\"23494\",\"l2\":\"Confiserie\",\"sl\":\"bonbon-skittles-23494\",\"sn\":\"\",\"idxP\":14},{\"mq\":\"Snickers\",\"nm\":\"Barre de chocolat Snickers\",\"nme\":\"Chocolate Bar Snickers x48\",\"attr\":\"\",\"sku\":\"03309\",\"l2\":\"Confiserie\",\"sl\":\"barre-de-chocolat-snickers-snickers-03309\",\"sn\":\"\",\"idxP\":10},{\"mq\":\"Kraft\",\"nm\":\"Sauce tartare\",\"nme\":\"Tartar Sauce\",\"attr\":\"\",\"sku\":\"47294\",\"l2\":\"Condiment\",\"sl\":\"sauce-tartare-kraft-47294\",\"sn\":\"\",\"idxP\":14},{\"mq\":\"Freddo\",\"nm\":\"Pastilles de chocolat au lait\",\"nme\":\"Milk Chocolate Chips\",\"attr\":\"\",\"sku\":\"04898\",\"l2\":\"Ingr\u00E9dient de p\u00E2tisserie\",\"sl\":\"pastilles-de-chocolat-au-lait-freddo-04898\",\"sn\":\"\",\"idxP\":100},{\"mq\":\"Kraft\",\"nm\":\"Vinaigrette au concombre cr\u00E9meuse\",\"nme\":\"Creamy Cucumber Salad Dressing\",\"attr\":\"\",\"sku\":\"47281\",\"l2\":\"Vinaigrette et Cro\u00FBton\",\"sl\":\"vinaigrette-au-concombre-cremeuse-kraft-47281\",\"sn\":\"concombres\",\"idxP\":16},{\"mq\":\"Kraft\",\"nm\":\"Vinaigrette Mille-\u00CEles\",\"nme\":\"Thousand Island Salad Dressing\",\"attr\":\"\",\"sku\":\"47274\",\"l2\":\"Vinaigrette et Cro\u00FBton\",\"sl\":\"vinaigrette-mille-iles-kraft-47274\",\"sn\":\"\",\"idxP\":18},{\"mq\":\"Kraft\",\"nm\":\"Vinaigrette campagne\",\"nme\":\"Rancher's Salad Dressing\",\"attr\":\"\",\"sku\":\"47284\",\"l2\":\"Vinaigrette et Cro\u00FBton\",\"sl\":\"vinaigrette-campagne-kraft-47284\",\"sn\":\"\",\"idxP\":18},{\"mq\":\"Kraft\",\"nm\":\"Mayonnaise en pot\",\"nme\":\"Mayonnaise in Jar\",\"attr\":\"\",\"sku\":\"47293\",\"l2\":\"Condiment\",\"sl\":\"mayonnaise-en-pot-kraft-47293\",\"sn\":\"mayonnaise\",\"idxP\":36},{\"mq\":\"Freddo\",\"nm\":\"Pastilles de chocolat noir\",\"nme\":\"Dark Chocolate Chips\",\"attr\":\"\",\"sku\":\"11085\",\"l2\":\"Ingr\u00E9dient de p\u00E2tisserie\",\"sl\":\"pastilles-de-chocolat-noir-freddo-11085\",\"sn\":\"croustille\",\"idxP\":100},{\"mq\":\"Heinz\",\"nm\":\"Relish en portions\",\"nme\":\"Relish Portion\",\"attr\":\"\",\"sku\":\"00402\",\"l2\":\"Condiment\",\"sl\":\"relish-en-portions-heinz-00402\",\"sn\":\"\",\"idxP\":13},{\"mq\":\"Heinz\",\"nm\":\"Ketchup en bouteille renvers\u00E9e\",\"nme\":\"Upside Down Ketchup Bottle\",\"attr\":\"\",\"sku\":\"06050\",\"l2\":\"Condiment\",\"sl\":\"ketchup-en-bouteille-renversee-heinz-06050\",\"sn\":\"\",\"idxP\":24},{\"mq\":\"Heinz\",\"nm\":\"Moutarde jaune en bouteille renvers\u00E9e\",\"nme\":\"Upside Down Bottle Yellow Mustard\",\"attr\":\"\",\"sku\":\"09273\",\"l2\":\"Condiment\",\"sl\":\"moutarde-jaune-en-bouteille-renversee-heinz-09273\",\"sn\":\"\",\"idxP\":83},{\"mq\":\"Kraft\",\"nm\":\"Beurre d'arachide cr\u00E9meux\",\"nme\":\"Smooth Peanut Butter\",\"attr\":\"\",\"sku\":\"11472\",\"l2\":\"Confiture et tartinade\",\"sl\":\"beurre-darachide-cremeux-kraft-11472\",\"sn\":\"\",\"idxP\":11},{\"mq\":\"Hellmann's\",\"nm\":\"Sauce sandwich chipotle \u00E9pic\u00E9\",\"nme\":\"Mayonnaise Spicy Chipotle\",\"attr\":\"\",\"sku\":\"13438\",\"l2\":\"Condiment\",\"sl\":\"sauce-sandwich-chipotle-epice-hellmanns-13438\",\"sn\":\"mayonnaise\",\"idxP\":49},{\"mq\":\"Hellmann's\",\"nm\":\"Mayonnaise l\u00E9g\u00E8re\",\"nme\":\"Light Mayonnaise\",\"attr\":\"\",\"sku\":\"00129\",\"l2\":\"Condiment\",\"sl\":\"mayonnaise-legere-hellmanns-00129\",\"sn\":\"mayonnaise\",\"idxP\":14},{\"mq\":\"Kraft\",\"nm\":\"Miel liquide portion\",\"nme\":\"Liquid Honey Portion\",\"attr\":\"\",\"sku\":\"17082\",\"l2\":\"Confiture et tartinade\",\"sl\":\"miel-liquide-portion-kraft-17082\",\"sn\":\"\",\"idxP\":26},{\"mq\":\"Heinz\",\"nm\":\"Soupe aux tomates\",\"nme\":\"Tomato Soup\",\"attr\":\"\",\"sku\":\"15694\",\"l2\":\"Soupe et bouillon\",\"sl\":\"soupe-aux-tomates-heinz-15694\",\"sn\":\"tomates\",\"idxP\":84},{\"mq\":\"Heinz\",\"nm\":\"Sauce \u00E0 pizza\",\"nme\":\"Pizza Sauce\",\"attr\":\"\",\"sku\":\"19434\",\"l2\":\"Sauce\",\"sl\":\"sauce-a-pizza-heinz-19434\",\"sn\":\"\",\"idxP\":56},{\"mq\":\"Heinz\",\"nm\":\"Relish en bouteille renvers\u00E9e\",\"nme\":\"Relish Upside Down\",\"attr\":\"\",\"sku\":\"16530\",\"l2\":\"Condiment\",\"sl\":\"relish-en-bouteille-renversee-heinz-16530\",\"sn\":\"\",\"idxP\":80},{\"mq\":\"Heinz\",\"nm\":\"Sauce Worcestershire\",\"nme\":\"Worcestershire Sauce\",\"attr\":\"\",\"sku\":\"37823\",\"l2\":\"Condiment\",\"sl\":\"sauce-worcestershire-heinz-37823\",\"sn\":\"\",\"idxP\":39},{\"mq\":\"Kraft\",\"nm\":\"Vinaigrette balsamique\",\"nme\":\"Balsamic Salad Dressing\",\"attr\":\"\",\"sku\":\"48950\",\"l2\":\"Vinaigrette et Cro\u00FBton\",\"sl\":\"vinaigrette-balsamique-kraft-48950\",\"sn\":\"\",\"idxP\":24},{\"mq\":\"Heinz\",\"nm\":\"Sauce au chili\",\"nme\":\"Chili Sauce\",\"attr\":\"\",\"sku\":\"00408\",\"l2\":\"Condiment\",\"sl\":\"sauce-au-chili-heinz-00408\",\"sn\":\"\",\"idxP\":100},{\"mq\":\"Kikkoman\",\"nm\":\"Sauce soya\",\"nme\":\"Soya Sauce\",\"attr\":\"\",\"sku\":\"09583\",\"l2\":\"Condiment\",\"sl\":\"sauce-soya-kikkoman-09583\",\"sn\":\"\",\"idxP\":79},{\"mq\":\"Kikkoman\",\"nm\":\"Sauce Teriyaki\",\"nme\":\"Teriyaki Sauce\",\"attr\":\"\",\"sku\":\"09597\",\"l2\":\"Condiment\",\"sl\":\"sauce-teriyaki-kikkoman-09597\",\"sn\":\"\",\"idxP\":64},{\"mq\":\"Heinz\",\"nm\":\"Sauce fruits de mer\",\"nme\":\"Seafood Sauce\",\"attr\":\"\",\"sku\":\"35532\",\"l2\":\"Condiment\",\"sl\":\"sauce-fruits-de-mer-heinz-35532\",\"sn\":\"\",\"idxP\":62},{\"mq\":\"Kraft\",\"nm\":\"Vinaigrette campagne en portions\",\"nme\":\"Rancher Salad Dressing Portions\",\"attr\":\"\",\"sku\":\"24883\",\"l2\":\"Vinaigrette et Cro\u00FBton\",\"sl\":\"vinaigrette-campagne-en-portions-kraft-24883\",\"sn\":\"\",\"idxP\":15},{\"mq\":\"Miracle Whip\",\"nm\":\"Sauce \u00E0 salade\",\"nme\":\"Salad Dressing\",\"attr\":\"\",\"sku\":\"47295\",\"l2\":\"Condiment\",\"sl\":\"sauce-a-salade-miracle-whip-47295\",\"sn\":\"\",\"idxP\":32},{\"mq\":\"Kikkoman\",\"nm\":\"Tempura \u00E0 la japonaise\",\"nme\":\"Tempura Frying Batter Mix\",\"attr\":\"\",\"sku\":\"09606\",\"l2\":\"Farine, semoule et chapelure\",\"sl\":\"tempura-a-la-japonaise-kikkoman-09606\",\"sn\":\"\",\"idxP\":28},{\"mq\":\"Kikkoman\",\"nm\":\"Sauce soya avec 37% de sodium en moins\",\"nme\":\"Soy Sauce 37% Less Sodium\",\"attr\":\"\",\"sku\":\"14180\",\"l2\":\"Condiment\",\"sl\":\"sauce-soya-avec-37-de-sodium-en-moins-kikkoman-14180\",\"sn\":\"\",\"idxP\":79},{\"mq\":\"Kikkoman\",\"nm\":\"Chapelure panko\",\"nme\":\"Panka Breadcrumb\",\"attr\":\"\",\"sku\":\"09599\",\"l2\":\"Farine, semoule et chapelure\",\"sl\":\"chapelure-panko-kikkoman-09599\",\"sn\":\"\",\"idxP\":50},{\"mq\":\"Aurora\",\"nm\":\"Huile de p\u00E9pins de raisin\",\"nme\":\"Pure Grapeseed Oil\",\"attr\":\"\",\"sku\":\"11912\",\"l2\":\"Huile et vinaigre\",\"sl\":\"huile-de-pepins-de-raisin-aurora-11912\",\"sn\":\"raisins\",\"idxP\":49},{\"mq\":\"Gallo\",\"nm\":\"Huile d'olive extra vierge\",\"nme\":\"Extra Virgin Olive Oil\",\"attr\":\"\",\"sku\":\"17676\",\"l2\":\"Huile et vinaigre\",\"sl\":\"huile-dolive-extra-vierge-gallo-17676\",\"sn\":\"\",\"idxP\":89},{\"mq\":\"Aurora\",\"nm\":\"Huile de p\u00E9pins de raisin\",\"nme\":\"Grapeseed Oil\",\"attr\":\"\",\"sku\":\"22556\",\"l2\":\"Huile et vinaigre\",\"sl\":\"huile-de-pepins-de-raisin-aurora-22556\",\"sn\":\"raisins\",\"idxP\":94},{\"mq\":\"French's\",\"nm\":\"Moutarde jaune bouteille \u00E0 presser\",\"nme\":\"Yellow Mustard Squeeze Bottle\",\"attr\":\"\",\"sku\":\"38804\",\"l2\":\"Condiment\",\"sl\":\"moutarde-jaune-bouteille-a-presser-frenchs-38804\",\"sn\":\"\",\"idxP\":49},{\"mq\":\"Levante\",\"nm\":\"Huile d'olive extra vierge\",\"nme\":\"Extra Virgin Olive Oil\",\"attr\":\"\",\"sku\":\"38955\",\"l2\":\"Huile et vinaigre\",\"sl\":\"huile-dolive-extra-vierge-levante-38955\",\"sn\":\"\",\"idxP\":65},{\"mq\":\"Aurora\",\"nm\":\"Huile d'olive extra vierge\",\"nme\":\"Extra Virgin Olive Oil\",\"attr\":\"\",\"sku\":\"48206\",\"l2\":\"Huile et vinaigre\",\"sl\":\"huile-dolive-extra-vierge-aurora-48206\",\"sn\":\"\",\"idxP\":100},{\"mq\":\"Kikkoman\",\"nm\":\"Sauce soya tamari\",\"nme\":\"Tamari Soya Sauce\",\"attr\":\"\",\"sku\":\"10302\",\"l2\":\"Condiment\",\"sl\":\"sauce-soya-tamari-kikkoman-10302\",\"sn\":\"\",\"idxP\":40},{\"mq\":\"La Milanaise\",\"nm\":\"Farine d'\u00E9peautre enti\u00E8re biologique\",\"nme\":\"Organic Whole Spelt Flour\",\"attr\":\"Biologique\",\"sku\":\"10801\",\"l2\":\"Farine, semoule et chapelure\",\"sl\":\"farine-depeautre-entiere-biologique-la-milanaise-10801\",\"sn\":\"biologique, bio, organic, organique\",\"idxP\":23},{\"mq\":\"Kikkoman\",\"nm\":\"Chapelure Panko non r\u00F4ti\",\"nme\":\"Panko not toasted Crumbs\",\"attr\":\"\",\"sku\":\"21643\",\"l2\":\"Farine, semoule et chapelure\",\"sl\":\"chapelure-panko-non-roti-kikkoman-21643\",\"sn\":\"\",\"idxP\":42},{\"mq\":\"Mazola\",\"nm\":\"Huile de ma\u00EFs\",\"nme\":\"Corn Oil\",\"attr\":\"\",\"sku\":\"25052\",\"l2\":\"Huile et vinaigre\",\"sl\":\"huile-de-mais-mazola-25052\",\"sn\":\"\",\"idxP\":72},{\"mq\":\"Delicia\",\"nm\":\"Coeurs de palmier entiers\",\"nme\":\"Hearts of Palm\",\"attr\":\"\",\"sku\":\"48284\",\"l2\":\"L\u00E9gume en conserve\",\"sl\":\"coeurs-de-palmier-entiers-delicia-48284\",\"sn\":\"\",\"idxP\":100},{\"mq\":\"Heinz\",\"nm\":\"Sauce aux tomates\",\"nme\":\"Tomato Sauce\",\"attr\":\"\",\"sku\":\"41883\",\"l2\":\"Tomate en conserve\",\"sl\":\"sauce-aux-tomates-heinz-41883\",\"sn\":\"tomates\",\"idxP\":52},{\"mq\":\"Kikkoman\",\"nm\":\"Sauce kotterin mirin\",\"nme\":\"Kotterin Mirin Sauce\",\"attr\":\"\",\"sku\":\"34740\",\"l2\":\"Condiment\",\"sl\":\"sauce-kotterin-mirin-kikkoman-34740\",\"sn\":\"\",\"idxP\":47},{\"mq\":\"Valli\",\"nm\":\"Farine de ma\u00EFs granul\u00E9e\",\"nme\":\"Granulated Corn Flour\",\"attr\":\"\",\"sku\":\"36916\",\"l2\":\"Farine, semoule et chapelure\",\"sl\":\"farine-de-mais-granulee-valli-36916\",\"sn\":\"\",\"idxP\":57},{\"mq\":\"Kikkoman\",\"nm\":\"Chapelure panko grill\u00E9e\",\"nme\":\"Panko toasted Bread Crumbs\",\"attr\":\"\",\"sku\":\"16792\",\"l2\":\"Farine, semoule et chapelure\",\"sl\":\"chapelure-panko-grillee-kikkoman-16792\",\"sn\":\"\",\"idxP\":39},{\"mq\":\"Aurora\",\"nm\":\"Polenta r\u00E9guli\u00E8re\",\"nme\":\"Regular Polenta\",\"attr\":\"\",\"sku\":\"32674\",\"l2\":\"Farine, semoule et chapelure\",\"sl\":\"polenta-reguliere-aurora-32674\",\"sn\":\"\",\"idxP\":41},{\"mq\":\"Valli\",\"nm\":\"Farine ma\u00EFs fine\",\"nme\":\"Fine Corn Flour\",\"attr\":\"\",\"sku\":\"36915\",\"l2\":\"Farine, semoule et chapelure\",\"sl\":\"farine-mais-fine-valli-36915\",\"sn\":\"\",\"idxP\":41},{\"mq\":\"Bakers Five Roses\",\"nm\":\"Farine de bl\u00E9 entier\",\"nme\":\"Whole Wheat\",\"attr\":\"Produit local\",\"sku\":\"12725\",\"l2\":\"Farine, semoule et chapelure\",\"sl\":\"farine-de-ble-entier-bakers-five-roses-12725\",\"sn\":\"\",\"idxP\":39},{\"mq\":\"Polselli\",\"nm\":\"Farine \u00E0 pizza de type 00\",\"nme\":\"Pizza Floor 00 Type\",\"attr\":\"\",\"sku\":\"33389\",\"l2\":\"Farine, semoule et chapelure\",\"sl\":\"farine-a-pizza-de-type-00-polselli-33389\",\"sn\":\"\",\"idxP\":100},{\"mq\":\"Maille\",\"nm\":\"Vinaigre balsamique de Mod\u00E8ne\",\"nme\":\"Balsamic Vinegar of Modena\",\"attr\":\"\",\"sku\":\"37964\",\"l2\":\"Huile et vinaigre\",\"sl\":\"vinaigre-balsamique-de-modene-maille-37964\",\"sn\":\"\",\"idxP\":29},{\"mq\":\"Maille\",\"nm\":\"Moutarde \u00E0 l'ancienne\",\"nme\":\"Old Style Mustard\",\"attr\":\"\",\"sku\":\"08964\",\"l2\":\"Condiment\",\"sl\":\"moutarde-a-lancienne-maille-08964\",\"sn\":\"\",\"idxP\":100},{\"mq\":\"Aurora\",\"nm\":\"Piments r\u00F4tis\",\"nme\":\"Roasted Peppers\",\"attr\":\"\",\"sku\":\"08876\",\"l2\":\"Marinade\",\"sl\":\"piments-rotis-aurora-08876\",\"sn\":\"piments\",\"idxP\":51},{\"mq\":\"Aurora\",\"nm\":\"P\u00E2te d'anchois\",\"nme\":\"Anchovy Paste\",\"attr\":\"\",\"sku\":\"11998\",\"l2\":\"Poisson et viande en conserve\",\"sl\":\"pate-danchois-aurora-11998\",\"sn\":\"\",\"idxP\":36},{\"mq\":\"Aurora\",\"nm\":\"C\u0153ur d'artichaut marin\u00E9\",\"nme\":\"Marinated Heart Artichoke\",\"attr\":\"\",\"sku\":\"06589\",\"l2\":\"Marinade\",\"sl\":\"cur-dartichaut-marine-aurora-06589\",\"sn\":\"\",\"idxP\":46},{\"mq\":\"Aurora\",\"nm\":\"Poivrons cerises piquants marin\u00E9s\",\"nme\":\"Hot Cherry Peppers Pickled\",\"attr\":\"\",\"sku\":\"08875\",\"l2\":\"Marinade\",\"sl\":\"poivrons-cerises-piquants-marines-aurora-08875\",\"sn\":\"\",\"idxP\":48}], [{\"mq\":\"Aurora\",\"nm\":\"Chou-fleur marin\u00E9 piquant dans l'huile\",\"nme\":\"Hot Oil Cauliflower\",\"attr\":\"\",\"sku\":\"09739\",\"l2\":\"Marinade\",\"sl\":\"chou-fleur-marine-piquant-dans-lhuile-aurora-09739\",\"sn\":\"\",\"idxP\":35},{\"mq\":\"Aurora\",\"nm\":\"Chapelure nature\",\"nme\":\"Plain Bread Crumbs\",\"attr\":\"\",\"sku\":\"23584\",\"l2\":\"Farine, semoule et chapelure\",\"sl\":\"chapelure-nature-aurora-23584\",\"sn\":\"\",\"idxP\":89},{\"mq\":\"Aurora\",\"nm\":\"Gnocchi\",\"nme\":\"Potato Gnocchi\",\"attr\":\"\",\"sku\":\"07976\",\"l2\":\"P\u00E2tes\",\"sl\":\"gnocchi-aurora-07976\",\"sn\":\"\",\"idxP\":83},{\"mq\":\"Aurora\",\"nm\":\"P\u00E2tes fettuccine aux oeufs\",\"nme\":\"Fettucine Egg Pasta\",\"attr\":\"\",\"sku\":\"16332\",\"l2\":\"P\u00E2tes\",\"sl\":\"pates-fettuccine-aux-oeufs-aurora-16332\",\"sn\":\"oeufs\",\"idxP\":85},{\"mq\":\"Aurora\",\"nm\":\"Piment fort tranch\u00E9\",\"nme\":\"Chili Pepper Sliced\",\"attr\":\"\",\"sku\":\"08874\",\"l2\":\"Marinade\",\"sl\":\"piment-fort-tranche-aurora-08874\",\"sn\":\"piments\",\"idxP\":46},{\"mq\":\"Aurora\",\"nm\":\"Piments forts en rondelles\",\"nme\":\"Hot Pepper Rings\",\"attr\":\"\",\"sku\":\"08873\",\"l2\":\"Marinade\",\"sl\":\"piments-forts-en-rondelles-aurora-08873\",\"sn\":\"piments\",\"idxP\":73},{\"mq\":\"Aurora\",\"nm\":\"Aubergine piquante dans l'huile\",\"nme\":\"Hot Pickled Eggplants\",\"attr\":\"\",\"sku\":\"16358\",\"l2\":\"Marinade\",\"sl\":\"aubergine-piquante-dans-lhuile-aurora-16358\",\"sn\":\"aubergines\",\"idxP\":64},{\"mq\":\"Aurora\",\"nm\":\"M\u00E9lange de l\u00E9gumes piquants dans l'huile\",\"nme\":\"Hot Mixed Vegetables in Oil\",\"attr\":\"\",\"sku\":\"08877\",\"l2\":\"Marinade\",\"sl\":\"melange-de-legumes-piquants-dans-lhuile-aurora-08877\",\"sn\":\"\",\"idxP\":58},{\"mq\":\"Aurora\",\"nm\":\"Taralli baresi piment fort\",\"nme\":\"Hot Pepper Baresi Taralli\",\"attr\":\"\",\"sku\":\"31055\",\"l2\":\"Biscuit et craquelin\",\"sl\":\"taralli-baresi-piment-fort-aurora-31055\",\"sn\":\"piments\",\"idxP\":74},{\"mq\":\"Maille\",\"nm\":\"Moutarde de Dijon originale\",\"nme\":\"Dijon Original Mustard\",\"attr\":\"\",\"sku\":\"36716\",\"l2\":\"Condiment\",\"sl\":\"moutarde-de-dijon-originale-maille-36716\",\"sn\":\"\",\"idxP\":100},{\"mq\":\"Aurora\",\"nm\":\"C\u00E2pres surfines\",\"nme\":\"Surfine Capers\",\"attr\":\"\",\"sku\":\"08880\",\"l2\":\"Marinade\",\"sl\":\"capres-surfines-aurora-08880\",\"sn\":\"\",\"idxP\":41},{\"mq\":\"Aurora\",\"nm\":\"Taralli basilic fenouil\",\"nme\":\"Basil Fennel Taralli\",\"attr\":\"\",\"sku\":\"31057\",\"l2\":\"Biscuit et craquelin\",\"sl\":\"taralli-basilic-fenouil-aurora-31057\",\"sn\":\"\",\"idxP\":92},{\"mq\":\"Aurora\",\"nm\":\"Filets de maquereau\",\"nme\":\"Mackerel Fillets\",\"attr\":\"\",\"sku\":\"36841\",\"l2\":\"Poisson et viande en conserve\",\"sl\":\"filets-de-maquereau-aurora-36841\",\"sn\":\"\",\"idxP\":84},{\"mq\":\"Belcolade\",\"nm\":\"Chocolat blanc 30% pistole\",\"nme\":\"White Pistol Chocolate 30%\",\"attr\":\"\",\"sku\":\"14199\",\"l2\":\"Ingr\u00E9dient de p\u00E2tisserie\",\"sl\":\"chocolat-blanc-30-pistole-belcolade-14199\",\"sn\":\"\",\"idxP\":63},{\"mq\":\"Belcolade\",\"nm\":\"Chocolat du Vietnam 73% pistole\",\"nme\":\"Vietnam Chocolate 73% Pistole\",\"attr\":\"\",\"sku\":\"34843\",\"l2\":\"Ingr\u00E9dient de p\u00E2tisserie\",\"sl\":\"chocolat-du-vietnam-73-pistole-belcolade-34843\",\"sn\":\"\",\"idxP\":21},{\"mq\":\"Belcolade\",\"nm\":\"Chocolat noir mi-amer 55,7%\",\"nme\":\"Bittersweet Black Chocolate 55.7%\",\"attr\":\"\",\"sku\":\"06433\",\"l2\":\"Ingr\u00E9dient de p\u00E2tisserie\",\"sl\":\"chocolat-noir-mi-amer-557-belcolade-06433\",\"sn\":\"\",\"idxP\":19},{\"mq\":\"Belcolade\",\"nm\":\"Chocolat du P\u00E9rou 64% pistole\",\"nme\":\"Peru Chocolate 64% Pistole\",\"attr\":\"\",\"sku\":\"16084\",\"l2\":\"Ingr\u00E9dient de p\u00E2tisserie\",\"sl\":\"chocolat-du-perou-64-pistole-belcolade-16084\",\"sn\":\"croustille\",\"idxP\":33},{\"mq\":\"Callebaut\",\"nm\":\"Chocolat de couverture fonc\u00E9e 811 53%\",\"nme\":\"Dark Chocolate Coating 53%\",\"attr\":\"\",\"sku\":\"09507\",\"l2\":\"Ingr\u00E9dient de p\u00E2tisserie\",\"sl\":\"chocolat-de-couverture-foncee-811-53-callebaut-09507\",\"sn\":\"\",\"idxP\":24},{\"mq\":\"Aurora\",\"nm\":\"Chapelure nature Panko\",\"nme\":\"Panko Plain Bread Crumbs\",\"attr\":\"\",\"sku\":\"33915\",\"l2\":\"Farine, semoule et chapelure\",\"sl\":\"chapelure-nature-panko-aurora-33915\",\"sn\":\"\",\"idxP\":61},{\"mq\":\"Aurora\",\"nm\":\"Tarallini au fenouil\",\"nme\":\"Fennel Tarallini\",\"attr\":\"\",\"sku\":\"49835\",\"l2\":\"Biscuit et craquelin\",\"sl\":\"tarallini-au-fenouil-aurora-49835\",\"sn\":\"\",\"idxP\":43},{\"mq\":\"Belcolade\",\"nm\":\"Chocolat au lait 35% pistole\",\"nme\":\"Milk Chocolate 35% Pistole\",\"attr\":\"\",\"sku\":\"06424\",\"l2\":\"Ingr\u00E9dient de p\u00E2tisserie\",\"sl\":\"chocolat-au-lait-35-pistole-belcolade-06424\",\"sn\":\"\",\"idxP\":43},{\"mq\":\"Belcolade\",\"nm\":\"Chocolat noir mi-amer 56% pistole\",\"nme\":\"Half-Bitter Dark Chocolate 56% Pistole\",\"attr\":\"\",\"sku\":\"14200\",\"l2\":\"Ingr\u00E9dient de p\u00E2tisserie\",\"sl\":\"chocolat-noir-mi-amer-56-pistole-belcolade-14200\",\"sn\":\"croustille\",\"idxP\":40},{\"mq\":\"Aurora\",\"nm\":\"Tarallini \u00E0 l'huile d'olive\",\"nme\":\"Olive Oil Tarallini\",\"attr\":\"\",\"sku\":\"49836\",\"l2\":\"Biscuit et craquelin\",\"sl\":\"tarallini-a-lhuile-dolive-aurora-49836\",\"sn\":\"\",\"idxP\":38},{\"mq\":\"Callebaut\",\"nm\":\"Chocolat au lait de couverture 823\",\"nme\":\"Milk Cover Chocolate 823\",\"attr\":\"\",\"sku\":\"09508\",\"l2\":\"Ingr\u00E9dient de p\u00E2tisserie\",\"sl\":\"chocolat-au-lait-de-couverture-823-callebaut-09508\",\"sn\":\"\",\"idxP\":38},{\"mq\":\"Aurora\",\"nm\":\"Taralli baresi nature\",\"nme\":\"Plain Baresi Taralli\",\"attr\":\"\",\"sku\":\"31056\",\"l2\":\"Biscuit et craquelin\",\"sl\":\"taralli-baresi-nature-aurora-31056\",\"sn\":\"\",\"idxP\":79},{\"mq\":\"Aurora\",\"nm\":\"Chapelure italienne\",\"nme\":\"Italian Breadcrumbs\",\"attr\":\"\",\"sku\":\"41630\",\"l2\":\"Farine, semoule et chapelure\",\"sl\":\"chapelure-italienne-aurora-41630\",\"sn\":\"\",\"idxP\":91},{\"mq\":\"Campbell\",\"nm\":\"Bouillon de poulet\",\"nme\":\"Chicken Broth\",\"attr\":\"\",\"sku\":\"21590\",\"l2\":\"Soupe et bouillon\",\"sl\":\"bouillon-de-poulet-campbell-21590\",\"sn\":\"\",\"idxP\":82},{\"mq\":\"Cheerios\",\"nm\":\"C\u00E9r\u00E9ales Cheerios multi-grain\",\"nme\":\"Multi-Grain Cheerio Cereals\",\"attr\":\"\",\"sku\":\"11819\",\"l2\":\"C\u00E9r\u00E9ales et barre\",\"sl\":\"cereales-cheerios-multi-grain-cheerios-11819\",\"sn\":\"\",\"idxP\":33},{\"mq\":\"Callebaut\",\"nm\":\"Mini perle de chocolat 3 couleurs\",\"nme\":\"3-Colour Chocolate Mini Pearls\",\"attr\":\"\",\"sku\":\"23140\",\"l2\":\"Ingr\u00E9dient de p\u00E2tisserie\",\"sl\":\"mini-perle-de-chocolat-3-couleurs-callebaut-23140\",\"sn\":\"\",\"idxP\":23},{\"mq\":\"Mona Lisa\",\"nm\":\"Perle de chocolat noir\",\"nme\":\"Dark Chocolate Pearl\",\"attr\":\"\",\"sku\":\"23146\",\"l2\":\"Ingr\u00E9dient de p\u00E2tisserie\",\"sl\":\"perle-de-chocolat-noir-mona-lisa-23146\",\"sn\":\"\",\"idxP\":15},{\"mq\":\"McLean\",\"nm\":\"Sauce caramel pour coupe glac\u00E9e\",\"nme\":\"Sundae Caramel Sauce Topping\",\"attr\":\"\",\"sku\":\"29887\",\"l2\":\"Bar laitier\",\"sl\":\"sauce-caramel-pour-coupe-glacee-mclean-29887\",\"sn\":\"\",\"idxP\":9},{\"mq\":\"Callebaut\",\"nm\":\"Chocolat lact\u00E9 \u00E0 fontaine\",\"nme\":\"Fountain Milky Chocolate\",\"attr\":\"\",\"sku\":\"29861\",\"l2\":\"Ingr\u00E9dient de p\u00E2tisserie\",\"sl\":\"chocolat-lacte-a-fontaine-callebaut-29861\",\"sn\":\"\",\"idxP\":34},{\"mq\":\"Belcolade\",\"nm\":\"Chocolat noir 60% pistole\",\"nme\":\"Dark Chocolate 60% Pistole\",\"attr\":\"\",\"sku\":\"37777\",\"l2\":\"Ingr\u00E9dient de p\u00E2tisserie\",\"sl\":\"chocolat-noir-60-pistole-belcolade-37777\",\"sn\":\"croustille\",\"idxP\":20},{\"mq\":\"Cheetos\",\"nm\":\"Grignotines au fromage\",\"nme\":\"Cheese Snacks\",\"attr\":\"\",\"sku\":\"09286\",\"l2\":\"Croustille et grignotine\",\"sl\":\"grignotines-au-fromage-cheetos-09286\",\"sn\":\"fromages\",\"idxP\":19},{\"mq\":\"McLean\",\"nm\":\"Garniture fudge chaud pour coupe glac\u00E9e\",\"nme\":\"Hot Chocolate Sundae Sauce\",\"attr\":\"\",\"sku\":\"29907\",\"l2\":\"Bar laitier\",\"sl\":\"garniture-fudge-chaud-pour-coupe-glacee-mclean-29907\",\"sn\":\"\",\"idxP\":9},{\"mq\":\"Chaperon Rouge\",\"nm\":\"Gel\u00E9e au cidre de glace\",\"nme\":\"Ice Cider Jelly\",\"attr\":\"\",\"sku\":\"33140\",\"l2\":\"Condiment\",\"sl\":\"gelee-au-cidre-de-glace-chaperon-rouge-33140\",\"sn\":\"\",\"idxP\":32},{\"mq\":\"Chaperon Rouge\",\"nm\":\"Confit d'oignon au whisky\",\"nme\":\"Candied Onion with Whisky\",\"attr\":\"\",\"sku\":\"33145\",\"l2\":\"Condiment\",\"sl\":\"confit-doignon-au-whisky-chaperon-rouge-33145\",\"sn\":\"onions, oignons\",\"idxP\":23},{\"mq\":\"Campbell\",\"nm\":\"Soupe condens\u00E9e poulet et nouilles\",\"nme\":\"Chicken Noodles Condensed Soup\",\"attr\":\"\",\"sku\":\"25138\",\"l2\":\"Soupe et bouillon\",\"sl\":\"soupe-condensee-poulet-et-nouilles-campbell-25138\",\"sn\":\"\",\"idxP\":56},{\"mq\":\"Chaperon Rouge\",\"nm\":\"Oignon caram\u00E9lis\u00E9\",\"nme\":\"Caramelized Onion\",\"attr\":\"\",\"sku\":\"33136\",\"l2\":\"Condiment\",\"sl\":\"oignon-caramelise-chaperon-rouge-33136\",\"sn\":\"onions, oignons\",\"idxP\":41},{\"mq\":\"Cheerios\",\"nm\":\"C\u00E9r\u00E9ales jumbo Cheerios\",\"nme\":\"Jumbo Cereals\",\"attr\":\"\",\"sku\":\"11954\",\"l2\":\"C\u00E9r\u00E9ales et barre\",\"sl\":\"cereales-jumbo-cheerios-cheerios-11954\",\"sn\":\"\",\"idxP\":44},{\"mq\":\"Chaperon Rouge\",\"nm\":\"Confit d'oignon au porto\",\"nme\":\"Candied Onion with Porto\",\"attr\":\"\",\"sku\":\"33135\",\"l2\":\"Condiment\",\"sl\":\"confit-doignon-au-porto-chaperon-rouge-33135\",\"sn\":\"onions, oignons\",\"idxP\":32},{\"mq\":\"Cheerios\",\"nm\":\"C\u00E9r\u00E9ales Cheerios\",\"nme\":\"Cheerios Cereals\",\"attr\":\"\",\"sku\":\"11817\",\"l2\":\"C\u00E9r\u00E9ales et barre\",\"sl\":\"cereales-cheerios-cheerios-11817\",\"sn\":\"\",\"idxP\":44},{\"mq\":\"Chaperon Rouge\",\"nm\":\"Gel\u00E9e de piment 125 ml\",\"nme\":\"Pepper Jelly\",\"attr\":\"\",\"sku\":\"33137\",\"l2\":\"Condiment\",\"sl\":\"gelee-de-piment-125-ml-chaperon-rouge-33137\",\"sn\":\"piments\",\"idxP\":38},{\"mq\":\"Chaperon Rouge\",\"nm\":\"Gel\u00E9e abricot jalapeno\",\"nme\":\"Apricot Jalapeno Jelly\",\"attr\":\"\",\"sku\":\"33141\",\"l2\":\"Condiment\",\"sl\":\"gelee-abricot-jalapeno-chaperon-rouge-33141\",\"sn\":\"\",\"idxP\":24},{\"mq\":\"Chaperon Rouge\",\"nm\":\"Gel\u00E9e de porto\",\"nme\":\"Port Wine Jelly\",\"attr\":\"\",\"sku\":\"33138\",\"l2\":\"Condiment\",\"sl\":\"gelee-de-porto-chaperon-rouge-33138\",\"sn\":\"\",\"idxP\":34},{\"mq\":\"Earth's choice\",\"nm\":\"Lait de coco biologique\",\"nme\":\"Organic Coconut Milk\",\"attr\":\"Biologique\",\"sku\":\"14365\",\"l2\":\"Ingr\u00E9dient de p\u00E2tisserie\",\"sl\":\"lait-de-coco-biologique-earths-choice-14365\",\"sn\":\"biologique, bio, organic, organique\",\"idxP\":85},{\"mq\":\"Agrofusion\",\"nm\":\"Poudre de cacao pure\",\"nme\":\"Pure Cocoa Powder\",\"attr\":\"\",\"sku\":\"32890\",\"l2\":\"Ingr\u00E9dient de p\u00E2tisserie\",\"sl\":\"poudre-de-cacao-pure-agrofusion-32890\",\"sn\":\"\",\"idxP\":39},{\"mq\":\"Bakemark\",\"nm\":\"P\u00E9pites au chocolat\",\"nme\":\"Chocolate Chips\",\"attr\":\"\",\"sku\":\"48960\",\"l2\":\"Ingr\u00E9dient de p\u00E2tisserie\",\"sl\":\"pepites-au-chocolat-bakemark-48960\",\"sn\":\"croustille\",\"idxP\":14},{\"mq\":\"Agrofusion\",\"nm\":\"P\u00E9pites de chocolat\",\"nme\":\"Chocolate Chips\",\"attr\":\"\",\"sku\":\"36326\",\"l2\":\"Ingr\u00E9dient de p\u00E2tisserie\",\"sl\":\"pepites-de-chocolat-agrofusion-36326\",\"sn\":\"croustille\",\"idxP\":53},{\"mq\":\"Golosini\",\"nm\":\"Olives vertes cerignola\",\"nme\":\"Cerignola Green Olives\",\"attr\":\"\",\"sku\":\"07728\",\"l2\":\"Marinade\",\"sl\":\"olives-vertes-cerignola-golosini-07728\",\"sn\":\"\",\"idxP\":41},{\"mq\":\"Kretschmer\",\"nm\":\"Germe de bl\u00E9\",\"nme\":\"Wheat Germ\",\"attr\":\"\",\"sku\":\"17669\",\"l2\":\"Riz et grain\",\"sl\":\"germe-de-ble-kretschmer-17669\",\"sn\":\"\",\"idxP\":24},{\"mq\":\"Agrofusion\",\"nm\":\"Orge perl\u00E9\",\"nme\":\"Pearled Barley\",\"attr\":\"\",\"sku\":\"15161\",\"l2\":\"Riz et grain\",\"sl\":\"orge-perle-agrofusion-15161\",\"sn\":\"\",\"idxP\":42},{\"mq\":\"Manitoba Harvest\",\"nm\":\"Graines de chanvre d\u00E9cortiqu\u00E9es\",\"nme\":\"Shelled Hemp Hearts\",\"attr\":\"\",\"sku\":\"38845\",\"l2\":\"Riz et grain\",\"sl\":\"graines-de-chanvre-decortiquees-manitoba-harvest-38845\",\"sn\":\"\",\"idxP\":31},{\"mq\":\"Agrofusion\",\"nm\":\"Riz m\u00E9lang\u00E9 \u00E9tuv\u00E9 sauvage\",\"nme\":\"Mixed Parboiled Wild Rice\",\"attr\":\"\",\"sku\":\"03359\",\"l2\":\"Riz et grain\",\"sl\":\"riz-melange-etuve-sauvage-agrofusion-03359\",\"sn\":\"\",\"idxP\":26},{\"mq\":\"Agrofusion\",\"nm\":\"Haricots rognons blancs\",\"nme\":\"White Kidney Beans\",\"attr\":\"\",\"sku\":\"11564\",\"l2\":\"Riz et grain\",\"sl\":\"haricots-rognons-blancs-agrofusion-11564\",\"sn\":\"\",\"idxP\":65},{\"mq\":\"Agrofusion\",\"nm\":\"Riz grain long sauvage assaisonn\u00E9\",\"nme\":\"Seasoned Long Grain Wild Rice\",\"attr\":\"\",\"sku\":\"38993\",\"l2\":\"Riz et grain\",\"sl\":\"riz-grain-long-sauvage-assaisonne-agrofusion-38993\",\"sn\":\"\",\"idxP\":22},{\"mq\":\"Agrofusion\",\"nm\":\"Son de bl\u00E9\",\"nme\":\"Bran Wheat\",\"attr\":\"\",\"sku\":\"05773\",\"l2\":\"Riz et grain\",\"sl\":\"son-de-ble-agrofusion-05773\",\"sn\":\"\",\"idxP\":36},{\"mq\":\"Agrofusion\",\"nm\":\"Ma\u00EFs granul\u00E9 #120\",\"nme\":\"Corn Grits #120\",\"attr\":\"\",\"sku\":\"49135\",\"l2\":\"Riz et grain\",\"sl\":\"mais-granule-120-agrofusion-49135\",\"sn\":\"\",\"idxP\":57},{\"mq\":\"Agrofusion\",\"nm\":\"Haricots noirs\",\"nme\":\"Black Beans\",\"attr\":\"\",\"sku\":\"34471\",\"l2\":\"Riz et grain\",\"sl\":\"haricots-noirs-agrofusion-34471\",\"sn\":\"\",\"idxP\":86},{\"mq\":\"Agrofusion\",\"nm\":\"Haricots oeil noir\",\"nme\":\"Black Eyes Bean\",\"attr\":\"\",\"sku\":\"08730\",\"l2\":\"Riz et grain\",\"sl\":\"haricots-oeil-noir-agrofusion-08730\",\"sn\":\"\",\"idxP\":13},{\"mq\":\"Agrofusion\",\"nm\":\"Haricots noirs\",\"nme\":\"Black Beans\",\"attr\":\"\",\"sku\":\"21844\",\"l2\":\"Riz et grain\",\"sl\":\"haricots-noirs-agrofusion-21844\",\"sn\":\"\",\"idxP\":62},{\"mq\":\"Agrofusion\",\"nm\":\"Riz sauvage\",\"nme\":\"Wild Rice\",\"attr\":\"\",\"sku\":\"15103\",\"l2\":\"Riz et grain\",\"sl\":\"riz-sauvage-agrofusion-15103\",\"sn\":\"\",\"idxP\":32},{\"mq\":\"Agrofusion\",\"nm\":\"Lentilles rouges\",\"nme\":\"Split Red Lentils\",\"attr\":\"\",\"sku\":\"15164\",\"l2\":\"Riz et grain\",\"sl\":\"lentilles-rouges-agrofusion-15164\",\"sn\":\"\",\"idxP\":56},{\"mq\":\"Agrofusion\",\"nm\":\"Ma\u00EFs granul\u00E9 #16\",\"nme\":\"Corn Grits #16\",\"attr\":\"\",\"sku\":\"49133\",\"l2\":\"Riz et grain\",\"sl\":\"mais-granule-16-agrofusion-49133\",\"sn\":\"\",\"idxP\":62},{\"mq\":\"Agrofusion\",\"nm\":\"Lentilles rouges\",\"nme\":\"Split Red Lentils\",\"attr\":\"\",\"sku\":\"15163\",\"l2\":\"Riz et grain\",\"sl\":\"lentilles-rouges-agrofusion-15163\",\"sn\":\"\",\"idxP\":29},{\"mq\":\"Agrofusion\",\"nm\":\"Haricot rose\",\"nme\":\"Pink Beans\",\"attr\":\"\",\"sku\":\"14629\",\"l2\":\"Riz et grain\",\"sl\":\"haricot-rose-agrofusion-14629\",\"sn\":\"\",\"idxP\":33},{\"mq\":\"Agrofusion\",\"nm\":\"Lentilles vertes\",\"nme\":\"Laird Green Lentils\",\"attr\":\"\",\"sku\":\"15165\",\"l2\":\"Riz et grain\",\"sl\":\"lentilles-vertes-agrofusion-15165\",\"sn\":\"\",\"idxP\":57},{\"mq\":\"Agrofusion\",\"nm\":\"Haricots romano\",\"nme\":\"Romano Beans\",\"attr\":\"\",\"sku\":\"24485\",\"l2\":\"Riz et grain\",\"sl\":\"haricots-romano-agrofusion-24485\",\"sn\":\"\",\"idxP\":34},{\"mq\":\"Dillon\",\"nm\":\"Sucre de canne liquide roux 70 cl\",\"nme\":\"Liquid Brown Cane Sugar 70 cl\",\"attr\":\"\",\"sku\":\"23552\",\"l2\":\"Confiture et tartinade\",\"sl\":\"sucre-de-canne-liquide-roux-70-cl-dillon-23552\",\"sn\":\"\",\"idxP\":52},{\"mq\":\"Crown Brand\",\"nm\":\"Sirop de ma\u00EFs\",\"nme\":\"Corn Syrup\",\"attr\":\"\",\"sku\":\"38596\",\"l2\":\"Confiture et tartinade\",\"sl\":\"sirop-de-mais-crown-brand-38596\",\"sn\":\"\",\"idxP\":92},{\"mq\":\"McLean\",\"nm\":\"Sauce chocolat pour coupe glac\u00E9e\",\"nme\":\"Chocolate Sundae Topping\",\"attr\":\"\",\"sku\":\"29893\",\"l2\":\"Bar laitier\",\"sl\":\"sauce-chocolat-pour-coupe-glacee-mclean-29893\",\"sn\":\"\",\"idxP\":8},{\"mq\":\"McLean\",\"nm\":\"Enrobage chocolat classique pour cornet\",\"nme\":\"Cone Classic Chocolate Dip\",\"attr\":\"\",\"sku\":\"29882\",\"l2\":\"Bar laitier\",\"sl\":\"enrobage-chocolat-classique-pour-cornet-mclean-29882\",\"sn\":\"\",\"idxP\":0},{\"mq\":\"Smuckers\",\"nm\":\"Sirop de table en portions\",\"nme\":\"Maple Syrup Portions\",\"attr\":\"\",\"sku\":\"37049\",\"l2\":\"Confiture et tartinade\",\"sl\":\"sirop-de-table-en-portions-smuckers-37049\",\"sn\":\"\",\"idxP\":16},{\"mq\":\"McLean\",\"nm\":\"Sirop lime pour barbotine\",\"nme\":\"Lime Slush Syrup\",\"attr\":\"\",\"sku\":\"36020\",\"l2\":\"Bar laitier\",\"sl\":\"sirop-lime-pour-barbotine-mclean-36020\",\"sn\":\"slush\",\"idxP\":18},{\"mq\":\"Granoro\",\"nm\":\"P\u00E2tes cavatelli #87\",\"nme\":\"Cavatelli Pasta #87\",\"attr\":\"\",\"sku\":\"06178\",\"l2\":\"P\u00E2tes\",\"sl\":\"pates-cavatelli-87-granoro-06178\",\"sn\":\"\",\"idxP\":52},{\"mq\":\"Gigi\",\"nm\":\"Olives vertes douces cerignola\",\"nme\":\"Cerignola Sweet Green Olives\",\"attr\":\"\",\"sku\":\"36482\",\"l2\":\"Marinade\",\"sl\":\"olives-vertes-douces-cerignola-gigi-36482\",\"sn\":\"\",\"idxP\":40},{\"mq\":\"Granoro\",\"nm\":\"P\u00E2tes strascina #92\",\"nme\":\"Strascina Pasta #92\",\"attr\":\"\",\"sku\":\"06180\",\"l2\":\"P\u00E2tes\",\"sl\":\"pates-strascina-92-granoro-06180\",\"sn\":\"\",\"idxP\":72},{\"mq\":\"Divella\",\"nm\":\"P\u00E2tes penne candela #28\",\"nme\":\"Penne Candela Pasta #28\",\"attr\":\"\",\"sku\":\"08442\",\"l2\":\"P\u00E2tes\",\"sl\":\"pates-penne-candela-28-divella-08442\",\"sn\":\"\",\"idxP\":75},{\"mq\":\"Le veneziane\",\"nm\":\"P\u00E2tes fettucce #28\",\"nme\":\"Fettucce Pasta #28\",\"attr\":\"Sans gluten\",\"sku\":\"46288\",\"l2\":\"P\u00E2tes\",\"sl\":\"pates-fettucce-28-le-veneziane-46288\",\"sn\":\"\",\"idxP\":38},{\"mq\":\"Le veneziane\",\"nm\":\"P\u00E2tes spaghetti au ma\u00EFs\",\"nme\":\"Corn Spaghetti Pasta\",\"attr\":\"Sans gluten\",\"sku\":\"47677\",\"l2\":\"P\u00E2tes\",\"sl\":\"pates-spaghetti-au-mais-le-veneziane-47677\",\"sn\":\"\",\"idxP\":66},{\"mq\":\"Gigi\",\"nm\":\"Olives m\u00E9lang\u00E9es\",\"nme\":\"Mixed Olives\",\"attr\":\"\",\"sku\":\"36483\",\"l2\":\"Marinade\",\"sl\":\"olives-melangees-gigi-36483\",\"sn\":\"\",\"idxP\":40},{\"mq\":\"Grisspasta\",\"nm\":\"P\u00E2tes spaghetti\",\"nme\":\"Spaghetti Pasta\",\"attr\":\"Produit local\",\"sku\":\"20934\",\"l2\":\"P\u00E2tes\",\"sl\":\"pates-spaghetti-grisspasta-20934\",\"sn\":\"\",\"idxP\":66},{\"mq\":\"Granoro\",\"nm\":\"P\u00E2tes trivella #45\",\"nme\":\"Trivella Pasta #45\",\"attr\":\"\",\"sku\":\"06173\",\"l2\":\"P\u00E2tes\",\"sl\":\"pates-trivella-45-granoro-06173\",\"sn\":\"\",\"idxP\":50},{\"mq\":\"Waiwai\",\"nm\":\"P\u00E2tes vermicelles riz fin\",\"nme\":\"Vermicelli Thin Rice Pasta\",\"attr\":\"\",\"sku\":\"06803\",\"l2\":\"P\u00E2tes\",\"sl\":\"pates-vermicelles-riz-fin-waiwai-06803\",\"sn\":\"\",\"idxP\":78},{\"mq\":\"Gigi\",\"nm\":\"M\u00E9lange de champignons\",\"nme\":\"Mixed Mushrooms\",\"attr\":\"\",\"sku\":\"36479\",\"l2\":\"Marinade\",\"sl\":\"melange-de-champignons-gigi-36479\",\"sn\":\"\",\"idxP\":34},{\"mq\":\"Grisspasta\",\"nm\":\"Nouille pour soupe\",\"nme\":\"Pasta Noodle Soup\",\"attr\":\"Produit local\",\"sku\":\"06286\",\"l2\":\"P\u00E2tes\",\"sl\":\"nouille-pour-soupe-grisspasta-06286\",\"sn\":\"\",\"idxP\":33},{\"mq\":\"Grisspasta\",\"nm\":\"P\u00E2tes boucles taille moyen\",\"nme\":\"Pasta Loops Medium Size 5 lb\",\"attr\":\"Produit local\",\"sku\":\"39624\",\"l2\":\"P\u00E2tes\",\"sl\":\"pates-boucles-taille-moyen-grisspasta-39624\",\"sn\":\"\",\"idxP\":52},{\"mq\":\"De Cecco\",\"nm\":\"P\u00E2tes linguine #7\",\"nme\":\"Linguine Pasta #7\",\"attr\":\"\",\"sku\":\"46129\",\"l2\":\"P\u00E2tes\",\"sl\":\"pates-linguine-7-de-cecco-46129\",\"sn\":\"\",\"idxP\":50},{\"mq\":\"Granoro\",\"nm\":\"P\u00E2tes pantace #125\",\"nme\":\"Pantace Pasta #125\",\"attr\":\"\",\"sku\":\"06175\",\"l2\":\"P\u00E2tes\",\"sl\":\"pates-pantace-125-granoro-06175\",\"sn\":\"\",\"idxP\":56},{\"mq\":\"Grisspasta\",\"nm\":\"P\u00E2tes fusilli\",\"nme\":\"Fusilli Pasta\",\"attr\":\"\",\"sku\":\"20929\",\"l2\":\"P\u00E2tes\",\"sl\":\"pates-fusilli-grisspasta-20929\",\"sn\":\"\",\"idxP\":94},{\"mq\":\"Divella\",\"nm\":\"P\u00E2tes penne zitoni #30\",\"nme\":\"Penne Zitoni Pasta #30\",\"attr\":\"\",\"sku\":\"20972\",\"l2\":\"P\u00E2tes\",\"sl\":\"pates-penne-zitoni-30-divella-20972\",\"sn\":\"\",\"idxP\":66},{\"mq\":\"Grisspasta\",\"nm\":\"P\u00E2tes spaghetti 20\\\"\",\"nme\":\"Spaghetti 20\\\" Pasta\",\"attr\":\"\",\"sku\":\"44424\",\"l2\":\"P\u00E2tes\",\"sl\":\"pates-spaghetti-20-grisspasta-44424\",\"sn\":\"\",\"idxP\":28},{\"mq\":\"Grisspasta\",\"nm\":\"P\u00E2tes orzo\",\"nme\":\"Orzo Pasta\",\"attr\":\"Produit local\",\"sku\":\"46015\",\"l2\":\"P\u00E2tes\",\"sl\":\"pates-orzo-grisspasta-46015\",\"sn\":\"\",\"idxP\":59},{\"mq\":\"Granoro\",\"nm\":\"P\u00E2tes tripolines #6\",\"nme\":\"Tripoline Pasta #6\",\"attr\":\"\",\"sku\":\"06171\",\"l2\":\"P\u00E2tes\",\"sl\":\"pates-tripolines-6-granoro-06171\",\"sn\":\"\",\"idxP\":64},{\"mq\":\"Barilla\",\"nm\":\"P\u00E2tes lasagnes ondul\u00E9es\",\"nme\":\"Waved Lasagne Pasta\",\"attr\":\"\",\"sku\":\"10143\",\"l2\":\"P\u00E2tes\",\"sl\":\"pates-lasagnes-ondulees-barilla-10143\",\"sn\":\"\",\"idxP\":100},{\"mq\":\"Grisspasta\",\"nm\":\"P\u00E2tes fusilli aux l\u00E9gumes\",\"nme\":\"Vegetable Fusili Pasta\",\"attr\":\"Produit local\",\"sku\":\"21976\",\"l2\":\"P\u00E2tes\",\"sl\":\"pates-fusilli-aux-legumes-grisspasta-21976\",\"sn\":\"\",\"idxP\":95},{\"mq\":\"Divella\",\"nm\":\"P\u00E2tes margheritine #60\",\"nme\":\"Margheritine Pasta #60\",\"attr\":\"\",\"sku\":\"38734\",\"l2\":\"P\u00E2tes\",\"sl\":\"pates-margheritine-60-divella-38734\",\"sn\":\"\",\"idxP\":86},{\"mq\":\"Bakemark\",\"nm\":\"Sucre \u00E0 confiserie en grains\",\"nme\":\"Bakery Sugar Grains\",\"attr\":\"\",\"sku\":\"09312\",\"l2\":\"Sucre\",\"sl\":\"sucre-a-confiserie-en-grains-bakemark-09312\",\"sn\":\"\",\"idxP\":12},{\"mq\":\"Divella\",\"nm\":\"P\u00E2tes pennoni rigate #29\",\"nme\":\"Pennoni Rigate Pasta #29\",\"attr\":\"\",\"sku\":\"38728\",\"l2\":\"P\u00E2tes\",\"sl\":\"pates-pennoni-rigate-29-divella-38728\",\"sn\":\"\",\"idxP\":79},{\"mq\":\"Divella\",\"nm\":\"P\u00E2tes stelline #74\",\"nme\":\"Stelline #74 Pasta\",\"attr\":\"\",\"sku\":\"38739\",\"l2\":\"P\u00E2tes\",\"sl\":\"pates-stelline-74-divella-38739\",\"sn\":\"\",\"idxP\":85},{\"mq\":\"Divella\",\"nm\":\"P\u00E2tes filini #79\",\"nme\":\"Filini Pasta #79\",\"attr\":\"\",\"sku\":\"43429\",\"l2\":\"P\u00E2tes\",\"sl\":\"pates-filini-79-divella-43429\",\"sn\":\"\",\"idxP\":93},{\"mq\":\"Le veneziane\",\"nm\":\"P\u00E2tes rigatoni au ma\u00EFs\",\"nme\":\"Corn Rigatoni Pasta\",\"attr\":\"Sans gluten\",\"sku\":\"10329\",\"l2\":\"P\u00E2tes\",\"sl\":\"pates-rigatoni-au-mais-le-veneziane-10329\",\"sn\":\"\",\"idxP\":36},{\"mq\":\"De Cecco\",\"nm\":\"P\u00E2tes spaghettini #11\",\"nme\":\"Spaghettini Pasta #11\",\"attr\":\"\",\"sku\":\"46131\",\"l2\":\"P\u00E2tes\",\"sl\":\"pates-spaghettini-11-de-cecco-46131\",\"sn\":\"\",\"idxP\":48},{\"mq\":\"De Cecco\",\"nm\":\"P\u00E2tes fettucelle #6\",\"nme\":\"Fettucelle Pasta #6\",\"attr\":\"\",\"sku\":\"46915\",\"l2\":\"P\u00E2tes\",\"sl\":\"pates-fettucelle-6-de-cecco-46915\",\"sn\":\"\",\"idxP\":57},{\"mq\":\"Le veneziane\",\"nm\":\"P\u00E2tes eliche #134\",\"nme\":\"Eliche Pasta #134\",\"attr\":\"Sans gluten\",\"sku\":\"46287\",\"l2\":\"P\u00E2tes\",\"sl\":\"pates-eliche-134-le-veneziane-46287\",\"sn\":\"\",\"idxP\":48},{\"mq\":\"De Cecco\",\"nm\":\"P\u00E2tes Pappardelle no. 201\",\"nme\":\"Pappardelle Pasta no. 201\",\"attr\":\"\",\"sku\":\"38866\",\"l2\":\"P\u00E2tes\",\"sl\":\"pates-pappardelle-no.-201-de-cecco-38866\",\"sn\":\"\",\"idxP\":93},{\"mq\":\"De Cecco\",\"nm\":\"P\u00E2tes fettucini aux oeufs no. 103\",\"nme\":\"Fettucini Egg Pasta no. 103\",\"attr\":\"\",\"sku\":\"38869\",\"l2\":\"P\u00E2tes\",\"sl\":\"pates-fettucini-aux-oeufs-no.-103-de-cecco-38869\",\"sn\":\"oeufs\",\"idxP\":25},{\"mq\":\"Granoro\",\"nm\":\"P\u00E2tes zitoni 189\",\"nme\":\"Zitoni Pasta #189\",\"attr\":\"\",\"sku\":\"06177\",\"l2\":\"P\u00E2tes\",\"sl\":\"pates-zitoni-189-granoro-06177\",\"sn\":\"\",\"idxP\":81},{\"mq\":\"Le veneziane\",\"nm\":\"P\u00E2tes penne rigate #122\",\"nme\":\"Penne Rigate Pasta #122\",\"attr\":\"Sans gluten\",\"sku\":\"46286\",\"l2\":\"P\u00E2tes\",\"sl\":\"pates-penne-rigate-122-le-veneziane-46286\",\"sn\":\"\",\"idxP\":32},{\"mq\":\"Divella\",\"nm\":\"P\u00E2tes bucatini #6\",\"nme\":\"Bucatini Pasta #6\",\"attr\":\"\",\"sku\":\"38720\",\"l2\":\"P\u00E2tes\",\"sl\":\"pates-bucatini-6-divella-38720\",\"sn\":\"\",\"idxP\":87},{\"mq\":\"Gigi\",\"nm\":\"Olive \u00E9cras\u00E9e calabrese\",\"nme\":\"Crushed Calabrese Olive\",\"attr\":\"\",\"sku\":\"39184\",\"l2\":\"Marinade\",\"sl\":\"olive-ecrasee-calabrese-gigi-39184\",\"sn\":\"\",\"idxP\":26},{\"mq\":\"Grisspasta\",\"nm\":\"P\u00E2te penne rigate\",\"nme\":\"Penne Rigate Pasta\",\"attr\":\"Produit local\",\"sku\":\"11690\",\"l2\":\"P\u00E2tes\",\"sl\":\"pate-penne-rigate-grisspasta-11690\",\"sn\":\"\",\"idxP\":92},{\"mq\":\"De Cecco\",\"nm\":\"P\u00E2tes spaghetti #12\",\"nme\":\"Spaghetti Pasta #12\",\"attr\":\"\",\"sku\":\"46132\",\"l2\":\"P\u00E2tes\",\"sl\":\"pates-spaghetti-12-de-cecco-46132\",\"sn\":\"\",\"idxP\":68},{\"mq\":\"Grisspasta\",\"nm\":\"P\u00E2tes spaghettini 5 lb\",\"nme\":\"Spaghettini Pasta\",\"attr\":\"Produit local\",\"sku\":\"12567\",\"l2\":\"P\u00E2tes\",\"sl\":\"pates-spaghettini-5-lb-grisspasta-12567\",\"sn\":\"\",\"idxP\":70},{\"mq\":\"De Cecco\",\"nm\":\"P\u00E2tes tagliatelle no. 203\",\"nme\":\"Tagliatelle Pasta no. 203\",\"attr\":\"\",\"sku\":\"38865\",\"l2\":\"P\u00E2tes\",\"sl\":\"pates-tagliatelle-no.-203-de-cecco-38865\",\"sn\":\"\",\"idxP\":83},{\"mq\":\"Divella\",\"nm\":\"P\u00E2tes regine #36\",\"nme\":\"Regine Pasta #36\",\"attr\":\"\",\"sku\":\"38731\",\"l2\":\"P\u00E2tes\",\"sl\":\"pates-regine-36-divella-38731\",\"sn\":\"\",\"idxP\":57},{\"mq\":\"Bakemark\",\"nm\":\"Fondant rouler blanc\",\"nme\":\"White Rolled Fondant\",\"attr\":\"\",\"sku\":\"17077\",\"l2\":\"Ingr\u00E9dient de p\u00E2tisserie\",\"sl\":\"fondant-rouler-blanc-bakemark-17077\",\"sn\":\"\",\"idxP\":27},{\"mq\":\"Divella\",\"nm\":\"P\u00E2tes ditali #61\",\"nme\":\"Ditali Pasta #61\",\"attr\":\"\",\"sku\":\"38735\",\"l2\":\"P\u00E2tes\",\"sl\":\"pates-ditali-61-divella-38735\",\"sn\":\"\",\"idxP\":83},{\"mq\":\"Divella\",\"nm\":\"P\u00E2tes ziti tagli #33\",\"nme\":\"Ziti Tagli Pasta #33\",\"attr\":\"\",\"sku\":\"43426\",\"l2\":\"P\u00E2tes\",\"sl\":\"pates-ziti-tagli-33-divella-43426\",\"sn\":\"\",\"idxP\":81},{\"mq\":\"Divella\",\"nm\":\"P\u00E2tes penne mezze rigate #23\",\"nme\":\"Penne Mezze Rigate Pasta #23\",\"attr\":\"\",\"sku\":\"43428\",\"l2\":\"P\u00E2tes\",\"sl\":\"pates-penne-mezze-rigate-23-divella-43428\",\"sn\":\"\",\"idxP\":81},{\"mq\":\"Divella\",\"nm\":\"P\u00E2tes spaghetti int\u00E9grales #8\",\"nme\":\"Spaghetti Integral Pasta #8\",\"attr\":\"\",\"sku\":\"49667\",\"l2\":\"P\u00E2tes\",\"sl\":\"pates-spaghetti-integrales-8-divella-49667\",\"sn\":\"\",\"idxP\":64},{\"mq\":\"Divella\",\"nm\":\"P\u00E2tes acini di pepe #78\",\"nme\":\"Acini Di Pepe Pasta #78\",\"attr\":\"\",\"sku\":\"38740\",\"l2\":\"P\u00E2tes\",\"sl\":\"pates-acini-di-pepe-78-divella-38740\",\"sn\":\"\",\"idxP\":75},{\"mq\":\"Sifto\",\"nm\":\"Gros sel \u00E0 marinade #8\",\"nme\":\"Marinade Coarse Salt #8\",\"attr\":\"\",\"sku\":\"04910\",\"l2\":\"\u00C9pice, sel et poivre\",\"sl\":\"gros-sel-a-marinade-8-sifto-04910\",\"sn\":\"\",\"idxP\":33},{\"mq\":\"Divella\",\"nm\":\"P\u00E2tes h\u00E9lico\u00EFdales #22\",\"nme\":\"Helicoidal Pasta #22\",\"attr\":\"\",\"sku\":\"38726\",\"l2\":\"P\u00E2tes\",\"sl\":\"pates-helicoidales-22-divella-38726\",\"sn\":\"\",\"idxP\":81},{\"mq\":\"Rose Hill\",\"nm\":\"Poivre de cayenne\",\"nme\":\"Cayenne Pepper\",\"attr\":\"Produit local\",\"sku\":\"39164\",\"l2\":\"\u00C9pice, sel et poivre\",\"sl\":\"poivre-de-cayenne-rose-hill-39164\",\"sn\":\"\",\"idxP\":43},{\"mq\":\"Moulin\",\"nm\":\"Poivre vert de Madagascar au naturel\",\"nme\":\"Green Brine Peppercorn\",\"attr\":\"\",\"sku\":\"10337\",\"l2\":\"\u00C9pice, sel et poivre\",\"sl\":\"poivre-vert-de-madagascar-au-naturel-moulin-10337\",\"sn\":\"\",\"idxP\":95},{\"mq\":\"V-H\",\"nm\":\"Sauce soya l\u00E9g\u00E8re\",\"nme\":\"Light Soya Sauce\",\"attr\":\"\",\"sku\":\"27207\",\"l2\":\"Condiment\",\"sl\":\"sauce-soya-legere-v-h-27207\",\"sn\":\"\",\"idxP\":64},{\"mq\":\"Rose Hill\",\"nm\":\"Poivre blanc moulu\",\"nme\":\"Ground White Pepper\",\"attr\":\"Produit local\",\"sku\":\"38347\",\"l2\":\"\u00C9pice, sel et poivre\",\"sl\":\"poivre-blanc-moulu-rose-hill-38347\",\"sn\":\"\",\"idxP\":48},{\"mq\":\"Deltasal\",\"nm\":\"Fleur de sel\",\"nme\":\"Salt Flower\",\"attr\":\"\",\"sku\":\"36628\",\"l2\":\"\u00C9pice, sel et poivre\",\"sl\":\"fleur-de-sel-deltasal-36628\",\"sn\":\"\",\"idxP\":22},{\"mq\":\"V-H\",\"nm\":\"Sauce soya\",\"nme\":\"Soy Sauce\",\"attr\":\"\",\"sku\":\"27206\",\"l2\":\"Condiment\",\"sl\":\"sauce-soya-v-h-27206\",\"sn\":\"\",\"idxP\":93},{\"mq\":\"Deltasal\",\"nm\":\"Sel de mer gros\",\"nme\":\"Coarse Sea Salt\",\"attr\":\"\",\"sku\":\"36599\",\"l2\":\"\u00C9pice, sel et poivre\",\"sl\":\"sel-de-mer-gros-deltasal-36599\",\"sn\":\"\",\"idxP\":78},{\"mq\":\"Deltasal\",\"nm\":\"Sel de mer fin\",\"nme\":\"Fine Sea Salt\",\"attr\":\"\",\"sku\":\"36598\",\"l2\":\"\u00C9pice, sel et poivre\",\"sl\":\"sel-de-mer-fin-deltasal-36598\",\"sn\":\"\",\"idxP\":72},{\"mq\":\"Fleischmann\",\"nm\":\"Levure \u00E0 pain\",\"nme\":\"Yeast Bread\",\"attr\":\"\",\"sku\":\"06274\",\"l2\":\"Ingr\u00E9dient de p\u00E2tisserie\",\"sl\":\"levure-a-pain-fleischmann-06274\",\"sn\":\"\",\"idxP\":68},{\"mq\":\"Rose Hill\",\"nm\":\"M\u00E9lange 5 poivres\",\"nme\":\"5 Peppers Mix\",\"attr\":\"Produit local\",\"sku\":\"38413\",\"l2\":\"\u00C9pice, sel et poivre\",\"sl\":\"melange-5-poivres-rose-hill-38413\",\"sn\":\"\",\"idxP\":38},{\"mq\":\"Casanova\",\"nm\":\"Vinaigre balsamique blanc 3 ans\",\"nme\":\"White Balsamic Vinegar 3 years\",\"attr\":\"\",\"sku\":\"06625\",\"l2\":\"Huile et vinaigre\",\"sl\":\"vinaigre-balsamique-blanc-3-ans-casanova-06625\",\"sn\":\"\",\"idxP\":36},{\"mq\":\"Pilaros\",\"nm\":\"Feuilles de vigne farcies au riz\",\"nme\":\"Vine Leaves Stuffed with Rice\",\"attr\":\"\",\"sku\":\"07203\",\"l2\":\"Marinade\",\"sl\":\"feuilles-de-vigne-farcies-au-riz-pilaros-07203\",\"sn\":\"\",\"idxP\":38},{\"mq\":\"Mr Noodle\",\"nm\":\"Nouilles instantan\u00E9es boeuf\",\"nme\":\"Beef Instant Noodles\",\"attr\":\"\",\"sku\":\"11531\",\"l2\":\"Soupe et bouillon\",\"sl\":\"nouilles-instantanees-boeuf-mr-noodle-11531\",\"sn\":\"\",\"idxP\":92},{\"mq\":\"Fleischmann\",\"nm\":\"Poudre \u00E0 p\u00E2te\",\"nme\":\"Double Action Baking Powder\",\"attr\":\"\",\"sku\":\"09511\",\"l2\":\"Ingr\u00E9dient de p\u00E2tisserie\",\"sl\":\"poudre-a-pate-fleischmann-09511\",\"sn\":\"\",\"idxP\":54},{\"mq\":\"Pilaros\",\"nm\":\"Olives vertes kalamata d\u00E9noyaut\u00E9es\",\"nme\":\"Pitted Kalamata Green Olives\",\"attr\":\"\",\"sku\":\"12944\",\"l2\":\"Marinade\",\"sl\":\"olives-vertes-kalamata-denoyautees-pilaros-12944\",\"sn\":\"\",\"idxP\":78},{\"mq\":\"Casanova\",\"nm\":\"Vinaigre balsamique 12 ans\",\"nme\":\"Balsamic Vinegar 12 Years\",\"attr\":\"\",\"sku\":\"06623\",\"l2\":\"Huile et vinaigre\",\"sl\":\"vinaigre-balsamique-12-ans-casanova-06623\",\"sn\":\"\",\"idxP\":19},{\"mq\":\"Fruitsations\",\"nm\":\"Pur\u00E9e de pomme et de poire\",\"nme\":\"Apples Pears Puree\",\"attr\":\"\",\"sku\":\"12959\",\"l2\":\"Fruit en conserve\",\"sl\":\"puree-de-pomme-et-de-poire-fruitsations-12959\",\"sn\":\"apples, poires, pommes\",\"idxP\":56},{\"mq\":\"Mr Noodle\",\"nm\":\"Nouilles instantan\u00E9es poulet \u00E9pic\u00E9\",\"nme\":\"Spicy Chicken Flavoured Noodles\",\"attr\":\"\",\"sku\":\"14306\",\"l2\":\"Soupe et bouillon\",\"sl\":\"nouilles-instantanees-poulet-epice-mr-noodle-14306\",\"sn\":\"\",\"idxP\":59},{\"mq\":\"Pilaros\",\"nm\":\"Olives vertes farcies \u00E0 l'ail\",\"nme\":\"Green Olives Stuffed With Garlic\",\"attr\":\"\",\"sku\":\"46221\",\"l2\":\"Marinade\",\"sl\":\"olives-vertes-farcies-a-lail-pilaros-46221\",\"sn\":\"\",\"idxP\":69},{\"mq\":\"Fruitsations\",\"nm\":\"Pur\u00E9e de bleuets sans sucre\",\"nme\":\"Unsweetened Blueberry Puree\",\"attr\":\"\",\"sku\":\"12960\",\"l2\":\"Fruit en conserve\",\"sl\":\"puree-de-bleuets-sans-sucre-fruitsations-12960\",\"sn\":\"\",\"idxP\":56},{\"mq\":\"Mr Noodle\",\"nm\":\"Nouilles instantan\u00E9es b\u0153uf en bol\",\"nme\":\"Beef Flavour Soup\",\"attr\":\"\",\"sku\":\"14305\",\"l2\":\"Soupe et bouillon\",\"sl\":\"nouilles-instantanees-buf-en-bol-mr-noodle-14305\",\"sn\":\"\",\"idxP\":48},{\"mq\":\"Fleischmann\",\"nm\":\"F\u00E9cule de ma\u00EFs\",\"nme\":\"Corn Starch\",\"attr\":\"\",\"sku\":\"36403\",\"l2\":\"Ingr\u00E9dient de p\u00E2tisserie\",\"sl\":\"fecule-de-mais-fleischmann-36403\",\"sn\":\"\",\"idxP\":68},{\"mq\":\"Pilaros\",\"nm\":\"Olives vertes \u00E9pic\u00E9es d\u00E9noyaut\u00E9es\",\"nme\":\"Spicy Pitted Green Olives\",\"attr\":\"\",\"sku\":\"12945\",\"l2\":\"Marinade\",\"sl\":\"olives-vertes-epicees-denoyautees-pilaros-12945\",\"sn\":\"\",\"idxP\":49},{\"mq\":\"Pilaros\",\"nm\":\"Olives vertes farcies aux amandes\",\"nme\":\"Green Olives Stuffed with Almonds\",\"attr\":\"\",\"sku\":\"46222\",\"l2\":\"Marinade\",\"sl\":\"olives-vertes-farcies-aux-amandes-pilaros-46222\",\"sn\":\"amandes\",\"idxP\":87},{\"mq\":\"Fleischmann\",\"nm\":\"Levure s\u00E8che instantan\u00E9e\",\"nme\":\"Instant Yeast\",\"attr\":\"\",\"sku\":\"37279\",\"l2\":\"Ingr\u00E9dient de p\u00E2tisserie\",\"sl\":\"levure-seche-instantanee-fleischmann-37279\",\"sn\":\"\",\"idxP\":100},{\"mq\":\"Kimchi\",\"nm\":\"Nouilles instantan\u00E9es traditionnel en bol\",\"nme\":\"Traditionnal Soup Instant Noodles\",\"attr\":\"\",\"sku\":\"14303\",\"l2\":\"Soupe et bouillon\",\"sl\":\"nouilles-instantanees-traditionnel-en-bol-kimchi-14303\",\"sn\":\"\",\"idxP\":50},{\"mq\":\"Sun Med\",\"nm\":\"Olives vertes tranch\u00E9es\",\"nme\":\"Sliced Green Olive\",\"attr\":\"\",\"sku\":\"12227\",\"l2\":\"Marinade\",\"sl\":\"olives-vertes-tranchees-sun-med-12227\",\"sn\":\"\",\"idxP\":79},{\"mq\":\"Mr Noodle\",\"nm\":\"Nouilles instantan\u00E9es poulet\",\"nme\":\"Chicken Soup Instant Noodles\",\"attr\":\"\",\"sku\":\"14307\",\"l2\":\"Soupe et bouillon\",\"sl\":\"nouilles-instantanees-poulet-mr-noodle-14307\",\"sn\":\"\",\"idxP\":71},{\"mq\":\"Fruitsations\",\"nm\":\"Pur\u00E9e de pommes non-sucr\u00E9e x6\",\"nme\":\"Unsweetened Apple Puree\",\"attr\":\"\",\"sku\":\"42632\",\"l2\":\"Fruit en conserve\",\"sl\":\"puree-de-pommes-non-sucree-x6-fruitsations-42632\",\"sn\":\"apples, pommes\",\"idxP\":87},{\"mq\":\"Sun Med\",\"nm\":\"Olives noires tranch\u00E9es\",\"nme\":\"Sliced Black Olive\",\"attr\":\"\",\"sku\":\"12228\",\"l2\":\"Marinade\",\"sl\":\"olives-noires-tranchees-sun-med-12228\",\"sn\":\"\",\"idxP\":80},{\"mq\":\"Pilaros\",\"nm\":\"Feuilles de vigne farcies au riz\",\"nme\":\"Vine Leaves Stuffed with Rice\",\"attr\":\"\",\"sku\":\"46224\",\"l2\":\"Marinade\",\"sl\":\"feuilles-de-vigne-farcies-au-riz-pilaros-46224\",\"sn\":\"\",\"idxP\":75},{\"mq\":\"Mr Noodle\",\"nm\":\"Nouilles instantan\u00E9es l\u00E9gumes\",\"nme\":\"Vegetable Instant Noodles\",\"attr\":\"\",\"sku\":\"11535\",\"l2\":\"Soupe et bouillon\",\"sl\":\"nouilles-instantanees-legumes-mr-noodle-11535\",\"sn\":\"\",\"idxP\":68},{\"mq\":\"Kimchi\",\"nm\":\"Nouilles instantan\u00E9es au poulet en bol\",\"nme\":\"Chicken Noodles\",\"attr\":\"\",\"sku\":\"14302\",\"l2\":\"Soupe et bouillon\",\"sl\":\"nouilles-instantanees-au-poulet-en-bol-kimchi-14302\",\"sn\":\"\",\"idxP\":52},{\"mq\":\"Dare\",\"nm\":\"Chapelure Grissol\",\"nme\":\"Bread Crumbs\",\"attr\":\"\",\"sku\":\"08537\",\"l2\":\"Farine, semoule et chapelure\",\"sl\":\"chapelure-grissol-dare-08537\",\"sn\":\"\",\"idxP\":33},{\"mq\":\"Berthelet\",\"nm\":\"M\u00E9lange pour sauce brune\",\"nme\":\"Instant Brown Sauce Mix\",\"attr\":\"Produit local\",\"sku\":\"10177\",\"l2\":\"Sauce\",\"sl\":\"melange-pour-sauce-brune-berthelet-10177\",\"sn\":\"\",\"idxP\":18},{\"mq\":\"Aero\",\"nm\":\"Barre de chocolat A\u00E9ro\",\"nme\":\"Aero chocolate bar\",\"attr\":\"\",\"sku\":\"10088\",\"l2\":\"Confiserie\",\"sl\":\"barre-de-chocolat-aero-aero-10088\",\"sn\":\"\",\"idxP\":24},{\"mq\":\"Berthelet\",\"nm\":\"Base soupe oignon fran\u00E7ais\",\"nme\":\"French Onion Soup Base\",\"attr\":\"Produit local\",\"sku\":\"10175\",\"l2\":\"Soupe et bouillon\",\"sl\":\"base-soupe-oignon-francais-berthelet-10175\",\"sn\":\"onions, oignons\",\"idxP\":9},{\"mq\":\"Club House\",\"nm\":\"M\u00E9lange p\u00E2te \u00E0 la bi\u00E8re \u00E0 frire\",\"nme\":\"Fry Paste Mix with Beer\",\"attr\":\"\",\"sku\":\"50887\",\"l2\":\"Farine, semoule et chapelure\",\"sl\":\"melange-pate-a-la-biere-a-frire-club-house-50887\",\"sn\":\"\",\"idxP\":11},{\"mq\":\"Nestl\u00E9\",\"nm\":\"Barre de chocolat CoffeeCrisp\",\"nme\":\"CoffeeCrisp chocolate bar\",\"attr\":\"\",\"sku\":\"10089\",\"l2\":\"Confiserie\",\"sl\":\"barre-de-chocolat-coffeecrisp-nestle-10089\",\"sn\":\"\",\"idxP\":18},{\"mq\":\"Loacker\",\"nm\":\"Gaufrette au chocolat noir Quadratini\",\"nme\":\"Dark Chocolate Wafer Quadratini\",\"attr\":\"\",\"sku\":\"10119\",\"l2\":\"Biscuit et craquelin\",\"sl\":\"gaufrette-au-chocolat-noir-quadratini-loacker-10119\",\"sn\":\"\",\"idxP\":26},{\"mq\":\"Kit Kat\",\"nm\":\"Barre de chocolat Kit Kat\",\"nme\":\"Kit Kat chocolate bar\",\"attr\":\"\",\"sku\":\"10096\",\"l2\":\"Confiserie\",\"sl\":\"barre-de-chocolat-kit-kat-kit-kat-10096\",\"sn\":\"\",\"idxP\":31},{\"mq\":\"Par Excellence\",\"nm\":\"Riz \u00E9tuv\u00E9 naturel \u00E0 grains longs 40kg\",\"nme\":\"Parboiled Rice Natural Long Grain 40 kg\",\"attr\":\"\",\"sku\":\"10194\",\"l2\":\"Riz et grain\",\"sl\":\"riz-etuve-naturel-a-grains-longs-40kg-par-excellence-10194\",\"sn\":\"\",\"idxP\":53},{\"mq\":\"Unico\",\"nm\":\"Gla\u00E7age balsamique\",\"nme\":\"Balsamic Glaze\",\"attr\":\"\",\"sku\":\"10264\",\"l2\":\"Huile et vinaigre\",\"sl\":\"glacage-balsamique-unico-10264\",\"sn\":\"\",\"idxP\":77},{\"mq\":\"Arm & Hammer\",\"nm\":\"Bicarbonate de soude\",\"nme\":\"Baking Soda\",\"attr\":\"\",\"sku\":\"10323\",\"l2\":\"Ingr\u00E9dient de p\u00E2tisserie\",\"sl\":\"bicarbonate-de-soude-arm-hammer-10323\",\"sn\":\"liqueur, breuvage, softdrink, soft drink\",\"idxP\":96},{\"mq\":\"Sifto\",\"nm\":\"Sel alimentaire Hy Grade\",\"nme\":\"Evaporated Table Fine Salt\",\"attr\":\"\",\"sku\":\"10333\",\"l2\":\"\u00C9pice, sel et poivre\",\"sl\":\"sel-alimentaire-hy-grade-sifto-10333\",\"sn\":\"\",\"idxP\":100},{\"mq\":\"Carvin\",\"nm\":\"Strudel aux bleuets\",\"nme\":\"Blueberry Strudel\",\"attr\":\"\",\"sku\":\"14081\",\"l2\":\"Biscuit et craquelin\",\"sl\":\"strudel-aux-bleuets-carvin-14081\",\"sn\":\"\",\"idxP\":31},{\"mq\":\"Carvin\",\"nm\":\"Strudel \u00E0 la fraise\",\"nme\":\"Strawberry Strudel\",\"attr\":\"\",\"sku\":\"14087\",\"l2\":\"Biscuit et craquelin\",\"sl\":\"strudel-a-la-fraise-carvin-14087\",\"sn\":\"fraises\",\"idxP\":40},{\"mq\":\"Vachon\",\"nm\":\"G\u00E2teaux May West Super\",\"nme\":\"Super May West Sponge Cakes\",\"attr\":\"\",\"sku\":\"30285\",\"l2\":\"Biscuit et craquelin\",\"sl\":\"gateaux-may-west-super-vachon-30285\",\"sn\":\"\",\"idxP\":25},{\"mq\":\"Carvin\",\"nm\":\"Strudel aux cerises\",\"nme\":\"Cherry Strudel\",\"attr\":\"\",\"sku\":\"14083\",\"l2\":\"Biscuit et craquelin\",\"sl\":\"strudel-aux-cerises-carvin-14083\",\"sn\":\"\",\"idxP\":35},{\"mq\":\"Vachon\",\"nm\":\"G\u00E2teaux sandwiches Ah Caramel\",\"nme\":\"Ah Caramel Sandwich Cakes\",\"attr\":\"\",\"sku\":\"30287\",\"l2\":\"Biscuit et craquelin\",\"sl\":\"gateaux-sandwiches-ah-caramel-vachon-30287\",\"sn\":\"\",\"idxP\":24},{\"mq\":\"Vachon\",\"nm\":\"G\u00E2teaux \u00E9ponge Billot Log \u00E0 la gel\u00E9e\",\"nme\":\"Billot Log Jelly Sponge Cakes\",\"attr\":\"\",\"sku\":\"30864\",\"l2\":\"Biscuit et craquelin\",\"sl\":\"gateaux-eponge-billot-log-a-la-gelee-vachon-30864\",\"sn\":\"\",\"idxP\":33},{\"mq\":\"Vachon\",\"nm\":\"G\u00E2teaux Demi Lune vanille\",\"nme\":\"Half Moon Vanilla Cakes\",\"attr\":\"\",\"sku\":\"16675\",\"l2\":\"Biscuit et craquelin\",\"sl\":\"gateaux-demi-lune-vanille-vachon-16675\",\"sn\":\"\",\"idxP\":29},{\"mq\":\"Dora\",\"nm\":\"Confiture de framboises avec pectine\",\"nme\":\"Strawberry Jam with Pectin\",\"attr\":\"Produit local\",\"sku\":\"02946\",\"l2\":\"Confiture et tartinade\",\"sl\":\"confiture-de-framboises-avec-pectine-dora-02946\",\"sn\":\"framboises\",\"idxP\":13},{\"mq\":\"Grandma's\",\"nm\":\"Galettes \u00E0 la m\u00E9lasse\",\"nme\":\"Molasses Cookies\",\"attr\":\"\",\"sku\":\"16343\",\"l2\":\"Biscuit et craquelin\",\"sl\":\"galettes-a-la-melasse-grandmas-16343\",\"sn\":\"\",\"idxP\":27},{\"mq\":\"Club House\",\"nm\":\"Extrait de vanille pur\",\"nme\":\"Pure Vanilla Extract\",\"attr\":\"\",\"sku\":\"16166\",\"l2\":\"Ingr\u00E9dient de p\u00E2tisserie\",\"sl\":\"extrait-de-vanille-pur-club-house-16166\",\"sn\":\"\",\"idxP\":58},{\"mq\":\"Dora\",\"nm\":\"Coulis caramel\",\"nme\":\"Caramel Coulis\",\"attr\":\"Produit local\",\"sku\":\"34631\",\"l2\":\"Bar laitier\",\"sl\":\"coulis-caramel-dora-34631\",\"sn\":\"\",\"idxP\":59},{\"mq\":\"Cacao Barry\",\"nm\":\"Pralin\u00E9 noisettes\",\"nme\":\"Hazelnut Praline\",\"attr\":\"\",\"sku\":\"38988\",\"l2\":\"Ingr\u00E9dient de p\u00E2tisserie\",\"sl\":\"praline-noisettes-cacao-barry-38988\",\"sn\":\"\",\"idxP\":17},{\"mq\":\"Club House\",\"nm\":\"Assaisonnement \u00E9pic\u00E9 pour spaghetti\",\"nme\":\"Spicy Spaghetti Seasoning\",\"attr\":\"\",\"sku\":\"16160\",\"l2\":\"\u00C9pice, sel et poivre\",\"sl\":\"assaisonnement-epice-pour-spaghetti-club-house-16160\",\"sn\":\"\",\"idxP\":37},{\"mq\":\"Club House\",\"nm\":\"Sauce cocktail\",\"nme\":\"Cocktail Sauce\",\"attr\":\"\",\"sku\":\"50881\",\"l2\":\"Condiment\",\"sl\":\"sauce-cocktail-club-house-50881\",\"sn\":\"\",\"idxP\":57},{\"mq\":\"Dora\",\"nm\":\"Coulis de framboises\",\"nme\":\"Raspberry Coulis\",\"attr\":\"Produit local\",\"sku\":\"17074\",\"l2\":\"Bar laitier\",\"sl\":\"coulis-de-framboises-dora-17074\",\"sn\":\"framboises\",\"idxP\":49},{\"mq\":\"Dora\",\"nm\":\"Confiture de fraises avec pectine\",\"nme\":\"Strawberry Jam with Pectin 5 L\",\"attr\":\"Produit local\",\"sku\":\"28031\",\"l2\":\"Confiture et tartinade\",\"sl\":\"confiture-de-fraises-avec-pectine-dora-28031\",\"sn\":\"fraises\",\"idxP\":31},{\"mq\":\"Dora\",\"nm\":\"Coulis de fraises\",\"nme\":\"Strawberry Coulis\",\"attr\":\"Produit local\",\"sku\":\"17088\",\"l2\":\"Bar laitier\",\"sl\":\"coulis-de-fraises-dora-17088\",\"sn\":\"fraises\",\"idxP\":57},{\"mq\":\"Carvin\",\"nm\":\"Strudel au caramel\",\"nme\":\"Caramel Strudel\",\"attr\":\"\",\"sku\":\"14082\",\"l2\":\"Biscuit et craquelin\",\"sl\":\"strudel-au-caramel-carvin-14082\",\"sn\":\"\",\"idxP\":30},{\"mq\":\"Old Dutch\",\"nm\":\"Croustilles originales\",\"nme\":\"Original Chips\",\"attr\":\"\",\"sku\":\"14169\",\"l2\":\"Croustille et grignotine\",\"sl\":\"croustilles-originales-old-dutch-14169\",\"sn\":\"croustille\",\"idxP\":44},{\"mq\":\"Old Dutch\",\"nm\":\"Croustilles au BBQ\",\"nme\":\"BBQ Chips\",\"attr\":\"\",\"sku\":\"14171\",\"l2\":\"Croustille et grignotine\",\"sl\":\"croustilles-au-bbq-old-dutch-14171\",\"sn\":\"croustille, BBQ\",\"idxP\":32},{\"mq\":\"Imperial\",\"nm\":\"Barbe \u00E0 papa\",\"nme\":\"Cotton Candy\",\"attr\":\"\",\"sku\":\"17601\",\"l2\":\"Confiserie\",\"sl\":\"barbe-a-papa-imperial-17601\",\"sn\":\"\",\"idxP\":100},{\"mq\":\"Club House\",\"nm\":\"Assaisonnement pour poulet BBQ\",\"nme\":\"BBQ Chicken Seasoning\",\"attr\":\"\",\"sku\":\"16068\",\"l2\":\"\u00C9pice, sel et poivre\",\"sl\":\"assaisonnement-pour-poulet-bbq-club-house-16068\",\"sn\":\"\",\"idxP\":47},{\"mq\":\"Nupak ou Dunya Harvest\",\"nm\":\"Farine de riz\",\"nme\":\"Rice Flour\",\"attr\":\"\",\"sku\":\"18259\",\"l2\":\"Farine, semoule et chapelure\",\"sl\":\"farine-de-riz-nupak-ou-dunya-harvest-18259\",\"sn\":\"\",\"idxP\":32},{\"mq\":\"Delizia di Calabria\",\"nm\":\"Olives italiennes mixtes dans l'huile\",\"nme\":\"Mixed Italian Olives in Oil\",\"attr\":\"\",\"sku\":\"24239\",\"l2\":\"Marinade\",\"sl\":\"olives-italiennes-mixtes-dans-lhuile-delizia-di-calabria-24239\",\"sn\":\"\",\"idxP\":28},{\"mq\":\"Nupak ou Dunya Harvest\",\"nm\":\"Farine de ma\u00EFs blanche\",\"nme\":\"White Corn Flour\",\"attr\":\"\",\"sku\":\"18254\",\"l2\":\"Farine, semoule et chapelure\",\"sl\":\"farine-de-mais-blanche-nupak-ou-dunya-harvest-18254\",\"sn\":\"\",\"idxP\":32},{\"mq\":\"Allessia\",\"nm\":\"Tartinade antipasto piquante\",\"nme\":\"Hot Antipasto Spread\",\"attr\":\"\",\"sku\":\"30445\",\"l2\":\"Marinade\",\"sl\":\"tartinade-antipasto-piquante-allessia-30445\",\"sn\":\"\",\"idxP\":49},{\"mq\":\"Kraft\",\"nm\":\"Vinaigrette feta origan\",\"nme\":\"Feta and Origano Dressing\",\"attr\":\"\",\"sku\":\"08492\",\"l2\":\"Vinaigrette et Cro\u00FBton\",\"sl\":\"vinaigrette-feta-origan-kraft-08492\",\"sn\":\"\",\"idxP\":15},{\"mq\":\"Misura\",\"nm\":\"Biscottes sans sucre ajout\u00E9\",\"nme\":\"No Added Sugar Rusks\",\"attr\":\"\",\"sku\":\"10898\",\"l2\":\"Biscuit et craquelin\",\"sl\":\"biscottes-sans-sucre-ajoute-misura-10898\",\"sn\":\"\",\"idxP\":29},{\"mq\":\"Delizia di Calabria\",\"nm\":\"Sauce piquante de piment fort\",\"nme\":\"Calabrian Hot Chilli Pepper Spread\",\"attr\":\"\",\"sku\":\"24236\",\"l2\":\"Condiment\",\"sl\":\"sauce-piquante-de-piment-fort-delizia-di-calabria-24236\",\"sn\":\"piments\",\"idxP\":65},{\"mq\":\"Delizia di Calabria\",\"nm\":\"Aubergines en lamelles dans l'huile\",\"nme\":\"Eggplants Strips in Oil\",\"attr\":\"\",\"sku\":\"24241\",\"l2\":\"Marinade\",\"sl\":\"aubergines-en-lamelles-dans-lhuile-delizia-di-calabria-24241\",\"sn\":\"aubergines\",\"idxP\":17},{\"mq\":\"Ruffles\",\"nm\":\"Croustilles assaisonn\u00E9es\",\"nme\":\"All Dressed Chips\",\"attr\":\"\",\"sku\":\"11620\",\"l2\":\"Croustille et grignotine\",\"sl\":\"croustilles-assaisonnees-ruffles-11620\",\"sn\":\"croustille\",\"idxP\":15},{\"mq\":\"Berthelet\",\"nm\":\"Vinaigrette japonaise\",\"nme\":\"Japanese Dressing\",\"attr\":\"Produit local\",\"sku\":\"10433\",\"l2\":\"Vinaigrette et Cro\u00FBton\",\"sl\":\"vinaigrette-japonaise-berthelet-10433\",\"sn\":\"\",\"idxP\":16},{\"mq\":\"Allessia\",\"nm\":\"Filets d'anchois 150g\",\"nme\":\"Fillets of Anchovies 150g\",\"attr\":\"\",\"sku\":\"30408\",\"l2\":\"Poisson et viande en conserve\",\"sl\":\"filets-danchois-150g-allessia-30408\",\"sn\":\"\",\"idxP\":100},{\"mq\":\"Bonne Maman\",\"nm\":\"Confiture de bleuets sauvages\",\"nme\":\"Wild Blueberry Jam\",\"attr\":\"\",\"sku\":\"08529\",\"l2\":\"Confiture et tartinade\",\"sl\":\"confiture-de-bleuets-sauvages-bonne-maman-08529\",\"sn\":\"\",\"idxP\":45},{\"mq\":\"Nupak ou Dunya Harvest\",\"nm\":\"Farine de riz\",\"nme\":\"Rice Flour\",\"attr\":\"\",\"sku\":\"18256\",\"l2\":\"Farine, semoule et chapelure\",\"sl\":\"farine-de-riz-nupak-ou-dunya-harvest-18256\",\"sn\":\"\",\"idxP\":31},{\"mq\":\"Knorr\",\"nm\":\"Concentr\u00E9 de bouillon au poulet\",\"nme\":\"Chicken Broth Concentrate\",\"attr\":\"\",\"sku\":\"13777\",\"l2\":\"Soupe et bouillon\",\"sl\":\"concentre-de-bouillon-au-poulet-knorr-13777\",\"sn\":\"\",\"idxP\":40},{\"mq\":\"Papadopoulos\",\"nm\":\"Petits pains grill\u00E9s au s\u00E9same\",\"nme\":\"Toasted Rolls with Sesame\",\"attr\":\"\",\"sku\":\"12941\",\"l2\":\"Biscuit et craquelin\",\"sl\":\"petits-pains-grilles-au-sesame-papadopoulos-12941\",\"sn\":\"\",\"idxP\":21},{\"mq\":\"Labont\u00E9\",\"nm\":\"Miel liquide en bouteille renvers\u00E9e\",\"nme\":\"Reversed Bottle Liquid Honey\",\"attr\":\"\",\"sku\":\"13805\",\"l2\":\"Confiture et tartinade\",\"sl\":\"miel-liquide-en-bouteille-renversee-labonte-13805\",\"sn\":\"\",\"idxP\":100},{\"mq\":\"HP\",\"nm\":\"Sauce \u00E0 bifteck\",\"nme\":\"Steak Sauce\",\"attr\":\"\",\"sku\":\"11765\",\"l2\":\"Condiment\",\"sl\":\"sauce-a-bifteck-hp-11765\",\"sn\":\"steak\",\"idxP\":14},{\"mq\":\"Papadopoulos\",\"nm\":\"Pain grill\u00E9 de bl\u00E9 entier sans-sucre\",\"nme\":\"Krispies Toasted Rolls\",\"attr\":\"\",\"sku\":\"12942\",\"l2\":\"Biscuit et craquelin\",\"sl\":\"pain-grille-de-ble-entier-sans-sucre-papadopoulos-12942\",\"sn\":\"\",\"idxP\":12},{\"mq\":\"Diana\",\"nm\":\"Sauce barbecue \u00E9rable\",\"nme\":\"Mapple BBQ Sauce\",\"attr\":\"\",\"sku\":\"18336\",\"l2\":\"Sauce\",\"sl\":\"sauce-barbecue-erable-diana-18336\",\"sn\":\"apples, BBQ\",\"idxP\":16},{\"mq\":\"Misura\",\"nm\":\"Biscottes int\u00E9grales\",\"nme\":\"Integral Rusks\",\"attr\":\"\",\"sku\":\"10899\",\"l2\":\"Biscuit et craquelin\",\"sl\":\"biscottes-integrales-misura-10899\",\"sn\":\"\",\"idxP\":13},{\"mq\":\"Papadopoulos\",\"nm\":\"Petits pains grill\u00E9s Krispies\",\"nme\":\"Krispies Toasted Rolls\",\"attr\":\"\",\"sku\":\"12943\",\"l2\":\"Biscuit et craquelin\",\"sl\":\"petits-pains-grilles-krispies-papadopoulos-12943\",\"sn\":\"\",\"idxP\":27},{\"mq\":\"Grandma's\",\"nm\":\"M\u00E9lasse qualit\u00E9 fantaisie\",\"nme\":\"Fancy Molasses\",\"attr\":\"\",\"sku\":\"18325\",\"l2\":\"Confiture et tartinade\",\"sl\":\"melasse-qualite-fantaisie-grandmas-18325\",\"sn\":\"\",\"idxP\":52},{\"mq\":\"Ocean Spray\",\"nm\":\"Sauce aux canneberges fruits entiers l\",\"nme\":\"Whole Berry Cranberry Sauce\",\"attr\":\"\",\"sku\":\"07831\",\"l2\":\"Condiment\",\"sl\":\"sauce-aux-canneberges-fruits-entiers-l-ocean-spray-07831\",\"sn\":\"\",\"idxP\":66},{\"mq\":\"Oh Henry\",\"nm\":\"Barre de chocolat oh henry\",\"nme\":\"Oh henry chocolate bar\",\"attr\":\"\",\"sku\":\"11726\",\"l2\":\"Confiserie\",\"sl\":\"barre-de-chocolat-oh-henry-oh-henry-11726\",\"sn\":\"\",\"idxP\":22},{\"mq\":\"Carnation\",\"nm\":\"Lait \u00E9cr\u00E9m\u00E9 poudre instantan\u00E9\",\"nme\":\"Instant skim milk powder\",\"attr\":\"\",\"sku\":\"16395\",\"l2\":\"Ingr\u00E9dient de p\u00E2tisserie\",\"sl\":\"lait-ecreme-poudre-instantane-carnation-16395\",\"sn\":\"\",\"idxP\":45},{\"mq\":\"E.D.Smith\",\"nm\":\"Sauce aux fruits de mer\",\"nme\":\"Seafood Sauce\",\"attr\":\"\",\"sku\":\"13255\",\"l2\":\"Condiment\",\"sl\":\"sauce-aux-fruits-de-mer-e.d.smith-13255\",\"sn\":\"\",\"idxP\":8},{\"mq\":\"Grandma's\",\"nm\":\"M\u00E9lasse qualit\u00E9 fantaisie\",\"nme\":\"Fancy Molasses\",\"attr\":\"\",\"sku\":\"18324\",\"l2\":\"Confiture et tartinade\",\"sl\":\"melasse-qualite-fantaisie-grandmas-18324\",\"sn\":\"\",\"idxP\":55},{\"mq\":\"Antica Bont\u00E0\",\"nm\":\"Vinaigre balsamique de Modena\",\"nme\":\"Balsamic Vinegar of Modena\",\"attr\":\"\",\"sku\":\"14814\",\"l2\":\"Huile et vinaigre\",\"sl\":\"vinaigre-balsamique-de-modena-antica-bonta-14814\",\"sn\":\"\",\"idxP\":50},{\"mq\":\"Mott's\",\"nm\":\"Compote de pommes non sucr\u00E9e\",\"nme\":\"Unsweetened Apple Sauce\",\"attr\":\"\",\"sku\":\"32283\",\"l2\":\"Fruit en conserve\",\"sl\":\"compote-de-pommes-non-sucree-motts-32283\",\"sn\":\"apples, pommes\",\"idxP\":86},{\"mq\":\"Mott's\",\"nm\":\"Compote de pommes\",\"nme\":\"Apple Sauce\",\"attr\":\"\",\"sku\":\"32284\",\"l2\":\"Fruit en conserve\",\"sl\":\"compote-de-pommes-motts-32284\",\"sn\":\"apples, pommes\",\"idxP\":52},{\"mq\":\"Old Dutch\",\"nm\":\"Croustilles vari\u00E9es en sachets\",\"nme\":\"Various Bags of Chips\",\"attr\":\"\",\"sku\":\"22860\",\"l2\":\"Croustille et grignotine\",\"sl\":\"croustilles-variees-en-sachets-old-dutch-22860\",\"sn\":\"croustille\",\"idxP\":53},{\"mq\":\"Nupak ou Dunya Harvest\",\"nm\":\"Farine de ma\u00EFs blanche\",\"nme\":\"White Corn Flour\",\"attr\":\"\",\"sku\":\"18253\",\"l2\":\"Farine, semoule et chapelure\",\"sl\":\"farine-de-mais-blanche-nupak-ou-dunya-harvest-18253\",\"sn\":\"\",\"idxP\":63},{\"mq\":\"Wowbutter\",\"nm\":\"Tartinade cr\u00E9meuse de f\u00E8ves de soja grill\u00E9es\",\"nme\":\"Roasted Soy Beans Creamy Spread\",\"attr\":\"\",\"sku\":\"25019\",\"l2\":\"Confiture et tartinade\",\"sl\":\"tartinade-cremeuse-de-feves-de-soja-grillees-wowbutter-25019\",\"sn\":\"soya, soy\",\"idxP\":19},{\"mq\":\"Sun Med\",\"nm\":\"P\u00EAches en moiti\u00E9s dans un sirop l\u00E9ger\",\"nme\":\"Peach Halves in Light Syrup 2.84 L\",\"attr\":\"\",\"sku\":\"21253\",\"l2\":\"Fruit en conserve\",\"sl\":\"peches-en-moities-dans-un-sirop-leger-sun-med-21253\",\"sn\":\"\",\"idxP\":61},{\"mq\":\"V-H\",\"nm\":\"Sauce aux prunes\",\"nme\":\"Plum Sauce\",\"attr\":\"\",\"sku\":\"26461\",\"l2\":\"Condiment\",\"sl\":\"sauce-aux-prunes-v-h-26461\",\"sn\":\"\",\"idxP\":26},{\"mq\":\"Granforno\",\"nm\":\"Grissini s\u00E9same\",\"nme\":\"Sesame Gressini\",\"attr\":\"\",\"sku\":\"24772\",\"l2\":\"Biscuit et craquelin\",\"sl\":\"grissini-sesame-granforno-24772\",\"sn\":\"Grissini, grissini\",\"idxP\":100},{\"mq\":\"Le Grec\",\"nm\":\"Vinaigrette italienne\",\"nme\":\"Italian Dressing\",\"attr\":\"Produit local\",\"sku\":\"25409\",\"l2\":\"Vinaigrette et Cro\u00FBton\",\"sl\":\"vinaigrette-italienne-le-grec-25409\",\"sn\":\"\",\"idxP\":41},{\"mq\":\"Panealba\",\"nm\":\"Grissini \u00E0 l'huile d'olive Griss d'Or\",\"nme\":\"Olive Griss d'Or Grissini\",\"attr\":\"\",\"sku\":\"33813\",\"l2\":\"Biscuit et craquelin\",\"sl\":\"grissini-a-lhuile-dolive-griss-dor-panealba-33813\",\"sn\":\"\",\"idxP\":25},{\"mq\":\"Primo\",\"nm\":\"Sauce p\u00E2tes\",\"nme\":\"Pasta Sauce\",\"attr\":\"\",\"sku\":\"35768\",\"l2\":\"Sauce\",\"sl\":\"sauce-pates-primo-35768\",\"sn\":\"\",\"idxP\":100},{\"mq\":\"McLean\",\"nm\":\"Sirop framboise bleue pour barbotine\",\"nme\":\"Blue Raspberry Slush Syrup\",\"attr\":\"\",\"sku\":\"36016\",\"l2\":\"Bar laitier\",\"sl\":\"sirop-framboise-bleue-pour-barbotine-mclean-36016\",\"sn\":\"slush, framboises\",\"idxP\":27},{\"mq\":\"Valli\",\"nm\":\"Gnocchi \u00E0 la tomate\",\"nme\":\"Tomato Gnocchi\",\"attr\":\"\",\"sku\":\"23600\",\"l2\":\"P\u00E2tes\",\"sl\":\"gnocchi-a-la-tomate-valli-23600\",\"sn\":\"tomates\",\"idxP\":41},{\"mq\":\"Le Grec\",\"nm\":\"Vinaigrette originale\",\"nme\":\"Original Dressing\",\"attr\":\"Aliment du Qu\u00E9bec, Produit local\",\"sku\":\"25408\",\"l2\":\"Vinaigrette et Cro\u00FBton\",\"sl\":\"vinaigrette-originale-le-grec-25408\",\"sn\":\"\",\"idxP\":88},{\"mq\":\"Mutti\",\"nm\":\"P\u00E2te de tomate\",\"nme\":\"Tomato Paste\",\"attr\":\"\",\"sku\":\"33950\",\"l2\":\"Tomate en conserve\",\"sl\":\"pate-de-tomate-mutti-33950\",\"sn\":\"tomates\",\"idxP\":89},{\"mq\":\"Ma Tartinade\",\"nm\":\"Tartinade de framboise\",\"nme\":\"Raspberry Spread\",\"attr\":\"\",\"sku\":\"36198\",\"l2\":\"Confiture et tartinade\",\"sl\":\"tartinade-de-framboise-ma-tartinade-36198\",\"sn\":\"framboises\",\"idxP\":87},{\"mq\":\"Le Grec\",\"nm\":\"Vinaigrette cr\u00E9meuse originale\",\"nme\":\"Creamy Original Dressing\",\"attr\":\"Produit local\",\"sku\":\"22960\",\"l2\":\"Vinaigrette et Cro\u00FBton\",\"sl\":\"vinaigrette-cremeuse-originale-le-grec-22960\",\"sn\":\"\",\"idxP\":38},{\"mq\":\"Knorr\",\"nm\":\"M\u00E9lange pour soupe \u00E0 l'oignon\",\"nme\":\"Onion Soup Mix\",\"attr\":\"\",\"sku\":\"25375\",\"l2\":\"Soupe et bouillon\",\"sl\":\"melange-pour-soupe-a-loignon-knorr-25375\",\"sn\":\"onions, oignons\",\"idxP\":64},{\"mq\":\"Puratos\",\"nm\":\"Nappage miroir neutre\",\"nme\":\"Neutral Mirror Glaze\",\"attr\":\"\",\"sku\":\"10477\",\"l2\":\"Ingr\u00E9dient de p\u00E2tisserie\",\"sl\":\"nappage-miroir-neutre-puratos-10477\",\"sn\":\"\",\"idxP\":28},{\"mq\":\"Panealba\",\"nm\":\"Grissini au s\u00E9same Griss d'Or\",\"nme\":\"Griss d'Or Sesame Grissini\",\"attr\":\"\",\"sku\":\"33811\",\"l2\":\"Biscuit et craquelin\",\"sl\":\"grissini-au-sesame-griss-dor-panealba-33811\",\"sn\":\"\",\"idxP\":23},{\"mq\":\"Granforno\",\"nm\":\"Grissini Torino\",\"nme\":\"Torino Grissini\",\"attr\":\"\",\"sku\":\"32421\",\"l2\":\"Biscuit et craquelin\",\"sl\":\"grissini-torino-granforno-32421\",\"sn\":\"\",\"idxP\":84},{\"mq\":\"Planters\",\"nm\":\"Huile d'arachide\",\"nme\":\"Peanut Oil\",\"attr\":\"\",\"sku\":\"37824\",\"l2\":\"Huile et vinaigre\",\"sl\":\"huile-darachide-planters-37824\",\"sn\":\"\",\"idxP\":75},{\"mq\":\"Smuckers\",\"nm\":\"Garniture de d\u00E9coration saveur chocolat\",\"nme\":\"Chocolate Flavoured Decorating Syrup\",\"attr\":\"\",\"sku\":\"37710\",\"l2\":\"Ingr\u00E9dient de p\u00E2tisserie\",\"sl\":\"garniture-de-decoration-saveur-chocolat-smuckers-37710\",\"sn\":\"\",\"idxP\":55},{\"mq\":\"Skor\",\"nm\":\"Garniture Skor concass\u00E9e pour coupe glac\u00E9e\",\"nme\":\"Skor topping for sundae\",\"attr\":\"\",\"sku\":\"43179\",\"l2\":\"Bar laitier\",\"sl\":\"garniture-skor-concassee-pour-coupe-glacee-skor-43179\",\"sn\":\"\",\"idxP\":46},{\"mq\":\"Smuckers\",\"nm\":\"Garniture de d\u00E9coration saveur caramel\",\"nme\":\"Caramel Flavoured Decorating Syrup\",\"attr\":\"\",\"sku\":\"37712\",\"l2\":\"Ingr\u00E9dient de p\u00E2tisserie\",\"sl\":\"garniture-de-decoration-saveur-caramel-smuckers-37712\",\"sn\":\"\",\"idxP\":42},{\"mq\":\"Agrocan\",\"nm\":\"Ananas tranch\u00E9s dans un sirop l\u00E9ger\",\"nme\":\"Sliced Pineapple in Light Syrup\",\"attr\":\"\",\"sku\":\"41772\",\"l2\":\"Fruit en conserve\",\"sl\":\"ananas-tranches-dans-un-sirop-leger-agrocan-41772\",\"sn\":\"apples, ananas\",\"idxP\":71},{\"mq\":\"Diana\",\"nm\":\"Sauce barbecue \u00E9pic\u00E9e\",\"nme\":\"Spicy BBQ Sauce\",\"attr\":\"\",\"sku\":\"43742\",\"l2\":\"Sauce\",\"sl\":\"sauce-barbecue-epicee-diana-43742\",\"sn\":\"BBQ\",\"idxP\":19},{\"mq\":\"Bonne Maman\",\"nm\":\"Confiture de fraises\",\"nme\":\"Strawberry Jam\",\"attr\":\"\",\"sku\":\"49142\",\"l2\":\"Confiture et tartinade\",\"sl\":\"confiture-de-fraises-bonne-maman-49142\",\"sn\":\"fraises\",\"idxP\":81},{\"mq\":\"Smuckers\",\"nm\":\"Garniture de d\u00E9coration \u00E0 la framboise\",\"nme\":\"Raspberry Decorating Syrup\",\"attr\":\"\",\"sku\":\"37709\",\"l2\":\"Ingr\u00E9dient de p\u00E2tisserie\",\"sl\":\"garniture-de-decoration-a-la-framboise-smuckers-37709\",\"sn\":\"framboises\",\"idxP\":50},{\"mq\":\"Agrocan\",\"nm\":\"Ananas bouch\u00E9es coup\u00E9 pour pizza\",\"nme\":\"Pineapple Tidbits Pizza Cut\",\"attr\":\"\",\"sku\":\"41771\",\"l2\":\"Fruit en conserve\",\"sl\":\"ananas-bouchees-coupe-pour-pizza-agrocan-41771\",\"sn\":\"apples, ananas\",\"idxP\":82},{\"mq\":\"Nut to you\",\"nm\":\"Beurre d'amande cr\u00E9meux\",\"nme\":\"Creamy Almond Butter\",\"attr\":\"\",\"sku\":\"40012\",\"l2\":\"Confiture et tartinade\",\"sl\":\"beurre-damande-cremeux-nut-to-you-40012\",\"sn\":\"amandes\",\"idxP\":52},{\"mq\":\"Sun Med\",\"nm\":\"Poires bartlett tranch\u00E9e\",\"nme\":\"Sliced Barlett Pears\",\"attr\":\"\",\"sku\":\"18520\",\"l2\":\"Fruit en conserve\",\"sl\":\"poires-bartlett-tranchee-sun-med-18520\",\"sn\":\"poires\",\"idxP\":81},{\"mq\":\"HP\",\"nm\":\"Sauce bifteck bouteille\",\"nme\":\"Steak Sauce\",\"attr\":\"\",\"sku\":\"08894\",\"l2\":\"Condiment\",\"sl\":\"sauce-bifteck-bouteille-hp-08894\",\"sn\":\"steak\",\"idxP\":56},{\"mq\":\"V-H\",\"nm\":\"Sauce soya\",\"nme\":\"Soya Sauce\",\"attr\":\"\",\"sku\":\"26462\",\"l2\":\"Condiment\",\"sl\":\"sauce-soya-v-h-26462\",\"sn\":\"\",\"idxP\":49},{\"mq\":\"Diana\",\"nm\":\"Sauce barbecue miel et ail\",\"nme\":\"Honey and Garlic BBQ Sauce 3.78 L\",\"attr\":\"\",\"sku\":\"39744\",\"l2\":\"Sauce\",\"sl\":\"sauce-barbecue-miel-et-ail-diana-39744\",\"sn\":\"BBQ\",\"idxP\":26},{\"mq\":\"Diana\",\"nm\":\"Sauce tha\u00EFlandaise douce et \u00E9pic\u00E9e\",\"nme\":\"Sweet and Spicy Tha\u00EF Sauce\",\"attr\":\"\",\"sku\":\"43838\",\"l2\":\"Sauce\",\"sl\":\"sauce-thailandaise-douce-et-epicee-diana-43838\",\"sn\":\"\",\"idxP\":39},{\"mq\":\"Cibona\",\"nm\":\"Vinaigrette ranch\",\"nme\":\"Ranch Dressing\",\"attr\":\"\",\"sku\":\"34097\",\"l2\":\"Vinaigrette et Cro\u00FBton\",\"sl\":\"vinaigrette-ranch-cibona-34097\",\"sn\":\"\",\"idxP\":24},{\"mq\":\"Stokely\",\"nm\":\"Haricots verts coup\u00E9s\",\"nme\":\"Cut Green Beans\",\"attr\":\"\",\"sku\":\"49416\",\"l2\":\"L\u00E9gume en conserve\",\"sl\":\"haricots-verts-coupes-stokely-49416\",\"sn\":\"\",\"idxP\":82},{\"mq\":\"McLean\",\"nm\":\"Base framboise bleue pour barbotine RTU 5+1\",\"nme\":\"Blue Raspberry Syrup Slush Base RTU 5+1\",\"attr\":\"\",\"sku\":\"47840\",\"l2\":\"Bar laitier\",\"sl\":\"base-framboise-bleue-pour-barbotine-rtu-51-mclean-47840\",\"sn\":\"slush, framboises\",\"idxP\":36},{\"mq\":\"Alpino\",\"nm\":\"P\u00E2te concentr\u00E9e de tomates\",\"nme\":\"Concentrate Tomato Paste\",\"attr\":\"\",\"sku\":\"41631\",\"l2\":\"Tomate en conserve\",\"sl\":\"pate-concentree-de-tomates-alpino-41631\",\"sn\":\"tomates\",\"idxP\":85},{\"mq\":\"De Nigris\",\"nm\":\"Condiment blanc au vinaigre balsamique de Mod\u00E8ne\",\"nme\":\"White Condiment with Modena Balsamic Vinegar\",\"attr\":\"\",\"sku\":\"41770\",\"l2\":\"Huile et vinaigre\",\"sl\":\"condiment-blanc-au-vinaigre-balsamique-de-modene-de-nigris-41770\",\"sn\":\"\",\"idxP\":61},{\"mq\":\"Stokely\",\"nm\":\"Mac\u00E9doine de l\u00E9gumes\",\"nme\":\"Mixed Vegetables\",\"attr\":\"\",\"sku\":\"49418\",\"l2\":\"L\u00E9gume en conserve\",\"sl\":\"macedoine-de-legumes-stokely-49418\",\"sn\":\"\",\"idxP\":87},{\"mq\":\"Labont\u00E9\",\"nm\":\"Miel liquide\",\"nme\":\"Liquid Honey\",\"attr\":\"\",\"sku\":\"46580\",\"l2\":\"Confiture et tartinade\",\"sl\":\"miel-liquide-labonte-46580\",\"sn\":\"\",\"idxP\":100},{\"mq\":\"Sun Med\",\"nm\":\"P\u00EAches tranch\u00E9es\",\"nme\":\"Peach Slices\",\"attr\":\"\",\"sku\":\"24021\",\"l2\":\"Fruit en conserve\",\"sl\":\"peches-tranchees-sun-med-24021\",\"sn\":\"\",\"idxP\":99},{\"mq\":\"Misura\",\"nm\":\"Craquelins au bl\u00E9 entier 385 g\",\"nme\":\"Whole Wheat Crackers 385 g\",\"attr\":\"\",\"sku\":\"22523\",\"l2\":\"Biscuit et craquelin\",\"sl\":\"craquelins-au-ble-entier-385-g-misura-22523\",\"sn\":\"\",\"idxP\":21},{\"mq\":\"Cibona\",\"nm\":\"Vinaigrette fran\u00E7aise\",\"nme\":\"French Dressing\",\"attr\":\"\",\"sku\":\"34095\",\"l2\":\"Vinaigrette et Cro\u00FBton\",\"sl\":\"vinaigrette-francaise-cibona-34095\",\"sn\":\"\",\"idxP\":33},{\"mq\":\"Gallo\",\"nm\":\"Huile d'olive\",\"nme\":\"Olive Oil\",\"attr\":\"\",\"sku\":\"49547\",\"l2\":\"Huile et vinaigre\",\"sl\":\"huile-dolive-gallo-49547\",\"sn\":\"\",\"idxP\":68},{\"mq\":\"Ma Tartinade\",\"nm\":\"Tartinade d'orange avec pectine\",\"nme\":\"Orange Spread with Pectin\",\"attr\":\"\",\"sku\":\"32641\",\"l2\":\"Confiture et tartinade\",\"sl\":\"tartinade-dorange-avec-pectine-ma-tartinade-32641\",\"sn\":\"\",\"idxP\":62},{\"mq\":\"La Perla\",\"nm\":\"Huile de tournesol\",\"nme\":\"Sunflower Oil\",\"attr\":\"\",\"sku\":\"47682\",\"l2\":\"Huile et vinaigre\",\"sl\":\"huile-de-tournesol-la-perla-47682\",\"sn\":\"\",\"idxP\":100},{\"mq\":\"McLean\",\"nm\":\"Sirop barbe \u00E0 papa bleue pour barbotine\",\"nme\":\"Blue Cotton Candy Syrup\",\"attr\":\"\",\"sku\":\"24105\",\"l2\":\"Bar laitier\",\"sl\":\"sirop-barbe-a-papa-bleue-pour-barbotine-mclean-24105\",\"sn\":\"slush\",\"idxP\":13},{\"mq\":\"Parador\",\"nm\":\"Bouillon de l\u00E9gumes concentr\u00E9\",\"nme\":\"Vegetable Concentrated Broth\",\"attr\":\"Produit local\",\"sku\":\"23956\",\"l2\":\"Soupe et bouillon\",\"sl\":\"bouillon-de-legumes-concentre-parador-23956\",\"sn\":\"\",\"idxP\":39},{\"mq\":\"Parador\",\"nm\":\"Assaisonnement liquide riz pilaf\",\"nme\":\"Pilaf Rice Liquid Seasoning\",\"attr\":\"Produit local\",\"sku\":\"31094\",\"l2\":\"Condiment\",\"sl\":\"assaisonnement-liquide-riz-pilaf-parador-31094\",\"sn\":\"\",\"idxP\":38},{\"mq\":\"McLean\",\"nm\":\"Sirop fraise pour barbotine\",\"nme\":\"Strawberry Slush Syrup\",\"attr\":\"\",\"sku\":\"36014\",\"l2\":\"Bar laitier\",\"sl\":\"sirop-fraise-pour-barbotine-mclean-36014\",\"sn\":\"slush, fraises\",\"idxP\":11},{\"mq\":\"Allen's\",\"nm\":\"Vinaigre de cidre de pommes\",\"nme\":\"Apple Cider Vinegar\",\"attr\":\"\",\"sku\":\"39414\",\"l2\":\"Huile et vinaigre\",\"sl\":\"vinaigre-de-cidre-de-pommes-allens-39414\",\"sn\":\"apples, pommes\",\"idxP\":58},{\"mq\":\"Stokely\",\"nm\":\"Ma\u00EFs cr\u00E8me\",\"nme\":\"Cream Style Corn\",\"attr\":\"\",\"sku\":\"49421\",\"l2\":\"L\u00E9gume en conserve\",\"sl\":\"mais-creme-stokely-49421\",\"sn\":\"\",\"idxP\":100},{\"mq\":\"La Perla\",\"nm\":\"Huile v\u00E9g\u00E9tale\",\"nme\":\"Vegetal Oil\",\"attr\":\"\",\"sku\":\"44196\",\"l2\":\"Huile et vinaigre\",\"sl\":\"huile-vegetale-la-perla-44196\",\"sn\":\"\",\"idxP\":100},{\"mq\":\"Sardo\",\"nm\":\"Olives m\u00E9li m\u00E9lo\",\"nme\":\"Party Mix Olives\",\"attr\":\"\",\"sku\":\"24374\",\"l2\":\"Marinade\",\"sl\":\"olives-meli-melo-sardo-24374\",\"sn\":\"\",\"idxP\":27},{\"mq\":\"Sardo\",\"nm\":\"Olive Kalamata\",\"nme\":\"Kalamata Olive\",\"attr\":\"\",\"sku\":\"24372\",\"l2\":\"Marinade\",\"sl\":\"olive-kalamata-sardo-24372\",\"sn\":\"\",\"idxP\":32},{\"mq\":\"Sardo\",\"nm\":\"Olives vertes farcies\",\"nme\":\"Stuffed Green Olives\",\"attr\":\"\",\"sku\":\"24373\",\"l2\":\"Marinade\",\"sl\":\"olives-vertes-farcies-sardo-24373\",\"sn\":\"\",\"idxP\":31},{\"mq\":\"Muy Fresco\",\"nm\":\"Sauce fromage cheddar\",\"nme\":\"Cheddar Cheese Sauce\",\"attr\":\"Sans gluten\",\"sku\":\"23470\",\"l2\":\"Condiment\",\"sl\":\"sauce-fromage-cheddar-muy-fresco-23470\",\"sn\":\"fromages\",\"idxP\":39},{\"mq\":\"Pompe\",\"nm\":\"Pompe plastique 100 oz\",\"nme\":\"Plastic Pump 100oz\",\"attr\":\"\",\"sku\":\"38470\",\"l2\":\"Condiment\",\"sl\":\"pompe-plastique-100-oz-pompe-38470\",\"sn\":\"\",\"idxP\":35},{\"mq\":\"Golosini\",\"nm\":\"Poivrons grill\u00E9s dans l'huile\",\"nme\":\"Grilled Mild Peppers in Oil\",\"attr\":\"\",\"sku\":\"07729\",\"l2\":\"Marinade\",\"sl\":\"poivrons-grilles-dans-lhuile-golosini-07729\",\"sn\":\"\",\"idxP\":19},{\"mq\":\"Tousain\",\"nm\":\"Foie de morue dans son huile\",\"nme\":\"Cod Liver in Own Oil\",\"attr\":\"\",\"sku\":\"19904\",\"l2\":\"Poisson et viande en conserve\",\"sl\":\"foie-de-morue-dans-son-huile-tousain-19904\",\"sn\":\"\",\"idxP\":100},{\"mq\":\"Clover Leaf\",\"nm\":\"Thon blanc \u00E9miett\u00E9 dans l'eau\",\"nme\":\"Flaked White Tuna In Water\",\"attr\":\"\",\"sku\":\"28524\",\"l2\":\"Poisson et viande en conserve\",\"sl\":\"thon-blanc-emiette-dans-leau-clover-leaf-28524\",\"sn\":\"\",\"idxP\":75},{\"mq\":\"Clover Leaf\",\"nm\":\"Petites palourdes enti\u00E8res dans l'eau\",\"nme\":\"Whole Baby Clams in Water\",\"attr\":\"\",\"sku\":\"32564\",\"l2\":\"Poisson et viande en conserve\",\"sl\":\"petites-palourdes-entieres-dans-leau-clover-leaf-32564\",\"sn\":\"\",\"idxP\":92},{\"mq\":\"Brunswick\",\"nm\":\"Sardines \u00E0 l'eau de source\",\"nme\":\"Sardines in Spring Water\",\"attr\":\"\",\"sku\":\"42864\",\"l2\":\"Poisson et viande en conserve\",\"sl\":\"sardines-a-leau-de-source-brunswick-42864\",\"sn\":\"\",\"idxP\":83},{\"mq\":\"El Rabioso\",\"nm\":\"Croustilles triangulaires ma\u00EFs jaune sal\u00E9es\",\"nme\":\"Tortilla Chips Triangular Yellow Salted\",\"attr\":\"Sans gluten\",\"sku\":\"24922\",\"l2\":\"Croustille et grignotine\",\"sl\":\"croustilles-triangulaires-mais-jaune-salees-el-rabioso-24922\",\"sn\":\"croustille\",\"idxP\":78},{\"mq\":\"Pastene\",\"nm\":\"Thon p\u00E2le entier \u00E0 l'huile v\u00E9g\u00E9tale\",\"nme\":\"Solid Light Tuna in Vegetable Oil\",\"attr\":\"\",\"sku\":\"18888\",\"l2\":\"Poisson et viande en conserve\",\"sl\":\"thon-pale-entier-a-lhuile-vegetale-pastene-18888\",\"sn\":\"\",\"idxP\":96},{\"mq\":\"Irini\",\"nm\":\"Olives vertes g\u00E9antes 1 L\",\"nme\":\"Green Giant Olives\",\"attr\":\"\",\"sku\":\"11337\",\"l2\":\"Marinade\",\"sl\":\"olives-vertes-geantes-irini-11337\",\"sn\":\"\",\"idxP\":40},{\"mq\":\"La Costena\",\"nm\":\"Haricots pinto frits\",\"nme\":\"Refried Pinto Beans\",\"attr\":\"\",\"sku\":\"13594\",\"l2\":\"L\u00E9gume en conserve\",\"sl\":\"haricots-pinto-frits-la-costena-13594\",\"sn\":\"\",\"idxP\":51},{\"mq\":\"Drago\",\"nm\":\"Gingembre jaune marin\u00E9\",\"nme\":\"Yellow Pickled Ginger\",\"attr\":\"\",\"sku\":\"24115\",\"l2\":\"Marinade\",\"sl\":\"gingembre-jaune-marine-drago-24115\",\"sn\":\"\",\"idxP\":49},{\"mq\":\"Golosini\",\"nm\":\"Artichauts grill\u00E9s dans l'huile\",\"nme\":\"Grilled Artichokes in Oil\",\"attr\":\"\",\"sku\":\"32433\",\"l2\":\"Marinade\",\"sl\":\"artichauts-grilles-dans-lhuile-golosini-32433\",\"sn\":\"\",\"idxP\":47},{\"mq\":\"Rio Mare\",\"nm\":\"Salade de haricots et thon p\u00E2le\",\"nme\":\"Beans and Light Tuna Salad\",\"attr\":\"\",\"sku\":\"46682\",\"l2\":\"Poisson et viande en conserve\",\"sl\":\"salade-de-haricots-et-thon-pale-rio-mare-46682\",\"sn\":\"\",\"idxP\":64},{\"mq\":\"Wolski\",\"nm\":\"Choucroute Kapusta Kwaszona\",\"nme\":\"Sauerkraut Kapusta Kwaszona\",\"attr\":\"\",\"sku\":\"17490\",\"l2\":\"Marinade\",\"sl\":\"choucroute-kapusta-kwaszona-wolski-17490\",\"sn\":\"\",\"idxP\":88},{\"mq\":\"Golosini\",\"nm\":\"Champignons pleurotes dans l'huile\",\"nme\":\"Oyster Mushrooms in Oil\",\"attr\":\"\",\"sku\":\"32431\",\"l2\":\"Marinade\",\"sl\":\"champignons-pleurotes-dans-lhuile-golosini-32431\",\"sn\":\"\",\"idxP\":20},{\"mq\":\"La Pugliesina\",\"nm\":\"Olives m\u00E9lang\u00E9es m\u00E9diterran\u00E9ennes\",\"nme\":\"Mediterranean Mixed Olives\",\"attr\":\"\",\"sku\":\"33469\",\"l2\":\"Marinade\",\"sl\":\"olives-melangees-mediterraneennes-la-pugliesina-33469\",\"sn\":\"\",\"idxP\":37},{\"mq\":\"Brunswick\",\"nm\":\"Sardines aux piments forts\",\"nme\":\"Sardines with Hot Peppers\",\"attr\":\"\",\"sku\":\"42863\",\"l2\":\"Poisson et viande en conserve\",\"sl\":\"sardines-aux-piments-forts-brunswick-42863\",\"sn\":\"piments\",\"idxP\":77},{\"mq\":\"Livia\",\"nm\":\"Piments forts tranch\u00E9s\",\"nme\":\"Hot Sliced Peppers\",\"attr\":\"\",\"sku\":\"48454\",\"l2\":\"Marinade\",\"sl\":\"piments-forts-tranches-livia-48454\",\"sn\":\"piments\",\"idxP\":63},{\"mq\":\"Pastene\",\"nm\":\"Sardines dans l'huile d'olive\",\"nme\":\"Sardines in Olive Oil\",\"attr\":\"\",\"sku\":\"49932\",\"l2\":\"Poisson et viande en conserve\",\"sl\":\"sardines-dans-lhuile-dolive-pastene-49932\",\"sn\":\"\",\"idxP\":87},{\"mq\":\"Tutto Calabria\",\"nm\":\"Piments forts broy\u00E9s\",\"nme\":\"Crushed Hot Chili Peppers\",\"attr\":\"\",\"sku\":\"30442\",\"l2\":\"Marinade\",\"sl\":\"piments-forts-broyes-tutto-calabria-30442\",\"sn\":\"piments\",\"idxP\":23},{\"mq\":\"Livia\",\"nm\":\"Aubergines marin\u00E9es dans l'huile\",\"nme\":\"Pickled Eggplants in Oil\",\"attr\":\"\",\"sku\":\"48431\",\"l2\":\"Marinade\",\"sl\":\"aubergines-marinees-dans-lhuile-livia-48431\",\"sn\":\"aubergines\",\"idxP\":27},{\"mq\":\"Golosini\",\"nm\":\"Aubergines piquantes dans l'huile\",\"nme\":\"Hot Eggplants in Oil\",\"attr\":\"\",\"sku\":\"21756\",\"l2\":\"Marinade\",\"sl\":\"aubergines-piquantes-dans-lhuile-golosini-21756\",\"sn\":\"aubergines\",\"idxP\":27},{\"mq\":\"Livia\",\"nm\":\"Tomates s\u00E9ch\u00E9es dans l'huile\",\"nme\":\"Sun Dried Tomatoes in Oil\",\"attr\":\"\",\"sku\":\"48456\",\"l2\":\"Marinade\",\"sl\":\"tomates-sechees-dans-lhuile-livia-48456\",\"sn\":\"tomates\",\"idxP\":54},{\"mq\":\"Try Me\",\"nm\":\"Liquide saveur de fum\u00E9e\",\"nme\":\"Smoke Flavour Liquid\",\"attr\":\"\",\"sku\":\"15393\",\"l2\":\"Condiment\",\"sl\":\"liquide-saveur-de-fumee-try-me-15393\",\"sn\":\"\",\"idxP\":52},{\"mq\":\"Rio Mare\",\"nm\":\"Thon p\u00E2le entier dans l'huile d'olive\",\"nme\":\"Solid Light Tuna in Olive Oil\",\"attr\":\"\",\"sku\":\"30508\",\"l2\":\"Poisson et viande en conserve\",\"sl\":\"thon-pale-entier-dans-lhuile-dolive-rio-mare-30508\",\"sn\":\"\",\"idxP\":100},{\"mq\":\"Rio Mare\",\"nm\":\"Salade de thon p\u00E2le \u00E0 la mexicaine\",\"nme\":\"Mexican Style Light Tuna Salad\",\"attr\":\"\",\"sku\":\"46683\",\"l2\":\"Poisson et viande en conserve\",\"sl\":\"salade-de-thon-pale-a-la-mexicaine-rio-mare-46683\",\"sn\":\"\",\"idxP\":67},{\"mq\":\"Ma Tartinade\",\"nm\":\"Confiture de fraises avec pectine\",\"nme\":\"Strawberry Jam\",\"attr\":\"\",\"sku\":\"34837\",\"l2\":\"Confiture et tartinade\",\"sl\":\"confiture-de-fraises-avec-pectine-ma-tartinade-34837\",\"sn\":\"fraises\",\"idxP\":100},{\"mq\":\"Wafu\",\"nm\":\"Tartinade \u00E0 la japonaise \u00E9pic\u00E9e\",\"nme\":\"Spicy Japanese Style Spread\",\"attr\":\"\",\"sku\":\"31053\",\"l2\":\"Condiment\",\"sl\":\"tartinade-a-la-japonaise-epicee-wafu-31053\",\"sn\":\"\",\"idxP\":41},{\"mq\":\"Rose Hill\",\"nm\":\"Feuilles de laurier enti\u00E8res\",\"nme\":\"Bay Leaves\",\"attr\":\"Produit local\",\"sku\":\"38174\",\"l2\":\"\u00C9pice, sel et poivre\",\"sl\":\"feuilles-de-laurier-entieres-rose-hill-38174\",\"sn\":\"\",\"idxP\":47},{\"mq\":\"Rio Mare\",\"nm\":\"Thon p\u00E2le entier dans l'eau\",\"nme\":\"Solid Light Tuna in Water\",\"attr\":\"\",\"sku\":\"10144\",\"l2\":\"Poisson et viande en conserve\",\"sl\":\"thon-pale-entier-dans-leau-rio-mare-10144\",\"sn\":\"\",\"idxP\":76},{\"mq\":\"Dunya\",\"nm\":\"Riz basmati\",\"nme\":\"Basmati Rice\",\"attr\":\"\",\"sku\":\"07243\",\"l2\":\"Riz et grain\",\"sl\":\"riz-basmati-dunya-07243\",\"sn\":\"\",\"idxP\":96},{\"mq\":\"Unico\",\"nm\":\"Petites palourdes enti\u00E8res\",\"nme\":\"Whole Baby Clams\",\"attr\":\"\",\"sku\":\"09789\",\"l2\":\"Poisson et viande en conserve\",\"sl\":\"petites-palourdes-entieres-unico-09789\",\"sn\":\"\",\"idxP\":91},{\"mq\":\"Par Excellence\",\"nm\":\"Riz \u00E9tuv\u00E9\",\"nme\":\"Parboiled Rice\",\"attr\":\"\",\"sku\":\"21903\",\"l2\":\"Riz et grain\",\"sl\":\"riz-etuve-par-excellence-21903\",\"sn\":\"\",\"idxP\":55},{\"mq\":\"Livia\",\"nm\":\"Antipasto calabrese piquant\",\"nme\":\"Calabrese Hot Antipasto\",\"attr\":\"\",\"sku\":\"48428\",\"l2\":\"Marinade\",\"sl\":\"antipasto-calabrese-piquant-livia-48428\",\"sn\":\"\",\"idxP\":26},{\"mq\":\"Jell-O\",\"nm\":\"M\u00E9lange pour g\u00E2teau au fromage\",\"nme\":\"Cheesecake Mix\",\"attr\":\"\",\"sku\":\"19990\",\"l2\":\"Ingr\u00E9dient de p\u00E2tisserie\",\"sl\":\"melange-pour-gateau-au-fromage-jell-o-19990\",\"sn\":\"fromages\",\"idxP\":38},{\"mq\":\"Brunswick\",\"nm\":\"Filets de sardine or bouch\u00E9es de la mer\",\"nme\":\"Sardine Fillets Seafood Snacks\",\"attr\":\"\",\"sku\":\"12733\",\"l2\":\"Poisson et viande en conserve\",\"sl\":\"filets-de-sardine-or-bouchees-de-la-mer-brunswick-12733\",\"sn\":\"\",\"idxP\":84},{\"mq\":\"Wolski\",\"nm\":\"Champignons marin\u00E9s\",\"nme\":\"Pickled Mushrooms\",\"attr\":\"\",\"sku\":\"18291\",\"l2\":\"Marinade\",\"sl\":\"champignons-marines-wolski-18291\",\"sn\":\"\",\"idxP\":60},{\"mq\":\"Pastene\",\"nm\":\"Tomates s\u00E9ch\u00E9es au soleil dans l'huile\",\"nme\":\"Sundried Tomatoes in Oil\",\"attr\":\"\",\"sku\":\"15980\",\"l2\":\"Marinade\",\"sl\":\"tomates-sechees-au-soleil-dans-lhuile-pastene-15980\",\"sn\":\"tomates\",\"idxP\":65},{\"mq\":\"Orgoglio\",\"nm\":\"Tomates italiennes au basilic\",\"nme\":\"Basil Italian Olives\",\"attr\":\"\",\"sku\":\"16853\",\"l2\":\"Tomate en conserve\",\"sl\":\"tomates-italiennes-au-basilic-orgoglio-16853\",\"sn\":\"tomates\",\"idxP\":81},{\"mq\":\"Sun Med\",\"nm\":\"Olives vertes enti\u00E8res\",\"nme\":\"Whole Green Olives\",\"attr\":\"\",\"sku\":\"34187\",\"l2\":\"Marinade\",\"sl\":\"olives-vertes-entieres-sun-med-34187\",\"sn\":\"\",\"idxP\":48},{\"mq\":\"La Pugliesina\",\"nm\":\"Champignons pleurotes\",\"nme\":\"Oyster Mushrooms\",\"attr\":\"\",\"sku\":\"35690\",\"l2\":\"Marinade\",\"sl\":\"champignons-pleurotes-la-pugliesina-35690\",\"sn\":\"\",\"idxP\":15},{\"mq\":\"Marcellas\",\"nm\":\"Olives cocktail assaisonn\u00E9es d\u00E9noyaut\u00E9es\",\"nme\":\"Pitted Seasoned Cocktail Olives\",\"attr\":\"\",\"sku\":\"36346\",\"l2\":\"Marinade\",\"sl\":\"olives-cocktail-assaisonnees-denoyautees-marcellas-36346\",\"sn\":\"\",\"idxP\":42},{\"mq\":\"Marcellas\",\"nm\":\"Olives vertes castelvetrano\",\"nme\":\"Castelvetrano Green Olives\",\"attr\":\"\",\"sku\":\"37144\",\"l2\":\"Marinade\",\"sl\":\"olives-vertes-castelvetrano-marcellas-37144\",\"sn\":\"\",\"idxP\":9},{\"mq\":\"Quaker\",\"nm\":\"M\u00E9lange \u00E0 muffin avoine\",\"nme\":\"Oatmeal Muffin Mix\",\"attr\":\"\",\"sku\":\"48385\",\"l2\":\"Ingr\u00E9dient de p\u00E2tisserie\",\"sl\":\"melange-a-muffin-avoine-quaker-48385\",\"sn\":\"\",\"idxP\":33},{\"mq\":\"Valentina\",\"nm\":\"Sauce mexicaine extra piquante\",\"nme\":\"Mexican Extra Hot Sauce\",\"attr\":\"\",\"sku\":\"12646\",\"l2\":\"Condiment\",\"sl\":\"sauce-mexicaine-extra-piquante-valentina-12646\",\"sn\":\"\",\"idxP\":65}], [{\"mq\":\"Clover Leaf\",\"nm\":\"Thon p\u00E2le en morceaux\",\"nme\":\"Chunk Light Tuna\",\"attr\":\"\",\"sku\":\"25366\",\"l2\":\"Poisson et viande en conserve\",\"sl\":\"thon-pale-en-morceaux-clover-leaf-25366\",\"sn\":\"\",\"idxP\":100},{\"mq\":\"La Pugliesina\",\"nm\":\"Olives baresana\",\"nme\":\"Baresana Olives\",\"attr\":\"\",\"sku\":\"13418\",\"l2\":\"Marinade\",\"sl\":\"olives-baresana-la-pugliesina-13418\",\"sn\":\"\",\"idxP\":10},{\"mq\":\"Marcellas\",\"nm\":\"Olives \u00E9pic\u00E9es calabrese\",\"nme\":\"Calabrese Olives\",\"attr\":\"\",\"sku\":\"10082\",\"l2\":\"Marinade\",\"sl\":\"olives-epicees-calabrese-marcellas-10082\",\"sn\":\"\",\"idxP\":17},{\"mq\":\"Golosini\",\"nm\":\"Artichauts avec tige\",\"nme\":\"Artichokes with Stem\",\"attr\":\"\",\"sku\":\"32432\",\"l2\":\"Marinade\",\"sl\":\"artichauts-avec-tige-golosini-32432\",\"sn\":\"\",\"idxP\":32},{\"mq\":\"La Costena\",\"nm\":\"Haricots noirs entiers\",\"nme\":\"Whole Black Bean\",\"attr\":\"\",\"sku\":\"06075\",\"l2\":\"L\u00E9gume en conserve\",\"sl\":\"haricots-noirs-entiers-la-costena-06075\",\"sn\":\"\",\"idxP\":49},{\"mq\":\"Elysee\",\"nm\":\"C\u00E9leri rave \u00E9minc\u00E9\",\"nme\":\"Thin Sliced Celeriac\",\"attr\":\"\",\"sku\":\"35899\",\"l2\":\"L\u00E9gume en conserve\",\"sl\":\"celeri-rave-emince-elysee-35899\",\"sn\":\"\",\"idxP\":84},{\"mq\":\"Marcellas\",\"nm\":\"Olives noires assaisonn\u00E9es\",\"nme\":\"Seasoned Black Olives\",\"attr\":\"\",\"sku\":\"36345\",\"l2\":\"Marinade\",\"sl\":\"olives-noires-assaisonnees-marcellas-36345\",\"sn\":\"\",\"idxP\":18},{\"mq\":\"Valli\",\"nm\":\"Caperons marin\u00E9s\",\"nme\":\"Marinated Caperberries\",\"attr\":\"\",\"sku\":\"35529\",\"l2\":\"Marinade\",\"sl\":\"caperons-marines-valli-35529\",\"sn\":\"\",\"idxP\":57},{\"mq\":\"Marcellas\",\"nm\":\"Olives concass\u00E9es de l'Etna\",\"nme\":\"Spicy Crushed Etna Olives\",\"attr\":\"\",\"sku\":\"36437\",\"l2\":\"Marinade\",\"sl\":\"olives-concassees-de-letna-marcellas-36437\",\"sn\":\"\",\"idxP\":19},{\"mq\":\"Valli\",\"nm\":\"Piment jalapeno fort dans l'huile\",\"nme\":\"Japaleno Hot Peppers in Oil\",\"attr\":\"\",\"sku\":\"45557\",\"l2\":\"Marinade\",\"sl\":\"piment-jalapeno-fort-dans-lhuile-valli-45557\",\"sn\":\"piments\",\"idxP\":45},{\"mq\":\"Valentina\",\"nm\":\"Sauce rouge \u00E9pic\u00E9e\",\"nme\":\"Mexican Hot Sauce\",\"attr\":\"\",\"sku\":\"12645\",\"l2\":\"Condiment\",\"sl\":\"sauce-rouge-epicee-valentina-12645\",\"sn\":\"\",\"idxP\":71},{\"mq\":\"La Pugliesina\",\"nm\":\"M\u00E9lange de champignons\",\"nme\":\"Mixed Mushrooms\",\"attr\":\"\",\"sku\":\"35688\",\"l2\":\"Marinade\",\"sl\":\"melange-de-champignons-la-pugliesina-35688\",\"sn\":\"\",\"idxP\":36},{\"mq\":\"Valli\",\"nm\":\"C\u00E2pres marin\u00E9es\",\"nme\":\"Marinated Capers\",\"attr\":\"\",\"sku\":\"35528\",\"l2\":\"Marinade\",\"sl\":\"capres-marinees-valli-35528\",\"sn\":\"\",\"idxP\":94},{\"mq\":\"Kellogg's\",\"nm\":\"C\u00E9r\u00E9ales Corn Flakes\",\"nme\":\"Corn Flakes Cereals\",\"attr\":\"\",\"sku\":\"34863\",\"l2\":\"C\u00E9r\u00E9ales et barre\",\"sl\":\"cereales-corn-flakes-kelloggs-34863\",\"sn\":\"\",\"idxP\":21},{\"mq\":\"Cibona\",\"nm\":\"Mayonnaise\",\"nme\":\"Mayonnaise\",\"attr\":\"\",\"sku\":\"15923\",\"l2\":\"Condiment\",\"sl\":\"mayonnaise-cibona-15923\",\"sn\":\"mayonnaise\",\"idxP\":100},{\"mq\":\"Antica Bont\u00E0\",\"nm\":\"Poivrons rouges r\u00F4tis doux\",\"nme\":\"Roasted Mild Red Peppers\",\"attr\":\"\",\"sku\":\"36178\",\"l2\":\"Marinade\",\"sl\":\"poivrons-rouges-rotis-doux-antica-bonta-36178\",\"sn\":\"\",\"idxP\":49},{\"mq\":\"M.Lord\",\"nm\":\"Escargot x36\",\"nme\":\"Snail x36\",\"attr\":\"\",\"sku\":\"06397\",\"l2\":\"Poisson et viande en conserve\",\"sl\":\"escargot-x36-m.lord-06397\",\"sn\":\"\",\"idxP\":97},{\"mq\":\"Embassy\",\"nm\":\"Essence de vanille blanche\",\"nme\":\"White Extract Vanilla\",\"attr\":\"\",\"sku\":\"12181\",\"l2\":\"Ingr\u00E9dient de p\u00E2tisserie\",\"sl\":\"essence-de-vanille-blanche-embassy-12181\",\"sn\":\"\",\"idxP\":53},{\"mq\":\"San Marzano\",\"nm\":\"Sauce aux 4 fromages\",\"nme\":\"Four Cheese Sauce\",\"attr\":\"\",\"sku\":\"24808\",\"l2\":\"Sauce\",\"sl\":\"sauce-aux-4-fromages-san-marzano-24808\",\"sn\":\"fromages\",\"idxP\":7},{\"mq\":\"San Marzano\",\"nm\":\"Sauce \u00E0 l'ail r\u00F4tie\",\"nme\":\"Roasted Garlic Sauce\",\"attr\":\"\",\"sku\":\"24813\",\"l2\":\"Sauce\",\"sl\":\"sauce-a-lail-rotie-san-marzano-24813\",\"sn\":\"\",\"idxP\":61},{\"mq\":\"San Marzano\",\"nm\":\"Sauce marinara\",\"nme\":\"Marinara Sauce\",\"attr\":\"\",\"sku\":\"24812\",\"l2\":\"Sauce\",\"sl\":\"sauce-marinara-san-marzano-24812\",\"sn\":\"\",\"idxP\":33},{\"mq\":\"San Marzano\",\"nm\":\"Sauce arrabbiata\",\"nme\":\"Arrabbiata Sauce\",\"attr\":\"\",\"sku\":\"24811\",\"l2\":\"Sauce\",\"sl\":\"sauce-arrabbiata-san-marzano-24811\",\"sn\":\"\",\"idxP\":13},{\"mq\":\"Kellogg's\",\"nm\":\"C\u00E9r\u00E9ales Rice Krispies\",\"nme\":\"Rice Krispies Cereals\",\"attr\":\"\",\"sku\":\"35346\",\"l2\":\"C\u00E9r\u00E9ales et barre\",\"sl\":\"cereales-rice-krispies-kelloggs-35346\",\"sn\":\"\",\"idxP\":48},{\"mq\":\"Kraft\",\"nm\":\"Confiture de fraises en portion\",\"nme\":\"Strawberry Jam Portions\",\"attr\":\"\",\"sku\":\"00902\",\"l2\":\"Confiture et tartinade\",\"sl\":\"confiture-de-fraises-en-portion-kraft-00902\",\"sn\":\"fraises\",\"idxP\":17},{\"mq\":\"San Marzano\",\"nm\":\"Sauce tomate basilic\",\"nme\":\"Tomato Basil Sauce\",\"attr\":\"\",\"sku\":\"24814\",\"l2\":\"Sauce\",\"sl\":\"sauce-tomate-basilic-san-marzano-24814\",\"sn\":\"tomates\",\"idxP\":46},{\"mq\":\"La Perla\",\"nm\":\"Huile canola\",\"nme\":\"Canola Oil\",\"attr\":\"\",\"sku\":\"35409\",\"l2\":\"Huile et vinaigre\",\"sl\":\"huile-canola-la-perla-35409\",\"sn\":\"\",\"idxP\":100},{\"mq\":\"Sushihane\",\"nm\":\"Feuille d'algue noire\",\"nme\":\"Black Seaweed\",\"attr\":\"\",\"sku\":\"11881\",\"l2\":\"Soupe et bouillon\",\"sl\":\"feuille-dalgue-noire-sushihane-11881\",\"sn\":\"\",\"idxP\":50},{\"mq\":\"Cucina d'oro\",\"nm\":\"Olive Cerignola\",\"nme\":\"Cerignola Olive\",\"attr\":\"\",\"sku\":\"28156\",\"l2\":\"Marinade\",\"sl\":\"olive-cerignola-cucina-doro-28156\",\"sn\":\"\",\"idxP\":31},{\"mq\":\"Carnation\",\"nm\":\"Lait \u00E9vapor\u00E9\",\"nme\":\"Evaporated Milk\",\"attr\":\"\",\"sku\":\"36058\",\"l2\":\"Ingr\u00E9dient de p\u00E2tisserie\",\"sl\":\"lait-evapore-carnation-36058\",\"sn\":\"\",\"idxP\":100},{\"mq\":\"Econo\",\"nm\":\"M\u00E9lange \u00E0 soupe aux l\u00E9gumes julienne\",\"nme\":\"Slivered Vegetables Soup Mix\",\"attr\":\"\",\"sku\":\"21221\",\"l2\":\"Soupe et bouillon\",\"sl\":\"melange-a-soupe-aux-legumes-julienne-econo-21221\",\"sn\":\"\",\"idxP\":46},{\"mq\":\"McLean\",\"nm\":\"Base neutre pour barbotine RTU 5+1\",\"nme\":\"Slush Base RTU 5+1 Neutral\",\"attr\":\"\",\"sku\":\"36008\",\"l2\":\"Bar laitier\",\"sl\":\"base-neutre-pour-barbotine-rtu-51-mclean-36008\",\"sn\":\"slush\",\"idxP\":100},{\"mq\":\"Diana\",\"nm\":\"Sauce barbecue pour c\u00F4tes lev\u00E9es et poulet\",\"nme\":\"Rib & Chicken BBQ Sauce 3.78 L\",\"attr\":\"\",\"sku\":\"39743\",\"l2\":\"Sauce\",\"sl\":\"sauce-barbecue-pour-cotes-levees-et-poulet-diana-39743\",\"sn\":\"BBQ\",\"idxP\":26},{\"mq\":\"Diana\",\"nm\":\"Sauce original\",\"nme\":\"Original Sauce\",\"attr\":\"\",\"sku\":\"43741\",\"l2\":\"Sauce\",\"sl\":\"sauce-original-diana-43741\",\"sn\":\"\",\"idxP\":44},{\"mq\":\"Quaker\",\"nm\":\"M\u00E9lange \u00E0 biscuit \u00E0 l'avoine\",\"nme\":\"Oatmeal Cookie Mix\",\"attr\":\"\",\"sku\":\"08612\",\"l2\":\"Ingr\u00E9dient de p\u00E2tisserie\",\"sl\":\"melange-a-biscuit-a-lavoine-quaker-08612\",\"sn\":\"\",\"idxP\":50},{\"mq\":\"Campbell\",\"nm\":\"Soupe condens\u00E9e poulet et riz\",\"nme\":\"Chicken with Rice Condensed Soup\",\"attr\":\"\",\"sku\":\"28230\",\"l2\":\"Soupe et bouillon\",\"sl\":\"soupe-condensee-poulet-et-riz-campbell-28230\",\"sn\":\"\",\"idxP\":39},{\"mq\":\"Campbell\",\"nm\":\"Soupe minestrone classique\",\"nme\":\"Classic Minestrone Soup\",\"attr\":\"\",\"sku\":\"28229\",\"l2\":\"Soupe et bouillon\",\"sl\":\"soupe-minestrone-classique-campbell-28229\",\"sn\":\"\",\"idxP\":50},{\"mq\":\"Callebaut\",\"nm\":\"Chocolat lact\u00E9 en bloc 33%\",\"nme\":\"Milk Chocolate in Bulk 33%\",\"attr\":\"\",\"sku\":\"28262\",\"l2\":\"Ingr\u00E9dient de p\u00E2tisserie\",\"sl\":\"chocolat-lacte-en-bloc-33-callebaut-28262\",\"sn\":\"\",\"idxP\":18},{\"mq\":\"Berthelet\",\"nm\":\"Nappage \u00E0 l'abricot\",\"nme\":\"Apricot Glaze\",\"attr\":\"Produit local\",\"sku\":\"28261\",\"l2\":\"Ingr\u00E9dient de p\u00E2tisserie\",\"sl\":\"nappage-a-labricot-berthelet-28261\",\"sn\":\"\",\"idxP\":19},{\"mq\":\"Callebaut\",\"nm\":\"Chocolat blanc 28 % de cacao\",\"nme\":\"White Chocolate Block 28% Cacao\",\"attr\":\"\",\"sku\":\"28263\",\"l2\":\"Ingr\u00E9dient de p\u00E2tisserie\",\"sl\":\"chocolat-blanc-28-de-cacao-callebaut-28263\",\"sn\":\"\",\"idxP\":25},{\"mq\":\"Agrofusion\",\"nm\":\"Prot\u00E9ine v\u00E9g\u00E9tale textur\u00E9e\",\"nme\":\"Textured Vegetable Protein\",\"attr\":\"Sans gluten\",\"sku\":\"28180\",\"l2\":\"Riz et grain\",\"sl\":\"proteine-vegetale-texturee-agrofusion-28180\",\"sn\":\"\",\"idxP\":32},{\"mq\":\"Agrofusion\",\"nm\":\"Riz blanc patna grain long\",\"nme\":\"Patna White Rice Long Grain\",\"attr\":\"\",\"sku\":\"28260\",\"l2\":\"Riz et grain\",\"sl\":\"riz-blanc-patna-grain-long-agrofusion-28260\",\"sn\":\"\",\"idxP\":45},{\"mq\":\"Spectra\",\"nm\":\"Huile canola\",\"nme\":\"Canola Oil\",\"attr\":\"\",\"sku\":\"15629\",\"l2\":\"Huile et vinaigre\",\"sl\":\"huile-canola-spectra-15629\",\"sn\":\"\",\"idxP\":52},{\"mq\":\"Munchies\",\"nm\":\"Croustilles super m\u00E9lange\",\"nme\":\"Mix Super Chips\",\"attr\":\"\",\"sku\":\"09289\",\"l2\":\"Croustille et grignotine\",\"sl\":\"croustilles-super-melange-munchies-09289\",\"sn\":\"croustille\",\"idxP\":13},{\"mq\":\"Agrofusion\",\"nm\":\"Germe de bl\u00E9\",\"nme\":\"Wheat Germ\",\"attr\":\"\",\"sku\":\"28259\",\"l2\":\"Riz et grain\",\"sl\":\"germe-de-ble-agrofusion-28259\",\"sn\":\"\",\"idxP\":48},{\"mq\":\"Quaker\",\"nm\":\"Gruau instantan\u00E9 \u00E9rable et cassonade\",\"nme\":\"Maple Brown Sugar Instant Oatmeal\",\"attr\":\"\",\"sku\":\"28306\",\"l2\":\"C\u00E9r\u00E9ales et barre\",\"sl\":\"gruau-instantane-erable-et-cassonade-quaker-28306\",\"sn\":\"\",\"idxP\":53},{\"mq\":\"Quaker\",\"nm\":\"Gruau instantan\u00E9 3 saveurs\",\"nme\":\"Instant Oatmeal 3 Flavours Variety\",\"attr\":\"\",\"sku\":\"28308\",\"l2\":\"C\u00E9r\u00E9ales et barre\",\"sl\":\"gruau-instantane-3-saveurs-quaker-28308\",\"sn\":\"\",\"idxP\":50},{\"mq\":\"Knorr\",\"nm\":\"M\u00E9lange bouillon poisson\",\"nme\":\"Fish mix broth\",\"attr\":\"\",\"sku\":\"34058\",\"l2\":\"Soupe et bouillon\",\"sl\":\"melange-bouillon-poisson-knorr-34058\",\"sn\":\"\",\"idxP\":32},{\"mq\":\"Canton\",\"nm\":\"Bouillon pour fondue chinoise\",\"nme\":\"#Original Fondue Broth\",\"attr\":\"\",\"sku\":\"17538\",\"l2\":\"Soupe et bouillon\",\"sl\":\"bouillon-pour-fondue-chinoise-canton-17538\",\"sn\":\"\",\"idxP\":65},{\"mq\":\"Cibona\",\"nm\":\"Cerises Marasquin\",\"nme\":\"Maraschino Cherry\",\"attr\":\"\",\"sku\":\"11479\",\"l2\":\"Fruit en conserve\",\"sl\":\"cerises-marasquin-cibona-11479\",\"sn\":\"\",\"idxP\":57},{\"mq\":\"Berthelet\",\"nm\":\"Pouding \u00E0 cuisson \u00E0 la noix de coco\",\"nme\":\"Cooked Coconut Pudding Mix\",\"attr\":\"Produit local\",\"sku\":\"05918\",\"l2\":\"Fruit en conserve\",\"sl\":\"pouding-a-cuisson-a-la-noix-de-coco-berthelet-05918\",\"sn\":\"\",\"idxP\":14},{\"mq\":\"Sunbec\",\"nm\":\"Sucre blanc en portion\",\"nme\":\"White sugar in portion\",\"attr\":\"\",\"sku\":\"38507\",\"l2\":\"Sucre\",\"sl\":\"sucre-blanc-en-portion-sunbec-38507\",\"sn\":\"\",\"idxP\":51},{\"mq\":\"Berthelet\",\"nm\":\"Pouding \u00E0 cuisson \u00E0 la vanille\",\"nme\":\"Vanilla Cooked Pudding Mix\",\"attr\":\"Produit local\",\"sku\":\"05921\",\"l2\":\"Fruit en conserve\",\"sl\":\"pouding-a-cuisson-a-la-vanille-berthelet-05921\",\"sn\":\"\",\"idxP\":15},{\"mq\":\"Crespo\",\"nm\":\"Cornichons extra-fins\",\"nme\":\"Extra-Fins Gherkins\",\"attr\":\"\",\"sku\":\"08384\",\"l2\":\"Marinade\",\"sl\":\"cornichons-extra-fins-crespo-08384\",\"sn\":\"\",\"idxP\":65},{\"mq\":\"Callebaut\",\"nm\":\"F\u00E8ves de cacao Ruby\",\"nme\":\"Cocoa Bean Ruby Cover\",\"attr\":\"\",\"sku\":\"28223\",\"l2\":\"Ingr\u00E9dient de p\u00E2tisserie\",\"sl\":\"feves-de-cacao-ruby-callebaut-28223\",\"sn\":\"\",\"idxP\":27},{\"mq\":\"Kellogg's\",\"nm\":\"Barre de c\u00E9r\u00E9ales Rice krispies\",\"nme\":\"Rice Krispies Cereal Bars\",\"attr\":\"\",\"sku\":\"28384\",\"l2\":\"C\u00E9r\u00E9ales et barre\",\"sl\":\"barre-de-cereales-rice-krispies-kelloggs-28384\",\"sn\":\"\",\"idxP\":18},{\"mq\":\"Agrocan\",\"nm\":\"Ananas broy\u00E9\",\"nme\":\"Crushed Pineapple\",\"attr\":\"\",\"sku\":\"41773\",\"l2\":\"Fruit en conserve\",\"sl\":\"ananas-broye-agrocan-41773\",\"sn\":\"apples, ananas\",\"idxP\":55},{\"mq\":\"Agrocan\",\"nm\":\"Ananas tranch\u00E9\",\"nme\":\"Slices pineapple\",\"attr\":\"\",\"sku\":\"16147\",\"l2\":\"Fruit en conserve\",\"sl\":\"ananas-tranche-agrocan-16147\",\"sn\":\"apples, ananas\",\"idxP\":96},{\"mq\":\"Berthelet\",\"nm\":\"M\u00E9lange sauce gravy maker\",\"nme\":\"Sauce mix gravy maker\",\"attr\":\"Produit local\",\"sku\":\"04057\",\"l2\":\"Sauce\",\"sl\":\"melange-sauce-gravy-maker-berthelet-04057\",\"sn\":\"\",\"idxP\":12},{\"mq\":\"Tenderflake\",\"nm\":\"Saindoux cube\",\"nme\":\"Lard cube\",\"attr\":\"\",\"sku\":\"07936\",\"l2\":\"Ingr\u00E9dient de p\u00E2tisserie\",\"sl\":\"saindoux-cube-tenderflake-07936\",\"sn\":\"\",\"idxP\":41},{\"mq\":\"Lotus\",\"nm\":\"Biscuits Biscoff recette speculoos\",\"nme\":\"Biscoff Speculoos Recipe Biscuits\",\"attr\":\"\",\"sku\":\"28505\",\"l2\":\"Biscuit et craquelin\",\"sl\":\"biscuits-biscoff-recette-speculoos-lotus-28505\",\"sn\":\"\",\"idxP\":95},{\"mq\":\"Hamlet\",\"nm\":\"Tuiles croustillantes chocolat au lait\",\"nme\":\"Milk Chocolate Crispy Thins\",\"attr\":\"\",\"sku\":\"28508\",\"l2\":\"Confiserie\",\"sl\":\"tuiles-croustillantes-chocolat-au-lait-hamlet-28508\",\"sn\":\"\",\"idxP\":59},{\"mq\":\"Dare\",\"nm\":\"Chapelure Graham\",\"nme\":\"Graham Crumbs\",\"attr\":\"\",\"sku\":\"28547\",\"l2\":\"Farine, semoule et chapelure\",\"sl\":\"chapelure-graham-dare-28547\",\"sn\":\"\",\"idxP\":41},{\"mq\":\"Imperial\",\"nm\":\"Popcorn ma\u00EFs souffl\u00E9\",\"nme\":\"Popcorn\",\"attr\":\"Sans gluten\",\"sku\":\"16847\",\"l2\":\"Croustille et grignotine\",\"sl\":\"popcorn-mais-souffle-imperial-16847\",\"sn\":\"\",\"idxP\":100},{\"mq\":\"Hamlet\",\"nm\":\"Tuiles croustillantes chocolat noir\",\"nme\":\"Dark Chocolate Crispy Thins\",\"attr\":\"\",\"sku\":\"28507\",\"l2\":\"Confiserie\",\"sl\":\"tuiles-croustillantes-chocolat-noir-hamlet-28507\",\"sn\":\"\",\"idxP\":64},{\"mq\":\"Panealba\",\"nm\":\"Gressini\",\"nme\":\"Gressini Crackers\",\"attr\":\"\",\"sku\":\"33814\",\"l2\":\"Biscuit et craquelin\",\"sl\":\"gressini-panealba-33814\",\"sn\":\"Grissini, grissini\",\"idxP\":24},{\"mq\":\"Hamlet\",\"nm\":\"Tuiles croustillantes chocolat caramel sal\u00E9\",\"nme\":\"Milk Chocolate Salted Caramel Crispy Thins\",\"attr\":\"\",\"sku\":\"28510\",\"l2\":\"Confiserie\",\"sl\":\"tuiles-croustillantes-chocolat-caramel-sale-hamlet-28510\",\"sn\":\"\",\"idxP\":76},{\"mq\":\"Quaker\",\"nm\":\"M\u00E9lange \u00E0 muffin au bleuet et babeurre\",\"nme\":\"Buttermilk Blueberry Muffin mix\",\"attr\":\"\",\"sku\":\"14390\",\"l2\":\"Ingr\u00E9dient de p\u00E2tisserie\",\"sl\":\"melange-a-muffin-au-bleuet-et-babeurre-quaker-14390\",\"sn\":\"\",\"idxP\":35},{\"mq\":\"Ocean Spray\",\"nm\":\"Sauce aux canneberges en gel\u00E9e\",\"nme\":\"Jelly Cranberry Sauce\",\"attr\":\"\",\"sku\":\"07823\",\"l2\":\"Condiment\",\"sl\":\"sauce-aux-canneberges-en-gelee-ocean-spray-07823\",\"sn\":\"\",\"idxP\":37},{\"mq\":\"French's\",\"nm\":\"Sauce Worcestershire\",\"nme\":\"Worcestershire Sauce\",\"attr\":\"\",\"sku\":\"28889\",\"l2\":\"Condiment\",\"sl\":\"sauce-worcestershire-frenchs-28889\",\"sn\":\"\",\"idxP\":20},{\"mq\":\"Valentino\",\"nm\":\"Nougat gianduia et noisette\",\"nme\":\"Hazelnuts Gianduia Nougat Candy\",\"attr\":\"\",\"sku\":\"08098\",\"l2\":\"Confiserie\",\"sl\":\"nougat-gianduia-et-noisette-valentino-08098\",\"sn\":\"\",\"idxP\":70},{\"mq\":\"Rose Hill\",\"nm\":\"Curcuma moulu\",\"nme\":\"Ground Tumeric\",\"attr\":\"Produit local\",\"sku\":\"21420\",\"l2\":\"\u00C9pice, sel et poivre\",\"sl\":\"curcuma-moulu-rose-hill-21420\",\"sn\":\"turmeric, safran des indes\",\"idxP\":16},{\"mq\":\"Knorr\",\"nm\":\"M\u00E9lange pour sauce hollandaise\",\"nme\":\"Hollandaise Sauce Mix\",\"attr\":\"\",\"sku\":\"33660\",\"l2\":\"Sauce\",\"sl\":\"melange-pour-sauce-hollandaise-knorr-33660\",\"sn\":\"\",\"idxP\":28},{\"mq\":\"Canton\",\"nm\":\"Bouillon pour fondue et cuisson vin rouge\",\"nme\":\"Red Wine Chinese Fondue broth\",\"attr\":\"\",\"sku\":\"29299\",\"l2\":\"Soupe et bouillon\",\"sl\":\"bouillon-pour-fondue-et-cuisson-vin-rouge-canton-29299\",\"sn\":\"\",\"idxP\":32},{\"mq\":\"Wowbutter\",\"nm\":\"Tartinade de soya cr\u00E9meuse\",\"nme\":\"Creamy Soy Spread\",\"attr\":\"\",\"sku\":\"32372\",\"l2\":\"Confiture et tartinade\",\"sl\":\"tartinade-de-soya-cremeuse-wowbutter-32372\",\"sn\":\"\",\"idxP\":29},{\"mq\":\"El Rabioso\",\"nm\":\"Croustilles rondes pour nachos\",\"nme\":\"Nacho Round Chips\",\"attr\":\"Sans gluten\",\"sku\":\"24923\",\"l2\":\"Croustille et grignotine\",\"sl\":\"croustilles-rondes-pour-nachos-el-rabioso-24923\",\"sn\":\"croustille\",\"idxP\":33},{\"mq\":\"Livia\",\"nm\":\"Piment fort tranch\u00E9 \u00E0 l'huile\",\"nme\":\"Hot Pepper Sliced in Oil\",\"attr\":\"\",\"sku\":\"48455\",\"l2\":\"Marinade\",\"sl\":\"piment-fort-tranche-a-lhuile-livia-48455\",\"sn\":\"piments\",\"idxP\":37},{\"mq\":\"Rose Hill\",\"nm\":\"Graines fenouil\",\"nme\":\"Seed Fennel\",\"attr\":\"Produit local\",\"sku\":\"34875\",\"l2\":\"\u00C9pice, sel et poivre\",\"sl\":\"graines-fenouil-rose-hill-34875\",\"sn\":\"\",\"idxP\":44},{\"mq\":\"Nappe Blanche\",\"nm\":\"Bouillon fumet de poisson\",\"nme\":\"Broth scent fish\",\"attr\":\"\",\"sku\":\"00643\",\"l2\":\"Soupe et bouillon\",\"sl\":\"bouillon-fumet-de-poisson-nappe-blanche-00643\",\"sn\":\"\",\"idxP\":20},{\"mq\":\"Tostitos\",\"nm\":\"Sauce salsa douce\",\"nme\":\"Sweet Salsa Sauce\",\"attr\":\"\",\"sku\":\"31061\",\"l2\":\"Condiment\",\"sl\":\"sauce-salsa-douce-tostitos-31061\",\"sn\":\"\",\"idxP\":69},{\"mq\":\"Juby\",\"nm\":\"Bonbons tranches de framboises bleues\",\"nme\":\"Blue Raspberry Candies\",\"attr\":\"\",\"sku\":\"38977\",\"l2\":\"Confiserie\",\"sl\":\"bonbons-tranches-de-framboises-bleues-juby-38977\",\"sn\":\"framboises\",\"idxP\":33},{\"mq\":\"Juby\",\"nm\":\"Bonbon framboise rouge\",\"nme\":\"Red Raspberry Candies\",\"attr\":\"\",\"sku\":\"39316\",\"l2\":\"Confiserie\",\"sl\":\"bonbon-framboise-rouge-juby-39316\",\"sn\":\"framboises\",\"idxP\":49},{\"mq\":\"Canton\",\"nm\":\"Bouillon pour fondue et cuisson de boeuf et oignon\",\"nme\":\"Beef and Onion Broth for Fondue\",\"attr\":\"\",\"sku\":\"32261\",\"l2\":\"Soupe et bouillon\",\"sl\":\"bouillon-pour-fondue-et-cuisson-de-boeuf-et-oignon-canton-32261\",\"sn\":\"onions, oeufs, oignons\",\"idxP\":36},{\"mq\":\"Quaker\",\"nm\":\"M\u00E9lange \u00E0 muffin au gruau\",\"nme\":\"Gruel Muffin Mix\",\"attr\":\"\",\"sku\":\"02448\",\"l2\":\"Ingr\u00E9dient de p\u00E2tisserie\",\"sl\":\"melange-a-muffin-au-gruau-quaker-02448\",\"sn\":\"\",\"idxP\":22},{\"mq\":\"Mayrand CHEF\",\"nm\":\"Base soupe poulet\",\"nme\":\"Chicken soup base\",\"attr\":\"Produit local\",\"sku\":\"29531\",\"l2\":\"Soupe et bouillon\",\"sl\":\"base-soupe-poulet-mayrand-chef-29531\",\"sn\":\"\",\"idxP\":53},{\"mq\":\"Magic\",\"nm\":\"Poudre \u00E0 p\u00E2te\",\"nme\":\"Baking Powder\",\"attr\":\"\",\"sku\":\"07883\",\"l2\":\"Ingr\u00E9dient de p\u00E2tisserie\",\"sl\":\"poudre-a-pate-magic-07883\",\"sn\":\"\",\"idxP\":45},{\"mq\":\"Balocco\",\"nm\":\"Gaufrette cr\u00E8me noisette\",\"nme\":\"Hazelnut Cream Wafer\",\"attr\":\"\",\"sku\":\"29599\",\"l2\":\"Biscuit et craquelin\",\"sl\":\"gaufrette-creme-noisette-balocco-29599\",\"sn\":\"\",\"idxP\":34},{\"mq\":\"Cacao Barry\",\"nm\":\"Chocolat au lait 41% pistole\",\"nme\":\"Milk Chocolate 41% Alunga Pistole\",\"attr\":\"\",\"sku\":\"23934\",\"l2\":\"Ingr\u00E9dient de p\u00E2tisserie\",\"sl\":\"chocolat-au-lait-41-pistole-cacao-barry-23934\",\"sn\":\"\",\"idxP\":46},{\"mq\":\"Sunbec\",\"nm\":\"Sucre brut\",\"nme\":\"Raw Sugar\",\"attr\":\"\",\"sku\":\"12463\",\"l2\":\"Sucre\",\"sl\":\"sucre-brut-sunbec-12463\",\"sn\":\"\",\"idxP\":100},{\"mq\":\"M.Lord\",\"nm\":\"Mandarine segment entier\",\"nme\":\"Whole Segments Mandarin\",\"attr\":\"\",\"sku\":\"29601\",\"l2\":\"Fruit en conserve\",\"sl\":\"mandarine-segment-entier-m.lord-29601\",\"sn\":\"\",\"idxP\":76},{\"mq\":\"Mayrand CHEF\",\"nm\":\"Base soupe boeuf\",\"nme\":\"Beef Soup Base\",\"attr\":\"Produit local\",\"sku\":\"29530\",\"l2\":\"Soupe et bouillon\",\"sl\":\"base-soupe-boeuf-mayrand-chef-29530\",\"sn\":\"oeufs\",\"idxP\":35},{\"mq\":\"Squid\",\"nm\":\"Sauce pour poisson\",\"nme\":\"Fish Sauce\",\"attr\":\"\",\"sku\":\"14312\",\"l2\":\"Condiment\",\"sl\":\"sauce-pour-poisson-squid-14312\",\"sn\":\"\",\"idxP\":37},{\"mq\":\"De Nigris\",\"nm\":\"Vinaigre balsamique 55%\",\"nme\":\"Balsamic Vinegar 55%\",\"attr\":\"\",\"sku\":\"14331\",\"l2\":\"Huile et vinaigre\",\"sl\":\"vinaigre-balsamique-55-de-nigris-14331\",\"sn\":\"\",\"idxP\":17},{\"mq\":\"ADM\",\"nm\":\"Farine enrichie \u00E0 patisserie de fantaisie Monarch\",\"nme\":\"Monarch fancy pastry enriched flour\",\"attr\":\"\",\"sku\":\"41660\",\"l2\":\"Farine, semoule et chapelure\",\"sl\":\"farine-enrichie-a-patisserie-de-fantaisie-monarch-adm-41660\",\"sn\":\"\",\"idxP\":53},{\"mq\":\"Cacao Barry\",\"nm\":\"300 B\u00E2tons au chocolat fonc\u00E9 44%\",\"nme\":\"300 Dark Chocolate Baking Sticks 44%\",\"attr\":\"\",\"sku\":\"41172\",\"l2\":\"Ingr\u00E9dient de p\u00E2tisserie\",\"sl\":\"300-batons-au-chocolat-fonce-44-cacao-barry-41172\",\"sn\":\"\",\"idxP\":49},{\"mq\":\"Quaker\",\"nm\":\"M\u00E9lange \u00E0 muffin au son\",\"nme\":\"Bran Muffin Mix\",\"attr\":\"\",\"sku\":\"48384\",\"l2\":\"Ingr\u00E9dient de p\u00E2tisserie\",\"sl\":\"melange-a-muffin-au-son-quaker-48384\",\"sn\":\"\",\"idxP\":59},{\"mq\":\"Quaker\",\"nm\":\"M\u00E9lange \u00E0 g\u00E2teau brownie\",\"nme\":\"Brownie Cake Mix\",\"attr\":\"\",\"sku\":\"48387\",\"l2\":\"Ingr\u00E9dient de p\u00E2tisserie\",\"sl\":\"melange-a-gateau-brownie-quaker-48387\",\"sn\":\"\",\"idxP\":34},{\"mq\":\"Colussi\",\"nm\":\"Biscuit au caf\u00E9 latt\u00E9\",\"nme\":\"Coffee Latte Cookie\",\"attr\":\"\",\"sku\":\"11005\",\"l2\":\"Biscuit et craquelin\",\"sl\":\"biscuit-au-cafe-latte-colussi-11005\",\"sn\":\"\",\"idxP\":32},{\"mq\":\"Golosini\",\"nm\":\"Champignons m\u00E9lang\u00E9s\",\"nme\":\"Mixed Mushrooms\",\"attr\":\"\",\"sku\":\"32417\",\"l2\":\"Marinade\",\"sl\":\"champignons-melanges-golosini-32417\",\"sn\":\"\",\"idxP\":18},{\"mq\":\"Valli\",\"nm\":\"Gnocchi patate basilic\",\"nme\":\"Basil Potato Gnocci\",\"attr\":\"\",\"sku\":\"23599\",\"l2\":\"P\u00E2tes\",\"sl\":\"gnocchi-patate-basilic-valli-23599\",\"sn\":\"pommes\",\"idxP\":53},{\"mq\":\"Wolski\",\"nm\":\"Choucroute\",\"nme\":\"Sauerkraut\",\"attr\":\"\",\"sku\":\"31088\",\"l2\":\"Marinade\",\"sl\":\"choucroute-wolski-31088\",\"sn\":\"\",\"idxP\":90},{\"mq\":\"Tostitos\",\"nm\":\"Salsa moyenne\",\"nme\":\"Medium Salsa\",\"attr\":\"\",\"sku\":\"31064\",\"l2\":\"Condiment\",\"sl\":\"salsa-moyenne-tostitos-31064\",\"sn\":\"\",\"idxP\":65},{\"mq\":\"Valli\",\"nm\":\"C\u00E2pres marin\u00E9es\",\"nme\":\"Vinegar Caper\",\"attr\":\"\",\"sku\":\"36635\",\"l2\":\"Marinade\",\"sl\":\"capres-marinees-valli-36635\",\"sn\":\"\",\"idxP\":82},{\"mq\":\"Livia\",\"nm\":\"L\u00E9gumes doux marin\u00E9s dans l'huile\",\"nme\":\"Marinated Sweet Vegetables in Oil\",\"attr\":\"\",\"sku\":\"48442\",\"l2\":\"Marinade\",\"sl\":\"legumes-doux-marines-dans-lhuile-livia-48442\",\"sn\":\"\",\"idxP\":21},{\"mq\":\"Remodena\",\"nm\":\"Vinaigre balsamique\",\"nme\":\"Balsamic Vinegar\",\"attr\":\"\",\"sku\":\"35692\",\"l2\":\"Huile et vinaigre\",\"sl\":\"vinaigre-balsamique-remodena-35692\",\"sn\":\"\",\"idxP\":39},{\"mq\":\"Le Grec\",\"nm\":\"Vinaigrette c\u00E9sar\",\"nme\":\"Caesar Dressing\",\"attr\":\"Produit local\",\"sku\":\"34461\",\"l2\":\"Vinaigrette et Cro\u00FBton\",\"sl\":\"vinaigrette-cesar-le-grec-34461\",\"sn\":\"\",\"idxP\":56},{\"mq\":\"Sun Med\",\"nm\":\"Demi-poire en conserve\",\"nme\":\"Half Pear box\",\"attr\":\"\",\"sku\":\"41774\",\"l2\":\"Fruit en conserve\",\"sl\":\"demi-poire-en-conserve-sun-med-41774\",\"sn\":\"poires\",\"idxP\":93},{\"mq\":\"Golosini\",\"nm\":\"Aubergine grill\u00E9e\",\"nme\":\"Roasted Eggplant\",\"attr\":\"\",\"sku\":\"32434\",\"l2\":\"Marinade\",\"sl\":\"aubergine-grillee-golosini-32434\",\"sn\":\"aubergines\",\"idxP\":26},{\"mq\":\"Livabec\",\"nm\":\"Champignons marin\u00E9s\",\"nme\":\"Pickled Mushrooms\",\"attr\":\"\",\"sku\":\"48435\",\"l2\":\"Marinade\",\"sl\":\"champignons-marines-livabec-48435\",\"sn\":\"\",\"idxP\":13},{\"mq\":\"Cucina d'oro\",\"nm\":\"L\u00E9gumes m\u00E9lang\u00E9s bomba\",\"nme\":\"Bomba Vegetable Mix\",\"attr\":\"\",\"sku\":\"36586\",\"l2\":\"Marinade\",\"sl\":\"legumes-melanges-bomba-cucina-doro-36586\",\"sn\":\"\",\"idxP\":28},{\"mq\":\"Aurora\",\"nm\":\"Tomate italienne\",\"nme\":\"Italian Tomato\",\"attr\":\"\",\"sku\":\"38907\",\"l2\":\"Tomate en conserve\",\"sl\":\"tomate-italienne-aurora-38907\",\"sn\":\"tomates\",\"idxP\":79},{\"mq\":\"Livabec\",\"nm\":\"Champignons marin\u00E9es dans l'huile piquante\",\"nme\":\"Marined Mushroom in Spicy Oil\",\"attr\":\"\",\"sku\":\"48437\",\"l2\":\"Marinade\",\"sl\":\"champignons-marinees-dans-lhuile-piquante-livabec-48437\",\"sn\":\"\",\"idxP\":18},{\"mq\":\"Pastene\",\"nm\":\"Tomates en d\u00E9s \u00E9pic\u00E9es\",\"nme\":\"Spiced Diced Tomato\",\"attr\":\"\",\"sku\":\"43908\",\"l2\":\"Tomate en conserve\",\"sl\":\"tomates-en-des-epicees-pastene-43908\",\"sn\":\"tomates\",\"idxP\":96},{\"mq\":\"Livabec\",\"nm\":\"L\u00E9gumes forts marin\u00E9s dans l'huile\",\"nme\":\"Marinated Hot Vegetables in Oil\",\"attr\":\"\",\"sku\":\"48441\",\"l2\":\"Marinade\",\"sl\":\"legumes-forts-marines-dans-lhuile-livabec-48441\",\"sn\":\"\",\"idxP\":15},{\"mq\":\"Le Gourmet\",\"nm\":\"Riz patna blanc 40kg\",\"nme\":\"White Patna Rice\",\"attr\":\"\",\"sku\":\"21883\",\"l2\":\"Riz et grain\",\"sl\":\"riz-patna-blanc-40kg-le-gourmet-21883\",\"sn\":\"\",\"idxP\":50},{\"mq\":\"Livia\",\"nm\":\"L\u00E9gumes marin\u00E9es piquant huile\",\"nme\":\"pickled vegetables hot in oil\",\"attr\":\"\",\"sku\":\"29721\",\"l2\":\"Marinade\",\"sl\":\"legumes-marinees-piquant-huile-livia-29721\",\"sn\":\"\",\"idxP\":42},{\"mq\":\"Livia\",\"nm\":\"L\u00E9gumes marin\u00E9es huile\",\"nme\":\"Pickled vegetables in oil\",\"attr\":\"\",\"sku\":\"29723\",\"l2\":\"Marinade\",\"sl\":\"legumes-marinees-huile-livia-29723\",\"sn\":\"\",\"idxP\":52},{\"mq\":\"Livia\",\"nm\":\"Champignon doux huile\",\"nme\":\"Mild Mushroom Oil\",\"attr\":\"\",\"sku\":\"29726\",\"l2\":\"Marinade\",\"sl\":\"champignon-doux-huile-livia-29726\",\"sn\":\"\",\"idxP\":39},{\"mq\":\"Livia\",\"nm\":\"Aubergines marin\u00E9es \u00E9pic\u00E9es\",\"nme\":\"Eggplant hot oil\",\"attr\":\"\",\"sku\":\"29702\",\"l2\":\"Marinade\",\"sl\":\"aubergines-marinees-epicees-livia-29702\",\"sn\":\"aubergines\",\"idxP\":100},{\"mq\":\"Sun Med\",\"nm\":\"Asperge verte\",\"nme\":\"Green Asparagus\",\"attr\":\"\",\"sku\":\"34847\",\"l2\":\"L\u00E9gume en conserve\",\"sl\":\"asperge-verte-sun-med-34847\",\"sn\":\"\",\"idxP\":76},{\"mq\":\"La Milanaise\",\"nm\":\"Farine de seigle biologique\",\"nme\":\"Organic Rye Flour\",\"attr\":\"Biologique\",\"sku\":\"29679\",\"l2\":\"Farine, semoule et chapelure\",\"sl\":\"farine-de-seigle-biologique-la-milanaise-29679\",\"sn\":\"biologique, bio, organic, organique\",\"idxP\":21},{\"mq\":\"Livia\",\"nm\":\"Antipasto calabrese\",\"nme\":\"Antipasto calabrese\",\"attr\":\"\",\"sku\":\"29720\",\"l2\":\"Marinade\",\"sl\":\"antipasto-calabrese-livia-29720\",\"sn\":\"\",\"idxP\":47},{\"mq\":\"Viva\",\"nm\":\"Croustilles de l\u00E9gumes original en triangles\",\"nme\":\"Original Triangle Veggies Chips\",\"attr\":\"\",\"sku\":\"29576\",\"l2\":\"Croustille et grignotine\",\"sl\":\"croustilles-de-legumes-original-en-triangles-viva-29576\",\"sn\":\"croustille\",\"idxP\":42},{\"mq\":\"Viva\",\"nm\":\"Croustilles de l\u00E9gumes tomate s\u00E9ch\u00E9e et basilic\",\"nme\":\"Sundried Tomato & Basil Veggies Chips\",\"attr\":\"\",\"sku\":\"29575\",\"l2\":\"Croustille et grignotine\",\"sl\":\"croustilles-de-legumes-tomate-sechee-et-basilic-viva-29575\",\"sn\":\"croustille, tomates\",\"idxP\":51},{\"mq\":\"Viva\",\"nm\":\"Croustilles de l\u00E9gumes original en b\u00E2tonnets\",\"nme\":\"Original Sticks Veggies Chips\",\"attr\":\"\",\"sku\":\"29577\",\"l2\":\"Croustille et grignotine\",\"sl\":\"croustilles-de-legumes-original-en-batonnets-viva-29577\",\"sn\":\"croustille\",\"idxP\":67},{\"mq\":\"Livia\",\"nm\":\"Champignons marin\u00E9s piquant huile\",\"nme\":\"Pickled mushrooms hot in oil\",\"attr\":\"\",\"sku\":\"29725\",\"l2\":\"Marinade\",\"sl\":\"champignons-marines-piquant-huile-livia-29725\",\"sn\":\"\",\"idxP\":64},{\"mq\":\"Agrocan\",\"nm\":\"Ananas bouch\u00E9es\",\"nme\":\"Pineapple tidbits\",\"attr\":\"\",\"sku\":\"06780\",\"l2\":\"Fruit en conserve\",\"sl\":\"ananas-bouchees-agrocan-06780\",\"sn\":\"apples, ananas\",\"idxP\":89},{\"mq\":\"Aroy-d\",\"nm\":\"Lait noix de coco\",\"nme\":\"Coconut Milk\",\"attr\":\"\",\"sku\":\"29914\",\"l2\":\"Ingr\u00E9dient de p\u00E2tisserie\",\"sl\":\"lait-noix-de-coco-aroy-d-29914\",\"sn\":\"\",\"idxP\":100},{\"mq\":\"Cibona\",\"nm\":\"Oignon marin\u00E9 sucr\u00E9\",\"nme\":\"Pickled Sweet Onion\",\"attr\":\"\",\"sku\":\"37326\",\"l2\":\"Marinade\",\"sl\":\"oignon-marine-sucre-cibona-37326\",\"sn\":\"onions, oignons\",\"idxP\":25},{\"mq\":\"Sun Med\",\"nm\":\"P\u00EAche en demi\",\"nme\":\"Half peach\",\"attr\":\"\",\"sku\":\"38261\",\"l2\":\"Fruit en conserve\",\"sl\":\"peche-en-demi-sun-med-38261\",\"sn\":\"\",\"idxP\":57},{\"mq\":\"Miss Vickie's\",\"nm\":\"Croustilles jalapeno\",\"nme\":\"Jalapeno Chips\",\"attr\":\"\",\"sku\":\"30146\",\"l2\":\"Croustille et grignotine\",\"sl\":\"croustilles-jalapeno-miss-vickies-30146\",\"sn\":\"croustille\",\"idxP\":63},{\"mq\":\"Lays\",\"nm\":\"Croustilles original Lays\",\"nme\":\"Lays Orignial Chips\",\"attr\":\"\",\"sku\":\"30161\",\"l2\":\"Croustille et grignotine\",\"sl\":\"croustilles-original-lays-lays-30161\",\"sn\":\"croustille\",\"idxP\":70},{\"mq\":\"Granforno\",\"nm\":\"Grissini \u00E0 l'ail\",\"nme\":\"Garlic Grissini\",\"attr\":\"\",\"sku\":\"31405\",\"l2\":\"Biscuit et craquelin\",\"sl\":\"grissini-a-lail-granforno-31405\",\"sn\":\"Grissini, grissini\",\"idxP\":83},{\"mq\":\"Lays\",\"nm\":\"Croustilles barbecue\",\"nme\":\"BBQ Chips\",\"attr\":\"\",\"sku\":\"09300\",\"l2\":\"Croustille et grignotine\",\"sl\":\"croustilles-barbecue-lays-09300\",\"sn\":\"croustille, BBQ\",\"idxP\":40},{\"mq\":\"Lays\",\"nm\":\"Croustilles classiques\",\"nme\":\"Classic Chips\",\"attr\":\"\",\"sku\":\"09294\",\"l2\":\"Croustille et grignotine\",\"sl\":\"croustilles-classiques-lays-09294\",\"sn\":\"croustille\",\"idxP\":63},{\"mq\":\"Lays\",\"nm\":\"Croustilles au ketchup\",\"nme\":\"Ketchup Chips\",\"attr\":\"\",\"sku\":\"09295\",\"l2\":\"Croustille et grignotine\",\"sl\":\"croustilles-au-ketchup-lays-09295\",\"sn\":\"croustille\",\"idxP\":23},{\"mq\":\"Lays\",\"nm\":\"Croustilles sel et vinaigre\",\"nme\":\"Salt and Vinegar Chips\",\"attr\":\"\",\"sku\":\"09291\",\"l2\":\"Croustille et grignotine\",\"sl\":\"croustilles-sel-et-vinaigre-lays-09291\",\"sn\":\"croustille\",\"idxP\":26},{\"mq\":\"Agrofusion\",\"nm\":\"Haricot pinto\",\"nme\":\"Pinto beans\",\"attr\":\"\",\"sku\":\"31455\",\"l2\":\"Riz et grain\",\"sl\":\"haricot-pinto-agrofusion-31455\",\"sn\":\"\",\"idxP\":53},{\"mq\":\"Le Gourmet\",\"nm\":\"Riz blanc grain long patna 20kg\",\"nme\":\"Long grain white rice patna\",\"attr\":\"\",\"sku\":\"31571\",\"l2\":\"Riz et grain\",\"sl\":\"riz-blanc-grain-long-patna-20kg-le-gourmet-31571\",\"sn\":\"\",\"idxP\":83},{\"mq\":\"Ardent Mills\",\"nm\":\"Farine \u00E0 pain Artisan non trait\u00E9e non blanchie\",\"nme\":\"Artisan bread flour unbleached untreated\",\"attr\":\"\",\"sku\":\"31594\",\"l2\":\"Farine, semoule et chapelure\",\"sl\":\"farine-a-pain-artisan-non-traitee-non-blanchie-ardent-mills-31594\",\"sn\":\"\",\"idxP\":92},{\"mq\":\"Pastene\",\"nm\":\"Olive verte tranch\u00E9e\",\"nme\":\"Sliced Green Olive\",\"attr\":\"\",\"sku\":\"15984\",\"l2\":\"Marinade\",\"sl\":\"olive-verte-tranchee-pastene-15984\",\"sn\":\"\",\"idxP\":81},{\"mq\":\"Rio\",\"nm\":\"Cornet plat gros #67\",\"nme\":\"Ice Cream cone flat big #67\",\"attr\":\"\",\"sku\":\"31645\",\"l2\":\"Bar laitier\",\"sl\":\"cornet-plat-gros-67-rio-31645\",\"sn\":\"\",\"idxP\":52},{\"mq\":\"Pastene\",\"nm\":\"Olive noire d\u00E9noyaut\u00E9e\",\"nme\":\"Pitted Black Olive\",\"attr\":\"\",\"sku\":\"15988\",\"l2\":\"Marinade\",\"sl\":\"olive-noire-denoyautee-pastene-15988\",\"sn\":\"\",\"idxP\":79},{\"mq\":\"Quaker\",\"nm\":\"Gruau 1 minute\",\"nme\":\"1 Munite Oatmeal\",\"attr\":\"\",\"sku\":\"10236\",\"l2\":\"C\u00E9r\u00E9ales et barre\",\"sl\":\"gruau-1-minute-quaker-10236\",\"sn\":\"\",\"idxP\":50},{\"mq\":\"Quaker\",\"nm\":\"Gruau rapide\",\"nme\":\"Quick Oatmeal\",\"attr\":\"\",\"sku\":\"10234\",\"l2\":\"C\u00E9r\u00E9ales et barre\",\"sl\":\"gruau-rapide-quaker-10234\",\"sn\":\"\",\"idxP\":83},{\"mq\":\"Les p'tites sucreries du b\u00FBcheron\",\"nm\":\"Sirop d'\u00E9rable ambr\u00E9\",\"nme\":\"Amber Maple Syrup\",\"attr\":\"Produit local\",\"sku\":\"30634\",\"l2\":\"Confiture et tartinade\",\"sl\":\"sirop-derable-ambre-les-ptites-sucreries-du-bucheron-30634\",\"sn\":\"\",\"idxP\":84},{\"mq\":\"Barilla\",\"nm\":\"P\u00E2tes macaroni #41 coup\u00E9s\",\"nme\":\"Elbows Pasta #41\",\"attr\":\"\",\"sku\":\"10411\",\"l2\":\"P\u00E2tes\",\"sl\":\"pates-macaroni-41-coupes-barilla-10411\",\"sn\":\"\",\"idxP\":87},{\"mq\":\"Valli\",\"nm\":\"Thon p\u00E2le en morceaux dans l'eau\",\"nme\":\"Chunk Light Tuna in Water\",\"attr\":\"\",\"sku\":\"32219\",\"l2\":\"Poisson et viande en conserve\",\"sl\":\"thon-pale-en-morceaux-dans-leau-valli-32219\",\"sn\":\"\",\"idxP\":92},{\"mq\":\"Heinz\",\"nm\":\"Ketchup en portion\",\"nme\":\"Ketchup Portion\",\"attr\":\"\",\"sku\":\"32045\",\"l2\":\"Condiment\",\"sl\":\"ketchup-en-portion-heinz-32045\",\"sn\":\"\",\"idxP\":36},{\"mq\":\"Nupak ou Dunya Harvest\",\"nm\":\"Haricot rouge petit\",\"nme\":\"Red beans small\",\"attr\":\"\",\"sku\":\"31985\",\"l2\":\"Riz et grain\",\"sl\":\"haricot-rouge-petit-nupak-ou-dunya-harvest-31985\",\"sn\":\"\",\"idxP\":54},{\"mq\":\"PB&ME\",\"nm\":\"Beurre d'arachide en poudre naturel 100% arachide\",\"nme\":\"Natural 100% peanut powdered peanut butter\",\"attr\":\"Sans gluten\",\"sku\":\"32026\",\"l2\":\"Confiture et tartinade\",\"sl\":\"beurre-darachide-en-poudre-naturel-100-arachide-pbme-32026\",\"sn\":\"\",\"idxP\":22},{\"mq\":\"Sun Med\",\"nm\":\"Piment jalapeno tranch\u00E9\",\"nme\":\"Sliced jalapeno pepper\",\"attr\":\"\",\"sku\":\"32121\",\"l2\":\"Marinade\",\"sl\":\"piment-jalapeno-tranche-sun-med-32121\",\"sn\":\"piments\",\"idxP\":52},{\"mq\":\"Quaker\",\"nm\":\"M\u00E9lange \u00E0 muffin au babeurre\",\"nme\":\"Buttermilk Muffin Mix\",\"attr\":\"\",\"sku\":\"16828\",\"l2\":\"Ingr\u00E9dient de p\u00E2tisserie\",\"sl\":\"melange-a-muffin-au-babeurre-quaker-16828\",\"sn\":\"\",\"idxP\":30},{\"mq\":\"Wolski\",\"nm\":\"Piment rouge saumure\",\"nme\":\"Marinated Red Bell Peppers\",\"attr\":\"\",\"sku\":\"32926\",\"l2\":\"Marinade\",\"sl\":\"piment-rouge-saumure-wolski-32926\",\"sn\":\"\",\"idxP\":91},{\"mq\":\"Hamlet\",\"nm\":\"Tuiles croustillantes chocolat lait \u00E0 la noisette\",\"nme\":\"Milk Chocolate Crispy Thins With Hazelnut\",\"attr\":\"\",\"sku\":\"32605\",\"l2\":\"Confiserie\",\"sl\":\"tuiles-croustillantes-chocolat-lait-a-la-noisette-hamlet-32605\",\"sn\":\"\",\"idxP\":62},{\"mq\":\"Quaker\",\"nm\":\"M\u00E9lange \u00E0 muffin au son\",\"nme\":\"Bran Muffin Mix\",\"attr\":\"\",\"sku\":\"10065\",\"l2\":\"Ingr\u00E9dient de p\u00E2tisserie\",\"sl\":\"melange-a-muffin-au-son-quaker-10065\",\"sn\":\"\",\"idxP\":37},{\"mq\":\"Rose Hill\",\"nm\":\"Oignon \u00E9minc\u00E9\",\"nme\":\"Minced Onion\",\"attr\":\"\",\"sku\":\"11871\",\"l2\":\"\u00C9pice, sel et poivre\",\"sl\":\"oignon-emince-rose-hill-11871\",\"sn\":\"onions, oignons\",\"idxP\":42},{\"mq\":\"Granducale\",\"nm\":\"Panettone cr\u00E8me citrouille\",\"nme\":\"Pumpkin Cream Panettone\",\"attr\":\"\",\"sku\":\"25083\",\"l2\":\"Panettone\",\"sl\":\"panettone-creme-citrouille-granducale-25083\",\"sn\":\"\",\"idxP\":0},{\"mq\":\"Knorr\",\"nm\":\"M\u00E9lange \u00E0 sauce demi-glace\",\"nme\":\"Demi-Glace Sauce Mix\",\"attr\":\"\",\"sku\":\"34055\",\"l2\":\"Sauce\",\"sl\":\"melange-a-sauce-demi-glace-knorr-34055\",\"sn\":\"\",\"idxP\":33},{\"mq\":\"Hostess\",\"nm\":\"G\u00E2teau dor\u00E9 Twinkies\",\"nme\":\"Twinkies golden cake\",\"attr\":\"\",\"sku\":\"32595\",\"l2\":\"Biscuit et craquelin\",\"sl\":\"gateau-dore-twinkies-hostess-32595\",\"sn\":\"\",\"idxP\":14},{\"mq\":\"Les p'tites sucreries du b\u00FBcheron\",\"nm\":\"Sirop d'\u00E9rable fonc\u00E9 go\u00FBt robuste\",\"nme\":\"Strong Taste Dark Maple Syrup\",\"attr\":\"Produit local\",\"sku\":\"33315\",\"l2\":\"Confiture et tartinade\",\"sl\":\"sirop-derable-fonce-gout-robuste-les-ptites-sucreries-du-bucheron-33315\",\"sn\":\"\",\"idxP\":68},{\"mq\":\"Berthelet\",\"nm\":\"M\u00E9lange pour garan masala\",\"nme\":\"Garan masala mix\",\"attr\":\"Produit local\",\"sku\":\"33187\",\"l2\":\"\u00C9pice, sel et poivre\",\"sl\":\"melange-pour-garan-masala-berthelet-33187\",\"sn\":\"\",\"idxP\":27},{\"mq\":\"Rose Hill\",\"nm\":\"M\u00E9lange tandoori\",\"nme\":\"Tandoori mix\",\"attr\":\"Produit local\",\"sku\":\"33186\",\"l2\":\"\u00C9pice, sel et poivre\",\"sl\":\"melange-tandoori-rose-hill-33186\",\"sn\":\"\",\"idxP\":19},{\"mq\":\"Les p'tites sucreries du b\u00FBcheron\",\"nm\":\"Sirop d'\u00E9rable ambr\u00E9\",\"nme\":\"Amber Maple Syrup\",\"attr\":\"Produit local\",\"sku\":\"33320\",\"l2\":\"Confiture et tartinade\",\"sl\":\"sirop-derable-ambre-les-ptites-sucreries-du-bucheron-33320\",\"sn\":\"\",\"idxP\":86},{\"mq\":\"Millbrooke\",\"nm\":\"Farine d'orge\",\"nme\":\"Barley Flour\",\"attr\":\"\",\"sku\":\"10474\",\"l2\":\"Farine, semoule et chapelure\",\"sl\":\"farine-dorge-millbrooke-10474\",\"sn\":\"\",\"idxP\":57},{\"mq\":\"Haiku\",\"nm\":\"Soupe won ton\",\"nme\":\"Won ton soup\",\"attr\":\"\",\"sku\":\"30213\",\"l2\":\"Soupe et bouillon\",\"sl\":\"soupe-won-ton-haiku-30213\",\"sn\":\"\",\"idxP\":29},{\"mq\":\"Fiesta\",\"nm\":\"Salsa moyenne\",\"nme\":\"Medium Salsa\",\"attr\":\"\",\"sku\":\"23472\",\"l2\":\"Condiment\",\"sl\":\"salsa-moyenne-fiesta-23472\",\"sn\":\"\",\"idxP\":64},{\"mq\":\"Fiesta\",\"nm\":\"Salsa douce\",\"nme\":\"Mild Salsa\",\"attr\":\"\",\"sku\":\"23473\",\"l2\":\"Condiment\",\"sl\":\"salsa-douce-fiesta-23473\",\"sn\":\"\",\"idxP\":67},{\"mq\":\"Haiku\",\"nm\":\"Nouille de riz\",\"nme\":\"Noodle rice\",\"attr\":\"\",\"sku\":\"30243\",\"l2\":\"P\u00E2tes\",\"sl\":\"nouille-de-riz-haiku-30243\",\"sn\":\"\",\"idxP\":30},{\"mq\":\"Knorr\",\"nm\":\"M\u00E9lange pour bouillon poulet\",\"nme\":\"Chicken Broth Mix\",\"attr\":\"\",\"sku\":\"37785\",\"l2\":\"Soupe et bouillon\",\"sl\":\"melange-pour-bouillon-poulet-knorr-37785\",\"sn\":\"\",\"idxP\":57},{\"mq\":\"Haiku\",\"nm\":\"Lait de coco l\u00E9ger\",\"nme\":\"Light coconut milk\",\"attr\":\"\",\"sku\":\"30226\",\"l2\":\"Ingr\u00E9dient de p\u00E2tisserie\",\"sl\":\"lait-de-coco-leger-haiku-30226\",\"sn\":\"\",\"idxP\":56},{\"mq\":\"Nongshim\",\"nm\":\"Nouilles instant au boeuf dans un bol\",\"nme\":\"Instant beef noodles in a bowl\",\"attr\":\"\",\"sku\":\"30531\",\"l2\":\"Soupe et bouillon\",\"sl\":\"nouilles-instant-au-boeuf-dans-un-bol-nongshim-30531\",\"sn\":\"\",\"idxP\":30},{\"mq\":\"Nongshim\",\"nm\":\"Nouilles instant kimchi dans un bol\",\"nme\":\"Instant kimchi noodles in a bowl\",\"attr\":\"\",\"sku\":\"30528\",\"l2\":\"Soupe et bouillon\",\"sl\":\"nouilles-instant-kimchi-dans-un-bol-nongshim-30528\",\"sn\":\"\",\"idxP\":41},{\"mq\":\"Haiku\",\"nm\":\"Vermicelle de riz\",\"nme\":\"Rice vermicelli\",\"attr\":\"\",\"sku\":\"30242\",\"l2\":\"P\u00E2tes\",\"sl\":\"vermicelle-de-riz-haiku-30242\",\"sn\":\"\",\"idxP\":67},{\"mq\":\"Haiku\",\"nm\":\"Nouille asiatique\",\"nme\":\"Asian noodle\",\"attr\":\"\",\"sku\":\"30245\",\"l2\":\"P\u00E2tes\",\"sl\":\"nouille-asiatique-haiku-30245\",\"sn\":\"\",\"idxP\":43},{\"mq\":\"Barilla\",\"nm\":\"P\u00E2tes linguine #11\",\"nme\":\"Linguine Pasta #11\",\"attr\":\"\",\"sku\":\"10141\",\"l2\":\"P\u00E2tes\",\"sl\":\"pates-linguine-11-barilla-10141\",\"sn\":\"\",\"idxP\":58},{\"mq\":\"Nongshim\",\"nm\":\"Nouilles instant au poulet \u00E9pic\u00E9 dans un bol\",\"nme\":\"Instant spicy chicken noodles in a bowl\",\"attr\":\"\",\"sku\":\"30529\",\"l2\":\"Soupe et bouillon\",\"sl\":\"nouilles-instant-au-poulet-epice-dans-un-bol-nongshim-30529\",\"sn\":\"\",\"idxP\":46},{\"mq\":\"Nongshim\",\"nm\":\"Nouilles instant au poulet dans un bol\",\"nme\":\"Instant chicken noodles in a bowl\",\"attr\":\"\",\"sku\":\"30532\",\"l2\":\"Soupe et bouillon\",\"sl\":\"nouilles-instant-au-poulet-dans-un-bol-nongshim-30532\",\"sn\":\"\",\"idxP\":39},{\"mq\":\"Haiku\",\"nm\":\"Lait de coco\",\"nme\":\"Coconut milk\",\"attr\":\"\",\"sku\":\"30227\",\"l2\":\"Ingr\u00E9dient de p\u00E2tisserie\",\"sl\":\"lait-de-coco-haiku-30227\",\"sn\":\"\",\"idxP\":85},{\"mq\":\"Nongshim\",\"nm\":\"Nouilles instant piquant dans un bol\",\"nme\":\"Instant hot&spicy noodles in a bowl\",\"attr\":\"\",\"sku\":\"30522\",\"l2\":\"Soupe et bouillon\",\"sl\":\"nouilles-instant-piquant-dans-un-bol-nongshim-30522\",\"sn\":\"\",\"idxP\":44},{\"mq\":\"Barilla\",\"nm\":\"P\u00E2tes spaghettini #3\",\"nme\":\"Spaghettini #3 Pasta\",\"attr\":\"\",\"sku\":\"10412\",\"l2\":\"P\u00E2tes\",\"sl\":\"pates-spaghettini-3-barilla-10412\",\"sn\":\"\",\"idxP\":74},{\"mq\":\"Pastene\",\"nm\":\"Olive verte d\u00E9noyaut\u00E9e\",\"nme\":\"Pitted Green Olive\",\"attr\":\"\",\"sku\":\"11905\",\"l2\":\"Marinade\",\"sl\":\"olive-verte-denoyautee-pastene-11905\",\"sn\":\"\",\"idxP\":77},{\"mq\":\"S&B\",\"nm\":\"Wasabi en tube\",\"nme\":\"Wasabi tube\",\"attr\":\"Sans gluten\",\"sku\":\"33676\",\"l2\":\"Riz et grain\",\"sl\":\"wasabi-en-tube-sb-33676\",\"sn\":\"\",\"idxP\":38},{\"mq\":\"Granforno\",\"nm\":\"Grissini r\u00E9gulier\",\"nme\":\"Regular grissini\",\"attr\":\"\",\"sku\":\"29864\",\"l2\":\"Biscuit et craquelin\",\"sl\":\"grissini-regulier-granforno-29864\",\"sn\":\"Grissini, grissini\",\"idxP\":80},{\"mq\":\"Pastene\",\"nm\":\"Tomate Italienne marzano\",\"nme\":\"Marzano Italian Tomato\",\"attr\":\"\",\"sku\":\"09022\",\"l2\":\"Tomate en conserve\",\"sl\":\"tomate-italienne-marzano-pastene-09022\",\"sn\":\"tomates\",\"idxP\":77},{\"mq\":\"Marcellas\",\"nm\":\"M\u00E9lange champignon\",\"nme\":\"Mushroom Mixed\",\"attr\":\"\",\"sku\":\"27868\",\"l2\":\"Marinade\",\"sl\":\"melange-champignon-marcellas-27868\",\"sn\":\"\",\"idxP\":37},{\"mq\":\"KP\",\"nm\":\"Nouilles instant udon\",\"nme\":\"Udon instant noodles\",\"attr\":\"\",\"sku\":\"30598\",\"l2\":\"P\u00E2tes\",\"sl\":\"nouilles-instant-udon-kp-30598\",\"sn\":\"\",\"idxP\":85},{\"mq\":\"Oreo\",\"nm\":\"Biscuits Oreo\",\"nme\":\"Oreo Cookies\",\"attr\":\"\",\"sku\":\"34553\",\"l2\":\"Biscuit et craquelin\",\"sl\":\"biscuits-oreo-oreo-34553\",\"sn\":\"\",\"idxP\":70},{\"mq\":\"Valli\",\"nm\":\"Gnocchi mini patate\",\"nme\":\"Mini Potato Gnocchi\",\"attr\":\"\",\"sku\":\"23598\",\"l2\":\"P\u00E2tes\",\"sl\":\"gnocchi-mini-patate-valli-23598\",\"sn\":\"\",\"idxP\":71},{\"mq\":\"Marcellas\",\"nm\":\"Olives \u00E9pic\u00E9es barioles g\u00E9antes\",\"nme\":\"Spiced Bariole Olive\",\"attr\":\"\",\"sku\":\"36439\",\"l2\":\"Marinade\",\"sl\":\"olives-epicees-barioles-geantes-marcellas-36439\",\"sn\":\"\",\"idxP\":18},{\"mq\":\"Bang\",\"nm\":\"Nouilles baton de riz\",\"nme\":\"Rice stick noodles\",\"attr\":\"\",\"sku\":\"30600\",\"l2\":\"P\u00E2tes\",\"sl\":\"nouilles-baton-de-riz-bang-30600\",\"sn\":\"\",\"idxP\":87},{\"mq\":\"Mama\",\"nm\":\"Nouilles vermicelle de riz brun\",\"nme\":\"Brown rice vermicelli noodles\",\"attr\":\"\",\"sku\":\"30610\",\"l2\":\"P\u00E2tes\",\"sl\":\"nouilles-vermicelle-de-riz-brun-mama-30610\",\"sn\":\"\",\"idxP\":42},{\"mq\":\"Pearl\",\"nm\":\"Huile d'arachide\",\"nme\":\"Peanut  oil\",\"attr\":\"\",\"sku\":\"30457\",\"l2\":\"Huile et vinaigre\",\"sl\":\"huile-darachide-pearl-30457\",\"sn\":\"\",\"idxP\":85},{\"mq\":\"Club House\",\"nm\":\"Sel \u00E0 l'oignon\",\"nme\":\"onion salt\",\"attr\":\"\",\"sku\":\"31887\",\"l2\":\"\u00C9pice, sel et poivre\",\"sl\":\"sel-a-loignon-club-house-31887\",\"sn\":\"onions, oignons\",\"idxP\":16},{\"mq\":\"Club House\",\"nm\":\"Assaisonnement \u00E0 l'italienne\",\"nme\":\"Italian seasoning\",\"attr\":\"\",\"sku\":\"31898\",\"l2\":\"\u00C9pice, sel et poivre\",\"sl\":\"assaisonnement-a-litalienne-club-house-31898\",\"sn\":\"\",\"idxP\":19},{\"mq\":\"Club House\",\"nm\":\"Canelle moulu\",\"nme\":\"Ground cinnamon\",\"attr\":\"\",\"sku\":\"31908\",\"l2\":\"\u00C9pice, sel et poivre\",\"sl\":\"canelle-moulu-club-house-31908\",\"sn\":\"\",\"idxP\":25},{\"mq\":\"Club House\",\"nm\":\"Feuilles de thym\",\"nme\":\"Thyme leaves\",\"attr\":\"\",\"sku\":\"31915\",\"l2\":\"\u00C9pice, sel et poivre\",\"sl\":\"feuilles-de-thym-club-house-31915\",\"sn\":\"\",\"idxP\":19},{\"mq\":\"Club House\",\"nm\":\"Assaisonnement fines herbes\",\"nme\":\"Salad herb seasoning\",\"attr\":\"\",\"sku\":\"31935\",\"l2\":\"\u00C9pice, sel et poivre\",\"sl\":\"assaisonnement-fines-herbes-club-house-31935\",\"sn\":\"\",\"idxP\":16},{\"mq\":\"Club House\",\"nm\":\"Assaisonnement style sud ouest\",\"nme\":\"Southern style BBQ seasoning\",\"attr\":\"\",\"sku\":\"31972\",\"l2\":\"\u00C9pice, sel et poivre\",\"sl\":\"assaisonnement-style-sud-ouest-club-house-31972\",\"sn\":\"\",\"idxP\":20},{\"mq\":\"Club House\",\"nm\":\"Feuilles d'origan\",\"nme\":\"Oregano leaves\",\"attr\":\"\",\"sku\":\"31888\",\"l2\":\"\u00C9pice, sel et poivre\",\"sl\":\"feuilles-dorigan-club-house-31888\",\"sn\":\"\",\"idxP\":19},{\"mq\":\"Club House\",\"nm\":\"Feuilles de basilic\",\"nme\":\"Basil leaves\",\"attr\":\"\",\"sku\":\"31890\",\"l2\":\"\u00C9pice, sel et poivre\",\"sl\":\"feuilles-de-basilic-club-house-31890\",\"sn\":\"\",\"idxP\":21},{\"mq\":\"Club House\",\"nm\":\"Cumin moulu\",\"nme\":\"Ground cumin\",\"attr\":\"\",\"sku\":\"31895\",\"l2\":\"\u00C9pice, sel et poivre\",\"sl\":\"cumin-moulu-club-house-31895\",\"sn\":\"\",\"idxP\":25},{\"mq\":\"Club House\",\"nm\":\"Aneth\",\"nme\":\"Dill weed\",\"attr\":\"\",\"sku\":\"31897\",\"l2\":\"\u00C9pice, sel et poivre\",\"sl\":\"aneth-club-house-31897\",\"sn\":\"\",\"idxP\":26},{\"mq\":\"Club House\",\"nm\":\"Assaisonnement citron et fines herbes\",\"nme\":\"Lemon & herb seasoning\",\"attr\":\"\",\"sku\":\"31925\",\"l2\":\"\u00C9pice, sel et poivre\",\"sl\":\"assaisonnement-citron-et-fines-herbes-club-house-31925\",\"sn\":\"citrons\",\"idxP\":20},{\"mq\":\"Club House\",\"nm\":\"Assaisonnement ail r\u00F4ti et poivrons\",\"nme\":\"Roasted garlic and pepper seasoning\",\"attr\":\"\",\"sku\":\"31934\",\"l2\":\"\u00C9pice, sel et poivre\",\"sl\":\"assaisonnement-ail-roti-et-poivrons-club-house-31934\",\"sn\":\"\",\"idxP\":15},{\"mq\":\"Club House\",\"nm\":\"Sel \u00E0 l'ail\",\"nme\":\"Garlic salt\",\"attr\":\"\",\"sku\":\"31883\",\"l2\":\"\u00C9pice, sel et poivre\",\"sl\":\"sel-a-lail-club-house-31883\",\"sn\":\"\",\"idxP\":22},{\"mq\":\"Club House\",\"nm\":\"Poudre d'oignon\",\"nme\":\"Onion powder\",\"attr\":\"\",\"sku\":\"31902\",\"l2\":\"\u00C9pice, sel et poivre\",\"sl\":\"poudre-doignon-club-house-31902\",\"sn\":\"onions, oignons\",\"idxP\":26},{\"mq\":\"Club House\",\"nm\":\"Poivre noir concass\u00E9\",\"nme\":\"Coarse black pepper\",\"attr\":\"\",\"sku\":\"31904\",\"l2\":\"\u00C9pice, sel et poivre\",\"sl\":\"poivre-noir-concasse-club-house-31904\",\"sn\":\"\",\"idxP\":19},{\"mq\":\"Club House\",\"nm\":\"Assaisonnement cajun\",\"nme\":\"Cajun seasoning\",\"attr\":\"\",\"sku\":\"31920\",\"l2\":\"\u00C9pice, sel et poivre\",\"sl\":\"assaisonnement-cajun-club-house-31920\",\"sn\":\"\",\"idxP\":25},{\"mq\":\"Club House\",\"nm\":\"Poivre noir entier\",\"nme\":\"Whole black pepper\",\"attr\":\"\",\"sku\":\"31889\",\"l2\":\"\u00C9pice, sel et poivre\",\"sl\":\"poivre-noir-entier-club-house-31889\",\"sn\":\"\",\"idxP\":21},{\"mq\":\"Club House\",\"nm\":\"Poudre de cari\",\"nme\":\"Curry powder\",\"attr\":\"\",\"sku\":\"31896\",\"l2\":\"\u00C9pice, sel et poivre\",\"sl\":\"poudre-de-cari-club-house-31896\",\"sn\":\"\",\"idxP\":29},{\"mq\":\"Club House\",\"nm\":\"Assaisonnement parmesan et fines herbes\",\"nme\":\"Parmesan herbs seasoning\",\"attr\":\"\",\"sku\":\"31933\",\"l2\":\"\u00C9pice, sel et poivre\",\"sl\":\"assaisonnement-parmesan-et-fines-herbes-club-house-31933\",\"sn\":\"\",\"idxP\":24},{\"mq\":\"Club House\",\"nm\":\"Paprika\",\"nme\":\"Paprika\",\"attr\":\"\",\"sku\":\"31903\",\"l2\":\"\u00C9pice, sel et poivre\",\"sl\":\"paprika-club-house-31903\",\"sn\":\"\",\"idxP\":30},{\"mq\":\"Club House\",\"nm\":\"Assaisonnement italiano\",\"nme\":\"Italiano seasoning\",\"attr\":\"\",\"sku\":\"31919\",\"l2\":\"\u00C9pice, sel et poivre\",\"sl\":\"assaisonnement-italiano-club-house-31919\",\"sn\":\"\",\"idxP\":18},{\"mq\":\"Club House\",\"nm\":\"Poivre de cayenne\",\"nme\":\"Cayenne pepper\",\"attr\":\"\",\"sku\":\"31892\",\"l2\":\"\u00C9pice, sel et poivre\",\"sl\":\"poivre-de-cayenne-club-house-31892\",\"sn\":\"\",\"idxP\":25},{\"mq\":\"Club House\",\"nm\":\"Poudre d'ail\",\"nme\":\"Garlic powder\",\"attr\":\"\",\"sku\":\"31910\",\"l2\":\"\u00C9pice, sel et poivre\",\"sl\":\"poudre-dail-club-house-31910\",\"sn\":\"\",\"idxP\":34},{\"mq\":\"Club House\",\"nm\":\"Paprika fum\u00E9\",\"nme\":\"Smoked paprika\",\"attr\":\"\",\"sku\":\"31914\",\"l2\":\"\u00C9pice, sel et poivre\",\"sl\":\"paprika-fume-club-house-31914\",\"sn\":\"\",\"idxP\":22},{\"mq\":\"Club House\",\"nm\":\"Poivre noir moulu\",\"nme\":\"Ground black pepper\",\"attr\":\"\",\"sku\":\"31911\",\"l2\":\"\u00C9pice, sel et poivre\",\"sl\":\"poivre-noir-moulu-club-house-31911\",\"sn\":\"\",\"idxP\":27},{\"mq\":\"Club House\",\"nm\":\"Flocons de persil\",\"nme\":\"Parsley flakes\",\"attr\":\"\",\"sku\":\"31912\",\"l2\":\"\u00C9pice, sel et poivre\",\"sl\":\"flocons-de-persil-club-house-31912\",\"sn\":\"\",\"idxP\":14},{\"mq\":\"Club House\",\"nm\":\"Feuilles de romarin\",\"nme\":\"Rosemary leaves\",\"attr\":\"\",\"sku\":\"31907\",\"l2\":\"\u00C9pice, sel et poivre\",\"sl\":\"feuilles-de-romarin-club-house-31907\",\"sn\":\"\",\"idxP\":21},{\"mq\":\"Club House\",\"nm\":\"Poudre de chili\",\"nme\":\"Chili powder\",\"attr\":\"\",\"sku\":\"31909\",\"l2\":\"\u00C9pice, sel et poivre\",\"sl\":\"poudre-de-chili-club-house-31909\",\"sn\":\"\",\"idxP\":25},{\"mq\":\"Club House\",\"nm\":\"Curcuma moulu\",\"nme\":\"Ground turmeric\",\"attr\":\"\",\"sku\":\"31916\",\"l2\":\"\u00C9pice, sel et poivre\",\"sl\":\"curcuma-moulu-club-house-31916\",\"sn\":\"turmeric, safran des indes\",\"idxP\":19},{\"mq\":\"Club House\",\"nm\":\"Assaisonnement tex mex\",\"nme\":\"Tex mex seasoning\",\"attr\":\"\",\"sku\":\"31918\",\"l2\":\"\u00C9pice, sel et poivre\",\"sl\":\"assaisonnement-tex-mex-club-house-31918\",\"sn\":\"\",\"idxP\":21},{\"mq\":\"Club House\",\"nm\":\"\u00C9pices bifteck Montr\u00E9al \u00E9pic\u00E9\",\"nme\":\"Spicy Montreal steak spice\",\"attr\":\"\",\"sku\":\"31971\",\"l2\":\"\u00C9pice, sel et poivre\",\"sl\":\"epices-bifteck-montreal-epice-club-house-31971\",\"sn\":\"steak\",\"idxP\":22},{\"mq\":\"Club House\",\"nm\":\"Assaisonnement grec\",\"nme\":\"Greek seasoning\",\"attr\":\"\",\"sku\":\"31924\",\"l2\":\"\u00C9pice, sel et poivre\",\"sl\":\"assaisonnement-grec-club-house-31924\",\"sn\":\"\",\"idxP\":20},{\"mq\":\"Lubeca\",\"nm\":\"P\u00E2te d'amande 52%\",\"nme\":\"Almond Paste 52%\",\"attr\":\"\",\"sku\":\"24303\",\"l2\":\"Ingr\u00E9dient de p\u00E2tisserie\",\"sl\":\"pate-damande-52-lubeca-24303\",\"sn\":\"amandes\",\"idxP\":35},{\"mq\":\"Club House\",\"nm\":\"Assaisonnement ail et herbes sans sel\",\"nme\":\"Salt free garlic and herb seasoning\",\"attr\":\"\",\"sku\":\"31936\",\"l2\":\"\u00C9pice, sel et poivre\",\"sl\":\"assaisonnement-ail-et-herbes-sans-sel-club-house-31936\",\"sn\":\"\",\"idxP\":17},{\"mq\":\"Club House\",\"nm\":\"Assaisonnement pour saumon sans sel\",\"nme\":\"No salt added salmon seasoning\",\"attr\":\"\",\"sku\":\"31966\",\"l2\":\"\u00C9pice, sel et poivre\",\"sl\":\"assaisonnement-pour-saumon-sans-sel-club-house-31966\",\"sn\":\"\",\"idxP\":11},{\"mq\":\"Club House\",\"nm\":\"Moulin sel de mer\",\"nme\":\"Sea salt grinder\",\"attr\":\"\",\"sku\":\"31952\",\"l2\":\"\u00C9pice, sel et poivre\",\"sl\":\"moulin-sel-de-mer-club-house-31952\",\"sn\":\"\",\"idxP\":41},{\"mq\":\"Club House\",\"nm\":\"Assais. plein go\u00FBt pour bagel avec herbes\",\"nme\":\"Everything bagel seasoning\",\"attr\":\"\",\"sku\":\"31986\",\"l2\":\"\u00C9pice, sel et poivre\",\"sl\":\"assais.-plein-gout-pour-bagel-avec-herbes-club-house-31986\",\"sn\":\"\",\"idxP\":11},{\"mq\":\"Club House\",\"nm\":\"Assaisonnement fum\u00E9 au bois de pommier\",\"nme\":\"Smouldering smoked applewood seasoning\",\"attr\":\"\",\"sku\":\"31969\",\"l2\":\"\u00C9pice, sel et poivre\",\"sl\":\"assaisonnement-fume-au-bois-de-pommier-club-house-31969\",\"sn\":\"apples\",\"idxP\":13},{\"mq\":\"Club House\",\"nm\":\"Assaisonnement ail plus\",\"nme\":\"Garlic plus seasoning\",\"attr\":\"\",\"sku\":\"31923\",\"l2\":\"\u00C9pice, sel et poivre\",\"sl\":\"assaisonnement-ail-plus-club-house-31923\",\"sn\":\"\",\"idxP\":20},{\"mq\":\"Fleischmann\",\"nm\":\"Levure rapide x3un\",\"nme\":\"Quick Rise Yeast x3un\",\"attr\":\"\",\"sku\":\"35549\",\"l2\":\"Ingr\u00E9dient de p\u00E2tisserie\",\"sl\":\"levure-rapide-x3un-fleischmann-35549\",\"sn\":\"\",\"idxP\":82},{\"mq\":\"Hellmann's\",\"nm\":\"Mayonnaise \u00E9pic\u00E9e\",\"nme\":\"Spicy mayonnaise\",\"attr\":\"\",\"sku\":\"35853\",\"l2\":\"Condiment\",\"sl\":\"mayonnaise-epicee-hellmanns-35853\",\"sn\":\"mayonnaise\",\"idxP\":56},{\"mq\":\"Miss Vickie's\",\"nm\":\"Croustille jalapeno\",\"nme\":\"Jalapeo Chips\",\"attr\":\"\",\"sku\":\"09305\",\"l2\":\"Croustille et grignotine\",\"sl\":\"croustille-jalapeno-miss-vickies-09305\",\"sn\":\"croustille\",\"idxP\":12},{\"mq\":\"Decacer\",\"nm\":\"Sucre d'\u00E9rable pur\",\"nme\":\"Pure Maple Sugar\",\"attr\":\"\",\"sku\":\"34822\",\"l2\":\"Sucre\",\"sl\":\"sucre-derable-pur-decacer-34822\",\"sn\":\"\",\"idxP\":60},{\"mq\":\"Dora\",\"nm\":\"Sirop de table\",\"nme\":\"Table Syrup\",\"attr\":\"\",\"sku\":\"31848\",\"l2\":\"Confiture et tartinade\",\"sl\":\"sirop-de-table-dora-31848\",\"sn\":\"\",\"idxP\":33},{\"mq\":\"Old Dutch\",\"nm\":\"Croustilles barbecues\",\"nme\":\"Barbecue Chips\",\"attr\":\"\",\"sku\":\"35662\",\"l2\":\"Croustille et grignotine\",\"sl\":\"croustilles-barbecues-old-dutch-35662\",\"sn\":\"croustille, BBQ\",\"idxP\":55},{\"mq\":\"Rose Hill\",\"nm\":\"Coriandre enti\u00E8re\",\"nme\":\"Whole Coriander\",\"attr\":\"\",\"sku\":\"11860\",\"l2\":\"\u00C9pice, sel et poivre\",\"sl\":\"coriandre-entiere-rose-hill-11860\",\"sn\":\"\",\"idxP\":30},{\"mq\":\"Cheetos\",\"nm\":\"Grignotines au fromage Puff\",\"nme\":\"Puff Cheese Snacks\",\"attr\":\"\",\"sku\":\"36236\",\"l2\":\"Croustille et grignotine\",\"sl\":\"grignotines-au-fromage-puff-cheetos-36236\",\"sn\":\"fromages\",\"idxP\":51},{\"mq\":\"Exotic\",\"nm\":\"Gaufrettes au chocolat\",\"nme\":\"Chocolate wafers\",\"attr\":\"\",\"sku\":\"35191\",\"l2\":\"Bar laitier\",\"sl\":\"gaufrettes-au-chocolat-exotic-35191\",\"sn\":\"\",\"idxP\":40},{\"mq\":\"Quaker\",\"nm\":\"Barre tendre brisures de chocolat\",\"nme\":\"Chocolate Chips Chewy Bar\",\"attr\":\"\",\"sku\":\"35241\",\"l2\":\"C\u00E9r\u00E9ales et barre\",\"sl\":\"barre-tendre-brisures-de-chocolat-quaker-35241\",\"sn\":\"\",\"idxP\":100},{\"mq\":\"Quaker\",\"nm\":\"Barre tendre Smores\",\"nme\":\"Smores Chewy Bar\",\"attr\":\"\",\"sku\":\"36466\",\"l2\":\"C\u00E9r\u00E9ales et barre\",\"sl\":\"barre-tendre-smores-quaker-36466\",\"sn\":\"\",\"idxP\":49},{\"mq\":\"Amir\",\"nm\":\"Sauce \u00E0 l'ail\",\"nme\":\"Garlic sauce\",\"attr\":\"\",\"sku\":\"36862\",\"l2\":\"Sauce\",\"sl\":\"sauce-a-lail-amir-36862\",\"sn\":\"\",\"idxP\":77},{\"mq\":\"McLean\",\"nm\":\"Sirop caramel pour lait frapp\u00E9\",\"nme\":\"Caramel milkshake syrup\",\"attr\":\"\",\"sku\":\"36891\",\"l2\":\"Bar laitier\",\"sl\":\"sirop-caramel-pour-lait-frappe-mclean-36891\",\"sn\":\"\",\"idxP\":11},{\"mq\":\"Milagrosa\",\"nm\":\"Riz jasmin parfum\u00E9 20kg\",\"nme\":\"Parfumed Jasmin Rice\",\"attr\":\"\",\"sku\":\"38147\",\"l2\":\"Riz et grain\",\"sl\":\"riz-jasmin-parfume-20kg-milagrosa-38147\",\"sn\":\"\",\"idxP\":82},{\"mq\":\"Cheerios\",\"nm\":\"C\u00E9r\u00E9ales Cheerios miel et noix\",\"nme\":\"Honey Nut Cheerios Cereal\",\"attr\":\"\",\"sku\":\"37389\",\"l2\":\"C\u00E9r\u00E9ales et barre\",\"sl\":\"cereales-cheerios-miel-et-noix-cheerios-37389\",\"sn\":\"\",\"idxP\":38},{\"mq\":\"Quaker\",\"nm\":\"C\u00E9r\u00E9ales Captain Crunch\",\"nme\":\"Captain Crunch cereal\",\"attr\":\"\",\"sku\":\"37556\",\"l2\":\"C\u00E9r\u00E9ales et barre\",\"sl\":\"cereales-captain-crunch-quaker-37556\",\"sn\":\"\",\"idxP\":40},{\"mq\":\"Kellogg's\",\"nm\":\"C\u00E9r\u00E9ales Corn pops\",\"nme\":\"Corn pops cereal\",\"attr\":\"\",\"sku\":\"37275\",\"l2\":\"C\u00E9r\u00E9ales et barre\",\"sl\":\"cereales-corn-pops-kelloggs-37275\",\"sn\":\"\",\"idxP\":41},{\"mq\":\"Kellogg's\",\"nm\":\"C\u00E9r\u00E9ales Vector\",\"nme\":\"Vector cereal\",\"attr\":\"\",\"sku\":\"37216\",\"l2\":\"C\u00E9r\u00E9ales et barre\",\"sl\":\"cereales-vector-kelloggs-37216\",\"sn\":\"\",\"idxP\":61},{\"mq\":\"Mayrand CHEF\",\"nm\":\"Remplissage pour tarte aux cerises\",\"nme\":\"Cherry pie filling\",\"attr\":\"\",\"sku\":\"39396\",\"l2\":\"Ingr\u00E9dient de p\u00E2tisserie\",\"sl\":\"remplissage-pour-tarte-aux-cerises-mayrand-chef-39396\",\"sn\":\"\",\"idxP\":7},{\"mq\":\"Mayrand CHEF\",\"nm\":\"Remplissage pour tarte aux framboises\",\"nme\":\"Raspberry pie filling\",\"attr\":\"\",\"sku\":\"39483\",\"l2\":\"Ingr\u00E9dient de p\u00E2tisserie\",\"sl\":\"remplissage-pour-tarte-aux-framboises-mayrand-chef-39483\",\"sn\":\"framboises\",\"idxP\":6},{\"mq\":\"Mayrand CHEF\",\"nm\":\"Remplissage pour tarte aux raisins\",\"nme\":\"Raisin pie filling\",\"attr\":\"\",\"sku\":\"39475\",\"l2\":\"Ingr\u00E9dient de p\u00E2tisserie\",\"sl\":\"remplissage-pour-tarte-aux-raisins-mayrand-chef-39475\",\"sn\":\"raisins\",\"idxP\":10},{\"mq\":\"Belcolade\",\"nm\":\"Chocolat blanc 30% pistole\",\"nme\":\"White Chocolate 30% Pistole\",\"attr\":\"\",\"sku\":\"39484\",\"l2\":\"Ingr\u00E9dient de p\u00E2tisserie\",\"sl\":\"chocolat-blanc-30-pistole-belcolade-39484\",\"sn\":\"\",\"idxP\":13},{\"mq\":\"Mayrand CHEF\",\"nm\":\"Remplissage pour tarte au citron\",\"nme\":\"Lemon pie filling\",\"attr\":\"\",\"sku\":\"39369\",\"l2\":\"Ingr\u00E9dient de p\u00E2tisserie\",\"sl\":\"remplissage-pour-tarte-au-citron-mayrand-chef-39369\",\"sn\":\"citrons\",\"idxP\":9},{\"mq\":\"Que Pasa\",\"nm\":\"Croustilles biologiques sal\u00E9es\",\"nme\":\"Organic Salted Chips\",\"attr\":\"Biologique\",\"sku\":\"49509\",\"l2\":\"Croustille et grignotine\",\"sl\":\"croustilles-biologiques-salees-que-pasa-49509\",\"sn\":\"biologique, croustille, bio, organic, organique\",\"idxP\":100},{\"mq\":\"Que Pasa\",\"nm\":\"Croustilles biologiques non-sal\u00E9es\",\"nme\":\"Organic unsalted Chips\",\"attr\":\"\",\"sku\":\"49510\",\"l2\":\"Croustille et grignotine\",\"sl\":\"croustilles-biologiques-non-salees-que-pasa-49510\",\"sn\":\"biologique, croustille, bio, organic, organique\",\"idxP\":86},{\"mq\":\"Que Pasa\",\"nm\":\"Croustilles \u00E0 la lime\",\"nme\":\"Lime Tortillas Chips\",\"attr\":\"Biologique\",\"sku\":\"49523\",\"l2\":\"Croustille et grignotine\",\"sl\":\"croustilles-a-la-lime-que-pasa-49523\",\"sn\":\"biologique, croustille\",\"idxP\":87},{\"mq\":\"Que Pasa\",\"nm\":\"Croustilles biologiques 3 couleurs\",\"nme\":\"3 Colors Chips\",\"attr\":\"\",\"sku\":\"49516\",\"l2\":\"Croustille et grignotine\",\"sl\":\"croustilles-biologiques-3-couleurs-que-pasa-49516\",\"sn\":\"biologique, croustille, bio, organic, organique\",\"idxP\":96},{\"mq\":\"R.Fortin\",\"nm\":\"Oignon d\u00E9shydrat\u00E9\",\"nme\":\"Dried Onion\",\"attr\":\"\",\"sku\":\"31233\",\"l2\":\"Condiment\",\"sl\":\"oignon-deshydrate-r.fortin-31233\",\"sn\":\"onions, oignons\",\"idxP\":47},{\"mq\":\"Yum Yum\",\"nm\":\"Croustilles saveur bacon\",\"nme\":\"Bacon flavour chips\",\"attr\":\"\",\"sku\":\"40603\",\"l2\":\"Croustille et grignotine\",\"sl\":\"croustilles-saveur-bacon-yum-yum-40603\",\"sn\":\"croustille\",\"idxP\":48},{\"mq\":\"Rose Hill\",\"nm\":\"Ciboulette\",\"nme\":\"Chives\",\"attr\":\"\",\"sku\":\"34579\",\"l2\":\"\u00C9pice, sel et poivre\",\"sl\":\"ciboulette-rose-hill-34579\",\"sn\":\"\",\"idxP\":37},{\"mq\":\"Unico\",\"nm\":\"Thon p\u00E2le dans l'huile d'olive\",\"nme\":\"Light Tuna in Olive Oil\",\"attr\":\"\",\"sku\":\"40575\",\"l2\":\"Poisson et viande en conserve\",\"sl\":\"thon-pale-dans-lhuile-dolive-unico-40575\",\"sn\":\"\",\"idxP\":84},{\"mq\":\"Barilla\",\"nm\":\"P\u00E2tes spaghettini #3\",\"nme\":\"Spaghettini Pasta #3\",\"attr\":\"\",\"sku\":\"40649\",\"l2\":\"P\u00E2tes\",\"sl\":\"pates-spaghettini-3-barilla-40649\",\"sn\":\"\",\"idxP\":97},{\"mq\":\"Barilla\",\"nm\":\"P\u00E2tes farfalle #65\",\"nme\":\"Farfalle Pasta #65\",\"attr\":\"\",\"sku\":\"40654\",\"l2\":\"P\u00E2tes\",\"sl\":\"pates-farfalle-65-barilla-40654\",\"sn\":\"\",\"idxP\":95},{\"mq\":\"Barilla\",\"nm\":\"P\u00E2tes rigatoni #83\",\"nme\":\"Rigatoni Pasta #83\",\"attr\":\"\",\"sku\":\"40651\",\"l2\":\"P\u00E2tes\",\"sl\":\"pates-rigatoni-83-barilla-40651\",\"sn\":\"\",\"idxP\":89},{\"mq\":\"Barilla\",\"nm\":\"P\u00E2tes ditali #45\",\"nme\":\"Ditali Pasta #45\",\"attr\":\"\",\"sku\":\"40663\",\"l2\":\"P\u00E2tes\",\"sl\":\"pates-ditali-45-barilla-40663\",\"sn\":\"\",\"idxP\":84},{\"mq\":\"Barilla\",\"nm\":\"P\u00E2tes spaghetti #5\",\"nme\":\"Spaghetti Pasta #5\",\"attr\":\"\",\"sku\":\"40658\",\"l2\":\"P\u00E2tes\",\"sl\":\"pates-spaghetti-5-barilla-40658\",\"sn\":\"\",\"idxP\":100},{\"mq\":\"Barilla\",\"nm\":\"P\u00E2tes linguine #13\",\"nme\":\"Linguine Pasta #13\",\"attr\":\"\",\"sku\":\"40661\",\"l2\":\"P\u00E2tes\",\"sl\":\"pates-linguine-13-barilla-40661\",\"sn\":\"\",\"idxP\":83},{\"mq\":\"Barilla\",\"nm\":\"P\u00E2tes penne lisce #71\",\"nme\":\"Penne Lisce Pasta #71\",\"attr\":\"\",\"sku\":\"40653\",\"l2\":\"P\u00E2tes\",\"sl\":\"pates-penne-lisce-71-barilla-40653\",\"sn\":\"\",\"idxP\":79},{\"mq\":\"Barilla\",\"nm\":\"P\u00E2tes pennette rigate #369\",\"nme\":\"Pennette Rigate Pasta #369\",\"attr\":\"\",\"sku\":\"40659\",\"l2\":\"P\u00E2tes\",\"sl\":\"pates-pennette-rigate-369-barilla-40659\",\"sn\":\"\",\"idxP\":87},{\"mq\":\"Barilla\",\"nm\":\"P\u00E2tes rotini #81\",\"nme\":\"Rotini Pasta #81\",\"attr\":\"\",\"sku\":\"40650\",\"l2\":\"P\u00E2tes\",\"sl\":\"pates-rotini-81-barilla-40650\",\"sn\":\"\",\"idxP\":88},{\"mq\":\"Barilla\",\"nm\":\"P\u00E2tes capellini #1\",\"nme\":\"Capellini Pasta #1\",\"attr\":\"\",\"sku\":\"40656\",\"l2\":\"P\u00E2tes\",\"sl\":\"pates-capellini-1-barilla-40656\",\"sn\":\"\",\"idxP\":85},{\"mq\":\"Barilla\",\"nm\":\"P\u00E2tes linguine fini #11\",\"nme\":\"Linguine Fini Pasta #11\",\"attr\":\"\",\"sku\":\"40662\",\"l2\":\"P\u00E2tes\",\"sl\":\"pates-linguine-fini-11-barilla-40662\",\"sn\":\"\",\"idxP\":91},{\"mq\":\"Barilla\",\"nm\":\"P\u00E2tes fettuccine #6\",\"nme\":\"Fettuccine Pasta #6\",\"attr\":\"\",\"sku\":\"40664\",\"l2\":\"P\u00E2tes\",\"sl\":\"pates-fettuccine-6-barilla-40664\",\"sn\":\"\",\"idxP\":85},{\"mq\":\"Barilla\",\"nm\":\"P\u00E2tes macaroni coup\u00E9 #35\",\"nme\":\"Cut Macaroni Pasta #35\",\"attr\":\"\",\"sku\":\"40660\",\"l2\":\"P\u00E2tes\",\"sl\":\"pates-macaroni-coupe-35-barilla-40660\",\"sn\":\"\",\"idxP\":93},{\"mq\":\"Barilla\",\"nm\":\"P\u00E2tes spaghettoni #7\",\"nme\":\"Spaghettoni Pasta #7\",\"attr\":\"\",\"sku\":\"40657\",\"l2\":\"P\u00E2tes\",\"sl\":\"pates-spaghettoni-7-barilla-40657\",\"sn\":\"\",\"idxP\":95},{\"mq\":\"Barilla\",\"nm\":\"P\u00E2tes conchiglie #393\",\"nme\":\"Conchiglie Pasta393\",\"attr\":\"\",\"sku\":\"40655\",\"l2\":\"P\u00E2tes\",\"sl\":\"pates-conchiglie-393-barilla-40655\",\"sn\":\"\",\"idxP\":83},{\"mq\":\"Simply Protein\",\"nm\":\"Barre beurre d'arachide et chocolat\",\"nme\":\"Peanut Butter and Chocolate Bar\",\"attr\":\"\",\"sku\":\"41071\",\"l2\":\"C\u00E9r\u00E9ales et barre\",\"sl\":\"barre-beurre-darachide-et-chocolat-simply-protein-41071\",\"sn\":\"\",\"idxP\":14},{\"mq\":\"Marcellas\",\"nm\":\"Olives piquantes \u00E9pic\u00E9es \u00E0 la calabrese\",\"nme\":\"Hot spiced calabrese olives\",\"attr\":\"\",\"sku\":\"41008\",\"l2\":\"Marinade\",\"sl\":\"olives-piquantes-epicees-a-la-calabrese-marcellas-41008\",\"sn\":\"\",\"idxP\":56},{\"mq\":\"Adoro\",\"nm\":\"Biscuits au beurre\",\"nme\":\"Butter cookies\",\"attr\":\"\",\"sku\":\"41069\",\"l2\":\"Biscuit et craquelin\",\"sl\":\"biscuits-au-beurre-adoro-41069\",\"sn\":\"\",\"idxP\":51},{\"mq\":\"Hellmann's\",\"nm\":\"Mayonnaise vraie\",\"nme\":\"Real Mayonnaise\",\"attr\":\"\",\"sku\":\"41075\",\"l2\":\"Condiment\",\"sl\":\"mayonnaise-vraie-hellmanns-41075\",\"sn\":\"mayonnaise\",\"idxP\":96},{\"mq\":\"Miss Vickie's\",\"nm\":\"Croustilles recette originale\",\"nme\":\"Original Chips\",\"attr\":\"\",\"sku\":\"09307\",\"l2\":\"Croustille et grignotine\",\"sl\":\"croustilles-recette-originale-miss-vickies-09307\",\"sn\":\"croustille\",\"idxP\":31},{\"mq\":\"Pearl Mill\",\"nm\":\"M\u00E9lange \u00E0 cr\u00EApe original\",\"nme\":\"Original Pancake Mix\",\"attr\":\"\",\"sku\":\"10115\",\"l2\":\"Ingr\u00E9dient de p\u00E2tisserie\",\"sl\":\"melange-a-crepe-original-pearl-mill-10115\",\"sn\":\"\",\"idxP\":90},{\"mq\":\"La P\u00E2tissi\u00E8re\",\"nm\":\"Essence de vanille brune\",\"nme\":\"Brown Vanilla Extract\",\"attr\":\"\",\"sku\":\"41194\",\"l2\":\"Ingr\u00E9dient de p\u00E2tisserie\",\"sl\":\"essence-de-vanille-brune-la-patissiere-41194\",\"sn\":\"\",\"idxP\":87},{\"mq\":\"Embassy\",\"nm\":\"Colorant liquide rouge No\u00EBl\",\"nme\":\"Red Christmas Foodcolor Liquid\",\"attr\":\"\",\"sku\":\"12141\",\"l2\":\"Ingr\u00E9dient de p\u00E2tisserie\",\"sl\":\"colorant-liquide-rouge-noel-embassy-12141\",\"sn\":\"\",\"idxP\":27},{\"mq\":\"Embassy\",\"nm\":\"Essence \u00E0 caf\u00E9\",\"nme\":\"Coffee Extract\",\"attr\":\"\",\"sku\":\"10303\",\"l2\":\"Ingr\u00E9dient de p\u00E2tisserie\",\"sl\":\"essence-a-cafe-embassy-10303\",\"sn\":\"\",\"idxP\":12},{\"mq\":\"Twix\",\"nm\":\"Barre de chocolat Twix\",\"nme\":\"Twix chocolate bar\",\"attr\":\"\",\"sku\":\"31381\",\"l2\":\"Confiserie\",\"sl\":\"barre-de-chocolat-twix-twix-31381\",\"sn\":\"\",\"idxP\":11},{\"mq\":\"Embassy\",\"nm\":\"Essence d'amande\",\"nme\":\"Almond Extract\",\"attr\":\"\",\"sku\":\"10304\",\"l2\":\"Ingr\u00E9dient de p\u00E2tisserie\",\"sl\":\"essence-damande-embassy-10304\",\"sn\":\"amandes\",\"idxP\":19},{\"mq\":\"Reese\",\"nm\":\"Barre de chocolat Reese\",\"nme\":\"Reese chocolate bar\",\"attr\":\"\",\"sku\":\"08548\",\"l2\":\"Confiserie\",\"sl\":\"barre-de-chocolat-reese-reese-08548\",\"sn\":\"\",\"idxP\":35},{\"mq\":\"Embassy\",\"nm\":\"Emulsion amande\",\"nme\":\"Almond Emulsion\",\"attr\":\"\",\"sku\":\"09401\",\"l2\":\"Ingr\u00E9dient de p\u00E2tisserie\",\"sl\":\"emulsion-amande-embassy-09401\",\"sn\":\"amandes\",\"idxP\":10},{\"mq\":\"Mars\",\"nm\":\"Barre de chocolat Mars\",\"nme\":\"Mars chocolate bar\",\"attr\":\"\",\"sku\":\"32546\",\"l2\":\"Confiserie\",\"sl\":\"barre-de-chocolat-mars-mars-32546\",\"sn\":\"\",\"idxP\":25},{\"mq\":\"Zesta\",\"nm\":\"Biscuit soda sal\u00E9 sans noix en sachet\",\"nme\":\"Salted Crackers without nuts in a bag\",\"attr\":\"\",\"sku\":\"10549\",\"l2\":\"Biscuit et craquelin\",\"sl\":\"biscuit-soda-sale-sans-noix-en-sachet-zesta-10549\",\"sn\":\"liqueur, breuvage, softdrink, soft drink\",\"idxP\":17},{\"mq\":\"Crunchie\",\"nm\":\"Choco cadbury\",\"nme\":\"Chocolat cadbury\",\"attr\":\"\",\"sku\":\"11319\",\"l2\":\"Confiserie\",\"sl\":\"choco-cadbury-crunchie-11319\",\"sn\":\"\",\"idxP\":10},{\"mq\":\"Embassy\",\"nm\":\"Essence de rhum\",\"nme\":\"Rhum Extract\",\"attr\":\"\",\"sku\":\"10308\",\"l2\":\"Ingr\u00E9dient de p\u00E2tisserie\",\"sl\":\"essence-de-rhum-embassy-10308\",\"sn\":\"\",\"idxP\":18},{\"mq\":\"Nestl\u00E9\",\"nm\":\"Barre de chocolat Smarties\",\"nme\":\"Smarties chocolate bar\",\"attr\":\"\",\"sku\":\"35492\",\"l2\":\"Confiserie\",\"sl\":\"barre-de-chocolat-smarties-nestle-35492\",\"sn\":\"\",\"idxP\":30},{\"mq\":\"Barilla\",\"nm\":\"P\u00E2tes fettuccine #6\",\"nme\":\"Fettuccine #6 Pasta\",\"attr\":\"\",\"sku\":\"10139\",\"l2\":\"P\u00E2tes\",\"sl\":\"pates-fettuccine-6-barilla-10139\",\"sn\":\"\",\"idxP\":53},{\"mq\":\"Zesta\",\"nm\":\"Biscuit soda non sal\u00E9 en sachet\",\"nme\":\"Unalted Crackers  in a bag\",\"attr\":\"\",\"sku\":\"10562\",\"l2\":\"Biscuit et craquelin\",\"sl\":\"biscuit-soda-non-sale-en-sachet-zesta-10562\",\"sn\":\"liqueur, breuvage, softdrink, soft drink\",\"idxP\":8},{\"mq\":\"Barilla\",\"nm\":\"P\u00E2te capellini #1\",\"nme\":\"Capellini #1 Pasta\",\"attr\":\"\",\"sku\":\"13496\",\"l2\":\"P\u00E2tes\",\"sl\":\"pate-capellini-1-barilla-13496\",\"sn\":\"\",\"idxP\":39},{\"mq\":\"Bull's Eye\",\"nm\":\"Sauce barbecue originale\",\"nme\":\"Original BBQ Sauce\",\"attr\":\"\",\"sku\":\"47290\",\"l2\":\"Sauce\",\"sl\":\"sauce-barbecue-originale-bulls-eye-47290\",\"sn\":\"BBQ\",\"idxP\":42},{\"mq\":\"Campiello\",\"nm\":\"Biscuit coeur chocolat\",\"nme\":\"Heart Chocolate Cookie\",\"attr\":\"\",\"sku\":\"36184\",\"l2\":\"Biscuit et craquelin\",\"sl\":\"biscuit-coeur-chocolat-campiello-36184\",\"sn\":\"\",\"idxP\":9},{\"mq\":\"Allessia\",\"nm\":\"Filets d'anchois 560g\",\"nme\":\"Fillets of Anchovies 560g\",\"attr\":\"\",\"sku\":\"35618\",\"l2\":\"Poisson et viande en conserve\",\"sl\":\"filets-danchois-560g-allessia-35618\",\"sn\":\"\",\"idxP\":82},{\"mq\":\"Marcellas\",\"nm\":\"Olive kalamata\",\"nme\":\"Kalamata Olives\",\"attr\":\"\",\"sku\":\"10081\",\"l2\":\"Marinade\",\"sl\":\"olive-kalamata-marcellas-10081\",\"sn\":\"\",\"idxP\":33},{\"mq\":\"Pastene\",\"nm\":\"Olive noire enti\u00E8re m\u00FBre\",\"nme\":\"Whole Ripe Black Olive\",\"attr\":\"\",\"sku\":\"15987\",\"l2\":\"Marinade\",\"sl\":\"olive-noire-entiere-mure-pastene-15987\",\"sn\":\"\",\"idxP\":75},{\"mq\":\"Mutti\",\"nm\":\"Tomates concass\u00E9es en sac\",\"nme\":\"Chopped Tomatoes in Bag\",\"attr\":\"\",\"sku\":\"25329\",\"l2\":\"Tomate en conserve\",\"sl\":\"tomates-concassees-en-sac-mutti-25329\",\"sn\":\"tomates\",\"idxP\":27},{\"mq\":\"Mutti\",\"nm\":\"Coulis de tomates avec basilic\",\"nme\":\"Strained Tomatoes with Basil\",\"attr\":\"\",\"sku\":\"01179\",\"l2\":\"Tomate en conserve\",\"sl\":\"coulis-de-tomates-avec-basilic-mutti-01179\",\"sn\":\"tomates\",\"idxP\":100},{\"mq\":\"Mayrand CHEF\",\"nm\":\"Nouilles aux oeufs large\",\"nme\":\"Large egg noodles\",\"attr\":\"\",\"sku\":\"01189\",\"l2\":\"P\u00E2tes\",\"sl\":\"nouilles-aux-oeufs-large-mayrand-chef-01189\",\"sn\":\"oeufs\",\"idxP\":10},{\"mq\":\"Mayrand CHEF\",\"nm\":\"Nouilles aux oeufs moyenne\",\"nme\":\"Medium egg noodles\",\"attr\":\"\",\"sku\":\"01187\",\"l2\":\"P\u00E2tes\",\"sl\":\"nouilles-aux-oeufs-moyenne-mayrand-chef-01187\",\"sn\":\"oeufs\",\"idxP\":24},{\"mq\":\"Labont\u00E9\",\"nm\":\"Miel liquide ambr\u00E9 fonc\u00E9\",\"nme\":\"Dark Amber Liquid Honey\",\"attr\":\"\",\"sku\":\"48050\",\"l2\":\"Confiture et tartinade\",\"sl\":\"miel-liquide-ambre-fonce-labonte-48050\",\"sn\":\"\",\"idxP\":22},{\"mq\":\"Le veneziane\",\"nm\":\"P\u00E2tes macaroni sans gluten\",\"nme\":\"Gluten-free macaroni pasta\",\"attr\":\"Sans gluten\",\"sku\":\"01228\",\"l2\":\"P\u00E2tes\",\"sl\":\"pates-macaroni-sans-gluten-le-veneziane-01228\",\"sn\":\"\",\"idxP\":40},{\"mq\":\"Sun Med\",\"nm\":\"Abricots pel\u00E9s en moiti\u00E9\",\"nme\":\"Peeled Apricot Halves\",\"attr\":\"\",\"sku\":\"01245\",\"l2\":\"Fruit en conserve\",\"sl\":\"abricots-peles-en-moitie-sun-med-01245\",\"sn\":\"\",\"idxP\":44},{\"mq\":\"El Ma Mia\",\"nm\":\"\u00C9pice r\u00E9guli\u00E8re pour sauce \u00E0 spaghetti h16\",\"nme\":\"Spagehtti sauce Regular Spice h16\",\"attr\":\"\",\"sku\":\"17967\",\"l2\":\"\u00C9pice, sel et poivre\",\"sl\":\"epice-reguliere-pour-sauce-a-spaghetti-h16-el-ma-mia-17967\",\"sn\":\"\",\"idxP\":72},{\"mq\":\"Arden Mills\",\"nm\":\"Farine \u00E0 pizza dur\",\"nme\":\"Hard pizza flour\",\"attr\":\"\",\"sku\":\"01256\",\"l2\":\"Farine, semoule et chapelure\",\"sl\":\"farine-a-pizza-dur-arden-mills-01256\",\"sn\":\"\",\"idxP\":77},{\"mq\":\"Dare\",\"nm\":\"Craquelins Breton bouch\u00E9es original\",\"nme\":\"Breton original bites\",\"attr\":\"\",\"sku\":\"01371\",\"l2\":\"Biscuit et craquelin\",\"sl\":\"craquelins-breton-bouchees-original-dare-01371\",\"sn\":\"\",\"idxP\":38},{\"mq\":\"Mayrand CHEF\",\"nm\":\"M\u00E9lange pour sauce poutine\",\"nme\":\"Poutine Sauce Mix\",\"attr\":\"\",\"sku\":\"01396\",\"l2\":\"Sauce\",\"sl\":\"melange-pour-sauce-poutine-mayrand-chef-01396\",\"sn\":\"\",\"idxP\":27},{\"mq\":\"Grissol\",\"nm\":\"Croutons style restaurant ail et herbes\",\"nme\":\"Restaurant Style Croutons garlic and herbs\",\"attr\":\"\",\"sku\":\"01408\",\"l2\":\"Vinaigrette et Cro\u00FBton\",\"sl\":\"croutons-style-restaurant-ail-et-herbes-grissol-01408\",\"sn\":\"\",\"idxP\":48},{\"mq\":\"Post\",\"nm\":\"C\u00E9r\u00E9ales Shreddies\",\"nme\":\"Cereals Shreddies\",\"attr\":\"\",\"sku\":\"01336\",\"l2\":\"C\u00E9r\u00E9ales et barre\",\"sl\":\"cereales-shreddies-post-01336\",\"sn\":\"\",\"idxP\":41},{\"mq\":\"Dare\",\"nm\":\"Craquelins Grissol Toast melba nature\",\"nme\":\"Grissol Plain Melba Toast\",\"attr\":\"\",\"sku\":\"01375\",\"l2\":\"Biscuit et craquelin\",\"sl\":\"craquelins-grissol-toast-melba-nature-dare-01375\",\"sn\":\"\",\"idxP\":43},{\"mq\":\"Dare\",\"nm\":\"Craquelins Crisp l\u00E9gumes sel de mer\",\"nme\":\"Sea salt vegetable crackers\",\"attr\":\"\",\"sku\":\"01373\",\"l2\":\"Biscuit et craquelin\",\"sl\":\"craquelins-crisp-legumes-sel-de-mer-dare-01373\",\"sn\":\"\",\"idxP\":48},{\"mq\":\"Dare\",\"nm\":\"Biscuits Whippet original\",\"nme\":\"Whippet Original\",\"attr\":\"\",\"sku\":\"01378\",\"l2\":\"Biscuit et craquelin\",\"sl\":\"biscuits-whippet-original-dare-01378\",\"sn\":\"\",\"idxP\":34},{\"mq\":\"Mayrand CHEF\",\"nm\":\"M\u00E9lange pour sauce Barbecue\",\"nme\":\"Barbecue Sauce Mix\",\"attr\":\"\",\"sku\":\"01399\",\"l2\":\"Sauce\",\"sl\":\"melange-pour-sauce-barbecue-mayrand-chef-01399\",\"sn\":\"BBQ\",\"idxP\":9},{\"mq\":\"Dare\",\"nm\":\"Craquelins Breton bouch\u00E9es aux l\u00E9gumes\",\"nme\":\"Breton vegetable bites\",\"attr\":\"\",\"sku\":\"01372\",\"l2\":\"Biscuit et craquelin\",\"sl\":\"craquelins-breton-bouchees-aux-legumes-dare-01372\",\"sn\":\"\",\"idxP\":41},{\"mq\":\"Berthelet\",\"nm\":\"M\u00E9lange mousse instantan\u00E9e chocolat\",\"nme\":\"Chocolate Mousse instant Mix\",\"attr\":\"Produit local\",\"sku\":\"36207\",\"l2\":\"Ingr\u00E9dient de p\u00E2tisserie\",\"sl\":\"melange-mousse-instantanee-chocolat-berthelet-36207\",\"sn\":\"\",\"idxP\":34},{\"mq\":\"Dare\",\"nm\":\"Craquelins Crisp l\u00E9gumes ranch mordant\",\"nme\":\"Veggies crisps zesty ranch\",\"attr\":\"\",\"sku\":\"01374\",\"l2\":\"Biscuit et craquelin\",\"sl\":\"craquelins-crisp-legumes-ranch-mordant-dare-01374\",\"sn\":\"\",\"idxP\":58},{\"mq\":\"Grissol\",\"nm\":\"Croutons style restaurant c\u00E9sar\",\"nme\":\"Restaurant Style Croutons caesar\",\"attr\":\"\",\"sku\":\"01407\",\"l2\":\"Vinaigrette et Cro\u00FBton\",\"sl\":\"croutons-style-restaurant-cesar-grissol-01407\",\"sn\":\"\",\"idxP\":92},{\"mq\":\"Kellogg's\",\"nm\":\"Craquelins Cheez-it original\",\"nme\":\"Original Cheez-it Crackers\",\"attr\":\"\",\"sku\":\"01423\",\"l2\":\"Biscuit et craquelin\",\"sl\":\"craquelins-cheez-it-original-kelloggs-01423\",\"sn\":\"\",\"idxP\":26},{\"mq\":\"Mayrand CHEF\",\"nm\":\"M\u00E9lange pour sauce Demi Glace\",\"nme\":\"DemiGalce Sauce Mix\",\"attr\":\"\",\"sku\":\"01398\",\"l2\":\"Sauce\",\"sl\":\"melange-pour-sauce-demi-glace-mayrand-chef-01398\",\"sn\":\"\",\"idxP\":27},{\"mq\":\"Kellogg's\",\"nm\":\"Craquelins Cheez-it cheddar et ranch piquant\",\"nme\":\"Cheddar & Spicy Ranch Cheez-it Crackers\",\"attr\":\"\",\"sku\":\"01425\",\"l2\":\"Biscuit et craquelin\",\"sl\":\"craquelins-cheez-it-cheddar-et-ranch-piquant-kelloggs-01425\",\"sn\":\"\",\"idxP\":25},{\"mq\":\"Unico\",\"nm\":\"Riz Arborio\",\"nme\":\"Arborio Rice\",\"attr\":\"\",\"sku\":\"01503\",\"l2\":\"Riz et grain\",\"sl\":\"riz-arborio-unico-01503\",\"sn\":\"\",\"idxP\":100}], [{\"mq\":\"Cucina d'oro\",\"nm\":\"Olives vertes castelvetrano d\u00E9noyaut\u00E9es\",\"nme\":\"Green pitted olives castelvetrano\",\"attr\":\"\",\"sku\":\"01431\",\"l2\":\"Marinade\",\"sl\":\"olives-vertes-castelvetrano-denoyautees-cucina-doro-01431\",\"sn\":\"\",\"idxP\":44},{\"mq\":\"Grissol\",\"nm\":\"Croutons classique Herbes du jardin\",\"nme\":\"Restaurant Style Croutons caesar\",\"attr\":\"\",\"sku\":\"01628\",\"l2\":\"Vinaigrette et Cro\u00FBton\",\"sl\":\"croutons-classique-herbes-du-jardin-grissol-01628\",\"sn\":\"\",\"idxP\":52},{\"mq\":\"Les D\u00E9lices DL\",\"nm\":\"Biscotti bleuets et citron\",\"nme\":\"Blueberry and lemon biscotti\",\"attr\":\"\",\"sku\":\"01780\",\"l2\":\"Biscuit et craquelin\",\"sl\":\"biscotti-bleuets-et-citron-les-delices-dl-01780\",\"sn\":\"croustille, citrons\",\"idxP\":49},{\"mq\":\"McLean\",\"nm\":\"Sirop cerise pour barbotine\",\"nme\":\"Cherry Syrup Slush Base\",\"attr\":\"\",\"sku\":\"36012\",\"l2\":\"Bar laitier\",\"sl\":\"sirop-cerise-pour-barbotine-mclean-36012\",\"sn\":\"slush\",\"idxP\":19},{\"mq\":\"Allen's\",\"nm\":\"Vinaigre pour marinades\",\"nme\":\"Vinegar for marinades\",\"attr\":\"\",\"sku\":\"01830\",\"l2\":\"Huile et vinaigre\",\"sl\":\"vinaigre-pour-marinades-allens-01830\",\"sn\":\"\",\"idxP\":90},{\"mq\":\"Valentino\",\"nm\":\"Panettone chocolat et cerise\",\"nme\":\"Chocolate and cherry panettone\",\"attr\":\"\",\"sku\":\"01844\",\"l2\":\"Panettone\",\"sl\":\"panettone-chocolat-et-cerise-valentino-01844\",\"sn\":\"\",\"idxP\":16},{\"mq\":\"Gallo\",\"nm\":\"Huile d'olive extra vierge\",\"nme\":\"Extra Virgin Olive Oil\",\"attr\":\"\",\"sku\":\"33041\",\"l2\":\"Huile et vinaigre\",\"sl\":\"huile-dolive-extra-vierge-gallo-33041\",\"sn\":\"\",\"idxP\":100},{\"mq\":\"Valentino\",\"nm\":\"Panettone chocolat noir et poire\",\"nme\":\"Dark chocolate and pear panettone\",\"attr\":\"\",\"sku\":\"01843\",\"l2\":\"Panettone\",\"sl\":\"panettone-chocolat-noir-et-poire-valentino-01843\",\"sn\":\"poires\",\"idxP\":20},{\"mq\":\"Agrofusion\",\"nm\":\"Haricots tortue noirs\",\"nme\":\"Black Turtle Beans\",\"attr\":\"\",\"sku\":\"01875\",\"l2\":\"Riz et grain\",\"sl\":\"haricots-tortue-noirs-agrofusion-01875\",\"sn\":\"\",\"idxP\":18},{\"mq\":\"Econo\",\"nm\":\"M\u00E9lange \u00E0 soupe macaroni & l\u00E9gumes\",\"nme\":\"Vegetables & Macaroni Soup Mix\",\"attr\":\"\",\"sku\":\"21250\",\"l2\":\"Soupe et bouillon\",\"sl\":\"melange-a-soupe-macaroni-legumes-econo-21250\",\"sn\":\"\",\"idxP\":23},{\"mq\":\"Econo\",\"nm\":\"M\u00E9lange \u00E0 soupe nouillettes & l\u00E9gumes\",\"nme\":\"Small Noodles & Vegetables Soup Mix\",\"attr\":\"\",\"sku\":\"21222\",\"l2\":\"Soupe et bouillon\",\"sl\":\"melange-a-soupe-nouillettes-legumes-econo-21222\",\"sn\":\"\",\"idxP\":31},{\"mq\":\"Econo\",\"nm\":\"M\u00E9lange \u00E0 soupe aux l\u00E9gumes\",\"nme\":\"Vegetables Soup Mix\",\"attr\":\"\",\"sku\":\"21223\",\"l2\":\"Soupe et bouillon\",\"sl\":\"melange-a-soupe-aux-legumes-econo-21223\",\"sn\":\"\",\"idxP\":64},{\"mq\":\"Econo\",\"nm\":\"M\u00E9lange \u00E0 soupe minestrone\",\"nme\":\"Minestrone Soup Mix\",\"attr\":\"\",\"sku\":\"29138\",\"l2\":\"Soupe et bouillon\",\"sl\":\"melange-a-soupe-minestrone-econo-29138\",\"sn\":\"\",\"idxP\":36},{\"mq\":\"Unico\",\"nm\":\"Peperoncini\",\"nme\":\"Peperoncini\",\"attr\":\"\",\"sku\":\"01989\",\"l2\":\"Marinade\",\"sl\":\"peperoncini-unico-01989\",\"sn\":\"\",\"idxP\":64},{\"mq\":\"Lantic\",\"nm\":\"Sucre \u00E0 glacer\",\"nme\":\"Icing Sugar\",\"attr\":\"\",\"sku\":\"02070\",\"l2\":\"Sucre\",\"sl\":\"sucre-a-glacer-lantic-02070\",\"sn\":\"\",\"idxP\":100},{\"mq\":\"Bovril\",\"nm\":\"Concentr\u00E9 de bouillon de poulet\",\"nme\":\"Chicken Concentrate\",\"attr\":\"\",\"sku\":\"25160\",\"l2\":\"Soupe et bouillon\",\"sl\":\"concentre-de-bouillon-de-poulet-bovril-25160\",\"sn\":\"\",\"idxP\":27},{\"mq\":\"Lantic\",\"nm\":\"Sucre blanc\",\"nme\":\"White sugar\",\"attr\":\"\",\"sku\":\"04816\",\"l2\":\"Sucre\",\"sl\":\"sucre-blanc-lantic-04816\",\"sn\":\"\",\"idxP\":100},{\"mq\":\"Knorr\",\"nm\":\"Moutarde de dijon\",\"nme\":\"Dijon Mustard\",\"attr\":\"\",\"sku\":\"26616\",\"l2\":\"Condiment\",\"sl\":\"moutarde-de-dijon-knorr-26616\",\"sn\":\"\",\"idxP\":51},{\"mq\":\"Voortman\",\"nm\":\"Biscuits des f\u00EAtes pain d'\u00E9pices\",\"nme\":\"Holiday Gingerbread Cookies\",\"attr\":\"\",\"sku\":\"02119\",\"l2\":\"Biscuit et craquelin\",\"sl\":\"biscuits-des-fetes-pain-depices-voortman-02119\",\"sn\":\"\",\"idxP\":0},{\"mq\":\"Lantic\",\"nm\":\"Sucre granul\u00E9\",\"nme\":\"Granulated sugar\",\"attr\":\"\",\"sku\":\"04814\",\"l2\":\"Sucre\",\"sl\":\"sucre-granule-lantic-04814\",\"sn\":\"\",\"idxP\":100},{\"mq\":\"Kellogg's\",\"nm\":\"C\u00E9r\u00E9ales Rice Krispies\",\"nme\":\"Rice Krispies\",\"attr\":\"\",\"sku\":\"02144\",\"l2\":\"C\u00E9r\u00E9ales et barre\",\"sl\":\"cereales-rice-krispies-kelloggs-02144\",\"sn\":\"\",\"idxP\":72},{\"mq\":\"Voortman\",\"nm\":\"Biscuits g\u00E2terie des f\u00EAtes\",\"nme\":\"Holiday treats Cookie\",\"attr\":\"\",\"sku\":\"02117\",\"l2\":\"Biscuit et craquelin\",\"sl\":\"biscuits-gaterie-des-fetes-voortman-02117\",\"sn\":\"\",\"idxP\":0},{\"mq\":\"Old Bay\",\"nm\":\"Assaisonnement old bay\",\"nme\":\"Old Bay Seasoning\",\"attr\":\"\",\"sku\":\"34950\",\"l2\":\"\u00C9pice, sel et poivre\",\"sl\":\"assaisonnement-old-bay-old-bay-34950\",\"sn\":\"\",\"idxP\":46},{\"mq\":\"Kellogg's\",\"nm\":\"C\u00E9r\u00E9ales Mini wheats blanc\",\"nme\":\"White mini wheats\",\"attr\":\"\",\"sku\":\"02138\",\"l2\":\"C\u00E9r\u00E9ales et barre\",\"sl\":\"cereales-mini-wheats-blanc-kelloggs-02138\",\"sn\":\"\",\"idxP\":37},{\"mq\":\"Dare\",\"nm\":\"Craquelins Vinta collation\",\"nme\":\"Vinta Snacks Crackers\",\"attr\":\"\",\"sku\":\"35648\",\"l2\":\"Biscuit et craquelin\",\"sl\":\"craquelins-vinta-collation-dare-35648\",\"sn\":\"\",\"idxP\":61},{\"mq\":\"Kellogg's\",\"nm\":\"C\u00E9r\u00E9ales Corn Flakes\",\"nme\":\"Corn Flakes\",\"attr\":\"\",\"sku\":\"02143\",\"l2\":\"C\u00E9r\u00E9ales et barre\",\"sl\":\"cereales-corn-flakes-kelloggs-02143\",\"sn\":\"\",\"idxP\":58},{\"mq\":\"Elephant\",\"nm\":\"Riz basmati Elephant\",\"nme\":\"Basmati Rice Elephant\",\"attr\":\"\",\"sku\":\"02195\",\"l2\":\"Riz et grain\",\"sl\":\"riz-basmati-elephant-elephant-02195\",\"sn\":\"\",\"idxP\":87},{\"mq\":\"Hellmann's\",\"nm\":\"Mayonnaise v\u00E9g\u00E9tale\",\"nme\":\"Vegan Mayonnaise\",\"attr\":\"\",\"sku\":\"02236\",\"l2\":\"Condiment\",\"sl\":\"mayonnaise-vegetale-hellmanns-02236\",\"sn\":\"mayonnaise, v\u00E9g\u00E9talien\",\"idxP\":38},{\"mq\":\"Valentino\",\"nm\":\"Nougat mou amande et pistache\",\"nme\":\"Pistachio and Almond Soft Nougat\",\"attr\":\"\",\"sku\":\"08102\",\"l2\":\"Confiserie\",\"sl\":\"nougat-mou-amande-et-pistache-valentino-08102\",\"sn\":\"amandes\",\"idxP\":57},{\"mq\":\"Properzi\",\"nm\":\"Nougat tendre aux amandes\",\"nme\":\"Almonds Soft Torrone\",\"attr\":\"\",\"sku\":\"36069\",\"l2\":\"Confiserie\",\"sl\":\"nougat-tendre-aux-amandes-properzi-36069\",\"sn\":\"amandes\",\"idxP\":84},{\"mq\":\"Valentino\",\"nm\":\"Nougat mou amande et citron\",\"nme\":\"Lemon and Almond Soft Nougat\",\"attr\":\"\",\"sku\":\"08104\",\"l2\":\"Confiserie\",\"sl\":\"nougat-mou-amande-et-citron-valentino-08104\",\"sn\":\"amandes, citrons\",\"idxP\":58},{\"mq\":\"Valentino\",\"nm\":\"Nougat amande classico\",\"nme\":\"Almond Classico Nougat\",\"attr\":\"\",\"sku\":\"08105\",\"l2\":\"Confiserie\",\"sl\":\"nougat-amande-classico-valentino-08105\",\"sn\":\"amandes\",\"idxP\":75},{\"mq\":\"Valentino\",\"nm\":\"Panettone p\u00E9pites de chocolat\",\"nme\":\"Chocolate Chips Panettone\",\"attr\":\"\",\"sku\":\"34003\",\"l2\":\"Panettone\",\"sl\":\"panettone-pepites-de-chocolat-valentino-34003\",\"sn\":\"croustille\",\"idxP\":47},{\"mq\":\"Valentino\",\"nm\":\"Panettone au beurre et fruits confits\",\"nme\":\"Candied Fruit Butter Panettone\",\"attr\":\"\",\"sku\":\"40348\",\"l2\":\"Panettone\",\"sl\":\"panettone-au-beurre-et-fruits-confits-valentino-40348\",\"sn\":\"\",\"idxP\":66},{\"mq\":\"Agrofusion\",\"nm\":\"Prot\u00E9ine v\u00E9g\u00E9tale textur\u00E9e\",\"nme\":\"Textured Vegetable Protein\",\"attr\":\"\",\"sku\":\"02238\",\"l2\":\"Riz et grain\",\"sl\":\"proteine-vegetale-texturee-agrofusion-02238\",\"sn\":\"v\u00E9g\u00E9talien\",\"idxP\":86},{\"mq\":\"Aurora\",\"nm\":\"Risotto au safran\",\"nme\":\"Safron risotte\",\"attr\":\"\",\"sku\":\"02287\",\"l2\":\"Riz et grain\",\"sl\":\"risotto-au-safran-aurora-02287\",\"sn\":\"\",\"idxP\":45},{\"mq\":\"Aurora\",\"nm\":\"Risotto aux champignons porcini\",\"nme\":\"Porcini Risotto\",\"attr\":\"\",\"sku\":\"02288\",\"l2\":\"Riz et grain\",\"sl\":\"risotto-aux-champignons-porcini-aurora-02288\",\"sn\":\"\",\"idxP\":30},{\"mq\":\"Fourmi Bionique\",\"nm\":\"C\u00E9r\u00E9ales grand granola Euphoria\",\"nme\":\"Euphoria grand granola cereal\",\"attr\":\"\",\"sku\":\"32751\",\"l2\":\"C\u00E9r\u00E9ales et barre\",\"sl\":\"cereales-grand-granola-euphoria-fourmi-bionique-32751\",\"sn\":\"\",\"idxP\":19},{\"mq\":\"Fourmi Bionique\",\"nm\":\"C\u00E9r\u00E9ales grand granola Vitalit\u00E9\",\"nme\":\"Vitality Granola Cereal\",\"attr\":\"\",\"sku\":\"06752\",\"l2\":\"C\u00E9r\u00E9ales et barre\",\"sl\":\"cereales-grand-granola-vitalite-fourmi-bionique-06752\",\"sn\":\"\",\"idxP\":21},{\"mq\":\"Unico\",\"nm\":\"Peperoncini\",\"nme\":\"Peperoncini\",\"attr\":\"\",\"sku\":\"02320\",\"l2\":\"Marinade\",\"sl\":\"peperoncini-unico-02320\",\"sn\":\"piments\",\"idxP\":41},{\"mq\":\"Taormina\",\"nm\":\"Huile d'olive extra vierge\",\"nme\":\"Extra Virgin Olive Oil\",\"attr\":\"\",\"sku\":\"38967\",\"l2\":\"Huile et vinaigre\",\"sl\":\"huile-dolive-extra-vierge-taormina-38967\",\"sn\":\"\",\"idxP\":34},{\"mq\":\"Lee Kum Kee\",\"nm\":\"Sauce panda aromatis\u00E9e aux hu\u00EEtres\",\"nme\":\"Panda Oyster Sauce\",\"attr\":\"\",\"sku\":\"02402\",\"l2\":\"Condiment\",\"sl\":\"sauce-panda-aromatisee-aux-huitres-lee-kum-kee-02402\",\"sn\":\"\",\"idxP\":39},{\"mq\":\"Lesters\",\"nm\":\"Assaisonnement \u00E9pices \u00E0 steak\",\"nme\":\"Steak Spice seasoning\",\"attr\":\"\",\"sku\":\"02409\",\"l2\":\"\u00C9pice, sel et poivre\",\"sl\":\"assaisonnement-epices-a-steak-lesters-02409\",\"sn\":\"steak\",\"idxP\":67},{\"mq\":\"Lesters\",\"nm\":\"Assaisonnement secret du chef\",\"nme\":\"Chef secret seasoning seasoning\",\"attr\":\"\",\"sku\":\"02410\",\"l2\":\"\u00C9pice, sel et poivre\",\"sl\":\"assaisonnement-secret-du-chef-lesters-02410\",\"sn\":\"\",\"idxP\":79},{\"mq\":\"Siljans\",\"nm\":\"Croustade mini coquille \u00E0 remplir\",\"nme\":\"Mini Shell Crispy\",\"attr\":\"\",\"sku\":\"02423\",\"l2\":\"Biscuit et craquelin\",\"sl\":\"croustade-mini-coquille-a-remplir-siljans-02423\",\"sn\":\"\",\"idxP\":83},{\"mq\":\"Fourmi Bionique\",\"nm\":\"C\u00E9r\u00E9ales grand granola Aphrodisia\",\"nme\":\"Aphrodisia grand granola cereal\",\"attr\":\"\",\"sku\":\"02428\",\"l2\":\"C\u00E9r\u00E9ales et barre\",\"sl\":\"cereales-grand-granola-aphrodisia-fourmi-bionique-02428\",\"sn\":\"\",\"idxP\":31},{\"mq\":\"Fourmi Bionique\",\"nm\":\"C\u00E9r\u00E9ales grand granola Divine\",\"nme\":\"Divine grand granola cereal\",\"attr\":\"\",\"sku\":\"02435\",\"l2\":\"C\u00E9r\u00E9ales et barre\",\"sl\":\"cereales-grand-granola-divine-fourmi-bionique-02435\",\"sn\":\"\",\"idxP\":35},{\"mq\":\"Arctic Gardens\",\"nm\":\"Carottes en cubes\",\"nme\":\"Diced Carrot\",\"attr\":\"\",\"sku\":\"02475\",\"l2\":\"L\u00E9gume en conserve\",\"sl\":\"carottes-en-cubes-arctic-gardens-02475\",\"sn\":\"carottes\",\"idxP\":43},{\"mq\":\"Arctic Gardens\",\"nm\":\"Betteraves en cubes\",\"nme\":\"Diced Beets\",\"attr\":\"\",\"sku\":\"02473\",\"l2\":\"L\u00E9gume en conserve\",\"sl\":\"betteraves-en-cubes-arctic-gardens-02473\",\"sn\":\"\",\"idxP\":77},{\"mq\":\"Ewald\",\"nm\":\"G\u00E9latine en feuille\",\"nme\":\"Gelatine sheet\",\"attr\":\"\",\"sku\":\"31285\",\"l2\":\"Fruit en conserve\",\"sl\":\"gelatine-en-feuille-ewald-31285\",\"sn\":\"\",\"idxP\":48},{\"mq\":\"Arctic Gardens\",\"nm\":\"F\u00E8ves au lard \u00E0 la m\u00E9lasse\",\"nme\":\"Old Fashion Bakez Pork Bean\",\"attr\":\"\",\"sku\":\"02479\",\"l2\":\"L\u00E9gume en conserve\",\"sl\":\"feves-au-lard-a-la-melasse-arctic-gardens-02479\",\"sn\":\"\",\"idxP\":70},{\"mq\":\"Arctic Gardens\",\"nm\":\"Mac\u00E9doine\",\"nme\":\"Vegetable Mix\",\"attr\":\"\",\"sku\":\"02485\",\"l2\":\"L\u00E9gume en conserve\",\"sl\":\"macedoine-arctic-gardens-02485\",\"sn\":\"\",\"idxP\":52},{\"mq\":\"Arctic Gardens\",\"nm\":\"Pois et carottes\",\"nme\":\"Peas and Carrot Cube\",\"attr\":\"\",\"sku\":\"02486\",\"l2\":\"L\u00E9gume en conserve\",\"sl\":\"pois-et-carottes-arctic-gardens-02486\",\"sn\":\"carottes\",\"idxP\":55},{\"mq\":\"Arctic Gardens\",\"nm\":\"Ma\u00EFs \u00E0 grains entiers conserv\u00E9 sous vide\",\"nme\":\"Vacuum Packed Whole Kernel Corn\",\"attr\":\"\",\"sku\":\"02477\",\"l2\":\"L\u00E9gume en conserve\",\"sl\":\"mais-a-grains-entiers-conserve-sous-vide-arctic-gardens-02477\",\"sn\":\"\",\"idxP\":100},{\"mq\":\"Arctic Gardens\",\"nm\":\"Haricots rouges fonc\u00E9\",\"nme\":\"Red Kidney Bean\",\"attr\":\"\",\"sku\":\"02482\",\"l2\":\"L\u00E9gume en conserve\",\"sl\":\"haricots-rouges-fonce-arctic-gardens-02482\",\"sn\":\"\",\"idxP\":100},{\"mq\":\"Arctic Gardens\",\"nm\":\"Ma\u00EFs en cr\u00E8me\",\"nme\":\"Cream Style Corn\",\"attr\":\"\",\"sku\":\"02484\",\"l2\":\"L\u00E9gume en conserve\",\"sl\":\"mais-en-creme-arctic-gardens-02484\",\"sn\":\"\",\"idxP\":100},{\"mq\":\"Arctic Gardens\",\"nm\":\"Pois vert assortis\",\"nme\":\"Assorted Green Peas\",\"attr\":\"\",\"sku\":\"02487\",\"l2\":\"L\u00E9gume en conserve\",\"sl\":\"pois-vert-assortis-arctic-gardens-02487\",\"sn\":\"\",\"idxP\":60},{\"mq\":\"Stokely\",\"nm\":\"Pois assortis\",\"nme\":\"Assorted Peas\",\"attr\":\"\",\"sku\":\"02496\",\"l2\":\"L\u00E9gume en conserve\",\"sl\":\"pois-assortis-stokely-02496\",\"sn\":\"\",\"idxP\":96},{\"mq\":\"Fourmi Bionique\",\"nm\":\"C\u00E9r\u00E9ales grand granola Tonik\",\"nme\":\"Tonik grand granola cereals\",\"attr\":\"\",\"sku\":\"02437\",\"l2\":\"C\u00E9r\u00E9ales et barre\",\"sl\":\"cereales-grand-granola-tonik-fourmi-bionique-02437\",\"sn\":\"\",\"idxP\":29},{\"mq\":\"Arctic Gardens\",\"nm\":\"Pois chiches\",\"nme\":\"Chick Peas\",\"attr\":\"\",\"sku\":\"02488\",\"l2\":\"L\u00E9gume en conserve\",\"sl\":\"pois-chiches-arctic-gardens-02488\",\"sn\":\"\",\"idxP\":90},{\"mq\":\"Dare\",\"nm\":\"Craquelins Breton l\u00E9gumes du jardin\",\"nme\":\"Garden Vegetable Breton Crackers\",\"attr\":\"\",\"sku\":\"02562\",\"l2\":\"Biscuit et craquelin\",\"sl\":\"craquelins-breton-legumes-du-jardin-dare-02562\",\"sn\":\"\",\"idxP\":55},{\"mq\":\"Dare\",\"nm\":\"Biscuits collation noix de coco\",\"nme\":\"Coconut Cookies\",\"attr\":\"\",\"sku\":\"02559\",\"l2\":\"Biscuit et craquelin\",\"sl\":\"biscuits-collation-noix-de-coco-dare-02559\",\"sn\":\"\",\"idxP\":59},{\"mq\":\"Dare\",\"nm\":\"Biscuits collation farine d'avoine\",\"nme\":\"Oatmeal Cookies\",\"attr\":\"\",\"sku\":\"02560\",\"l2\":\"Biscuit et craquelin\",\"sl\":\"biscuits-collation-farine-davoine-dare-02560\",\"sn\":\"\",\"idxP\":-116},{\"mq\":\"Dare\",\"nm\":\"Craquelins Vinta original\",\"nme\":\"Original Vinta Crackers\",\"attr\":\"\",\"sku\":\"02565\",\"l2\":\"Biscuit et craquelin\",\"sl\":\"craquelins-vinta-original-dare-02565\",\"sn\":\"\",\"idxP\":71},{\"mq\":\"Dare\",\"nm\":\"Craquelins Breton original\",\"nme\":\"Original Breton Crackers\",\"attr\":\"\",\"sku\":\"02561\",\"l2\":\"Biscuit et craquelin\",\"sl\":\"craquelins-breton-original-dare-02561\",\"sn\":\"\",\"idxP\":57},{\"mq\":\"Dare\",\"nm\":\"Biscuits collation p\u00E9pites de chocolat\",\"nme\":\"Chocolate Chip Cookies\",\"attr\":\"\",\"sku\":\"02558\",\"l2\":\"Biscuit et craquelin\",\"sl\":\"biscuits-collation-pepites-de-chocolat-dare-02558\",\"sn\":\"\",\"idxP\":40},{\"mq\":\"El Ma Mia\",\"nm\":\"\u00C9pice r\u00E9guli\u00E8re forte pour spaghetti h14\",\"nme\":\"Strong Spaghetti Spice h14\",\"attr\":\"\",\"sku\":\"17973\",\"l2\":\"\u00C9pice, sel et poivre\",\"sl\":\"epice-reguliere-forte-pour-spaghetti-h14-el-ma-mia-17973\",\"sn\":\"\",\"idxP\":16},{\"mq\":\"Allen's\",\"nm\":\"Vinaigre de vin rouge\",\"nme\":\"Red wine Vinegar\",\"attr\":\"\",\"sku\":\"02577\",\"l2\":\"Huile et vinaigre\",\"sl\":\"vinaigre-de-vin-rouge-allens-02577\",\"sn\":\"\",\"idxP\":27},{\"mq\":\"Dare\",\"nm\":\"Biscuits tradition village\",\"nme\":\"Tradition village cookies\",\"attr\":\"\",\"sku\":\"35326\",\"l2\":\"Biscuit et craquelin\",\"sl\":\"biscuits-tradition-village-dare-35326\",\"sn\":\"\",\"idxP\":52},{\"mq\":\"Dare\",\"nm\":\"Craquelins Grissol canap\u00E9 nature\",\"nme\":\"Grissol Plain Canape Crackers\",\"attr\":\"\",\"sku\":\"00824\",\"l2\":\"Biscuit et craquelin\",\"sl\":\"craquelins-grissol-canape-nature-dare-00824\",\"sn\":\"\",\"idxP\":48},{\"mq\":\"Berthelet\",\"nm\":\"Safran Am\u00E9ricain\",\"nme\":\"American Safran\",\"attr\":\"Produit local\",\"sku\":\"10665\",\"l2\":\"\u00C9pice, sel et poivre\",\"sl\":\"safran-americain-berthelet-10665\",\"sn\":\"\",\"idxP\":27},{\"mq\":\"Farkay\",\"nm\":\"Nouilles chow mein\",\"nme\":\"Chow Mein Noodles\",\"attr\":\"\",\"sku\":\"30247\",\"l2\":\"P\u00E2tes\",\"sl\":\"nouilles-chow-mein-farkay-30247\",\"sn\":\"\",\"idxP\":32},{\"mq\":\"Bakemark\",\"nm\":\"Glucose sucre liquide\",\"nme\":\"Liquid sugar glucose\",\"attr\":\"\",\"sku\":\"33325\",\"l2\":\"Sucre\",\"sl\":\"glucose-sucre-liquide-bakemark-33325\",\"sn\":\"\",\"idxP\":18},{\"mq\":\"Berthelet\",\"nm\":\"M\u00E9lange pour sauce \u00E0 poutine\",\"nme\":\"Poutine Sauce Mix\",\"attr\":\"Produit local\",\"sku\":\"35867\",\"l2\":\"Sauce\",\"sl\":\"melange-pour-sauce-a-poutine-berthelet-35867\",\"sn\":\"\",\"idxP\":38},{\"mq\":\"Dare\",\"nm\":\"Biscuits Maxi fruits aux fraises\",\"nme\":\"Maxi fruits Strawberry\",\"attr\":\"\",\"sku\":\"46020\",\"l2\":\"Biscuit et craquelin\",\"sl\":\"biscuits-maxi-fruits-aux-fraises-dare-46020\",\"sn\":\"fraises\",\"idxP\":26},{\"mq\":\"Kraft\",\"nm\":\"Confiture de framboises en portion\",\"nme\":\"Jam raspberry\",\"attr\":\"\",\"sku\":\"00903\",\"l2\":\"Confiture et tartinade\",\"sl\":\"confiture-de-framboises-en-portion-kraft-00903\",\"sn\":\"framboises\",\"idxP\":14},{\"mq\":\"Farkay\",\"nm\":\"Nouille frite \u00E0 la vapeur\",\"nme\":\"Steamed fried noodle\",\"attr\":\"\",\"sku\":\"30259\",\"l2\":\"P\u00E2tes\",\"sl\":\"nouille-frite-a-la-vapeur-farkay-30259\",\"sn\":\"\",\"idxP\":25},{\"mq\":\"Berthelet\",\"nm\":\"M\u00E9lange pour sauce B\u00E9chamel\",\"nme\":\"Mix for Bechamel sauce\",\"attr\":\"Produit local\",\"sku\":\"00653\",\"l2\":\"Sauce\",\"sl\":\"melange-pour-sauce-bechamel-berthelet-00653\",\"sn\":\"\",\"idxP\":26},{\"mq\":\"Campbell\",\"nm\":\"Soupe aux l\u00E9gumes\",\"nme\":\"Vegetable Soup\",\"attr\":\"\",\"sku\":\"29303\",\"l2\":\"Soupe et bouillon\",\"sl\":\"soupe-aux-legumes-campbell-29303\",\"sn\":\"\",\"idxP\":52},{\"mq\":\"Quaker\",\"nm\":\"C\u00E9r\u00E9ales Croque nature\",\"nme\":\"Cereal Harvest Crunch\",\"attr\":\"\",\"sku\":\"30906\",\"l2\":\"C\u00E9r\u00E9ales et barre\",\"sl\":\"cereales-croque-nature-quaker-30906\",\"sn\":\"\",\"idxP\":71},{\"mq\":\"Dare\",\"nm\":\"Biscuits pattes d'ours \u00E0 la m\u00E9lasse\",\"nme\":\"Bear Paws Molasses\",\"attr\":\"\",\"sku\":\"34884\",\"l2\":\"Biscuit et craquelin\",\"sl\":\"biscuits-pattes-dours-a-la-melasse-dare-34884\",\"sn\":\"\",\"idxP\":40},{\"mq\":\"Berthelet\",\"nm\":\"Base de soupe au poulet\",\"nme\":\"Chicken Soup Base\",\"attr\":\"Produit local\",\"sku\":\"48649\",\"l2\":\"Soupe et bouillon\",\"sl\":\"base-de-soupe-au-poulet-berthelet-48649\",\"sn\":\"\",\"idxP\":15},{\"mq\":\"Kimphat\",\"nm\":\"Nouilles chow mein 3 minutes\",\"nme\":\"Chow Mein 3 minutes Noodles\",\"attr\":\"\",\"sku\":\"27735\",\"l2\":\"P\u00E2tes\",\"sl\":\"nouilles-chow-mein-3-minutes-kimphat-27735\",\"sn\":\"\",\"idxP\":91},{\"mq\":\"Golden dragon\",\"nm\":\"Sauce teriyaki \u00E9paisse\",\"nme\":\"Thick teriyaki sauce\",\"attr\":\"\",\"sku\":\"30428\",\"l2\":\"Sauce\",\"sl\":\"sauce-teriyaki-epaisse-golden-dragon-30428\",\"sn\":\"\",\"idxP\":64},{\"mq\":\"Club House\",\"nm\":\"Assaisonnement bacon \u00E0 l'\u00E9rable\",\"nme\":\"Maple bacon seasoning\",\"attr\":\"\",\"sku\":\"31970\",\"l2\":\"\u00C9pice, sel et poivre\",\"sl\":\"assaisonnement-bacon-a-lerable-club-house-31970\",\"sn\":\"\",\"idxP\":7},{\"mq\":\"Kimchi\",\"nm\":\"Bol nouilles instantan\u00E9es boeuf\",\"nme\":\"Beef Instant Noodle Bowl\",\"attr\":\"\",\"sku\":\"14304\",\"l2\":\"Soupe et bouillon\",\"sl\":\"bol-nouilles-instantanees-boeuf-kimchi-14304\",\"sn\":\"oeufs\",\"idxP\":44},{\"mq\":\"Golden dragon\",\"nm\":\"Sauce aux hu\u00EEtres\",\"nme\":\"Oyster sauce\",\"attr\":\"\",\"sku\":\"30431\",\"l2\":\"Sauce\",\"sl\":\"sauce-aux-huitres-golden-dragon-30431\",\"sn\":\"\",\"idxP\":51},{\"mq\":\"Post\",\"nm\":\"C\u00E9r\u00E9ales honey comb\",\"nme\":\"Honey Comb Cereal\",\"attr\":\"\",\"sku\":\"06993\",\"l2\":\"C\u00E9r\u00E9ales et barre\",\"sl\":\"cereales-honey-comb-post-06993\",\"sn\":\"\",\"idxP\":39},{\"mq\":\"Rose Hill\",\"nm\":\"Marjolaine enti\u00E8re\",\"nme\":\"Whole Marjoram\",\"attr\":\"\",\"sku\":\"11870\",\"l2\":\"\u00C9pice, sel et poivre\",\"sl\":\"marjolaine-entiere-rose-hill-11870\",\"sn\":\"\",\"idxP\":28},{\"mq\":\"Sushi chef\",\"nm\":\"Riz \u00E0 grain court fancy\",\"nme\":\"Fancy short grain rice\",\"attr\":\"\",\"sku\":\"30399\",\"l2\":\"Riz et grain\",\"sl\":\"riz-a-grain-court-fancy-sushi-chef-30399\",\"sn\":\"\",\"idxP\":52},{\"mq\":\"Redpath\",\"nm\":\"Sucre en cube\",\"nme\":\"Sugar Cube\",\"attr\":\"\",\"sku\":\"34009\",\"l2\":\"Sucre\",\"sl\":\"sucre-en-cube-redpath-34009\",\"sn\":\"\",\"idxP\":34},{\"mq\":\"Idahoan\",\"nm\":\"Pomme de terre en flocon\",\"nme\":\"Potato flakes\",\"attr\":\"\",\"sku\":\"01274\",\"l2\":\"Soupe et bouillon\",\"sl\":\"pomme-de-terre-en-flocon-idahoan-01274\",\"sn\":\"pommes\",\"idxP\":38},{\"mq\":\"Rose Hill\",\"nm\":\"Cumin moulu\",\"nme\":\"Ground Sumin\",\"attr\":\"\",\"sku\":\"21418\",\"l2\":\"\u00C9pice, sel et poivre\",\"sl\":\"cumin-moulu-rose-hill-21418\",\"sn\":\"\",\"idxP\":16},{\"mq\":\"Peek freans\",\"nm\":\"Biscuits th\u00E9 social\",\"nme\":\"Social Tea Biscuits\",\"attr\":\"\",\"sku\":\"34563\",\"l2\":\"Biscuit et craquelin\",\"sl\":\"biscuits-the-social-peek-freans-34563\",\"sn\":\"\",\"idxP\":26},{\"mq\":\"Nappe Blanche\",\"nm\":\"M\u00E9lange pour sauce aux 3 poivres\",\"nme\":\"3 peppers sauce mix\",\"attr\":\"\",\"sku\":\"00753\",\"l2\":\"Sauce\",\"sl\":\"melange-pour-sauce-aux-3-poivres-nappe-blanche-00753\",\"sn\":\"\",\"idxP\":21},{\"mq\":\"Grandma's\",\"nm\":\"M\u00E9lasse qualit\u00E9 fantaisie\",\"nme\":\"Molasses\",\"attr\":\"\",\"sku\":\"07701\",\"l2\":\"Confiture et tartinade\",\"sl\":\"melasse-qualite-fantaisie-grandmas-07701\",\"sn\":\"\",\"idxP\":35},{\"mq\":\"Rose Hill\",\"nm\":\"Assaisonnement cajun\",\"nme\":\"Cajun Season\",\"attr\":\"\",\"sku\":\"21540\",\"l2\":\"\u00C9pice, sel et poivre\",\"sl\":\"assaisonnement-cajun-rose-hill-21540\",\"sn\":\"\",\"idxP\":12},{\"mq\":\"Sugar in the Raw\",\"nm\":\"Sucre dor\u00E9\",\"nme\":\"Golden Sugar\",\"attr\":\"\",\"sku\":\"32170\",\"l2\":\"Sucre\",\"sl\":\"sucre-dore-sugar-in-the-raw-32170\",\"sn\":\"\",\"idxP\":42},{\"mq\":\"Rose Hill\",\"nm\":\"Cari en poudre\",\"nme\":\"Powder Curry\",\"attr\":\"\",\"sku\":\"34666\",\"l2\":\"\u00C9pice, sel et poivre\",\"sl\":\"cari-en-poudre-rose-hill-34666\",\"sn\":\"\",\"idxP\":11},{\"mq\":\"R.Fortin\",\"nm\":\"Flocons d'avoine cuisson rapide\",\"nme\":\"Quick Cooking Oat Flakes\",\"attr\":\"\",\"sku\":\"16033\",\"l2\":\"C\u00E9r\u00E9ales et barre\",\"sl\":\"flocons-davoine-cuisson-rapide-r.fortin-16033\",\"sn\":\"\",\"idxP\":91},{\"mq\":\"Rose Hill\",\"nm\":\"Menthe r\u00E2p\u00E9e\",\"nme\":\"Mint Rubbed\",\"attr\":\"\",\"sku\":\"11875\",\"l2\":\"\u00C9pice, sel et poivre\",\"sl\":\"menthe-rapee-rose-hill-11875\",\"sn\":\"\",\"idxP\":29},{\"mq\":\"Sifto\",\"nm\":\"Gros sel casher 1.36 kg\",\"nme\":\"Coarse Kasher Salt 1.36 kg\",\"attr\":\"\",\"sku\":\"21803\",\"l2\":\"\u00C9pice, sel et poivre\",\"sl\":\"gros-sel-casher-sifto-21803\",\"sn\":\"\",\"idxP\":68},{\"mq\":\"Frank's Red Hot\",\"nm\":\"Sauce au poivre de Cayenne RedHot\",\"nme\":\"Hot Cayenne Sauce\",\"attr\":\"\",\"sku\":\"06467\",\"l2\":\"Condiment\",\"sl\":\"sauce-au-poivre-de-cayenne-redhot-franks-red-hot-06467\",\"sn\":\"\",\"idxP\":40},{\"mq\":\"Nestl\u00E9\",\"nm\":\"C\u00E9r\u00E9ales Nesquik\",\"nme\":\"Nesquik Cereal\",\"attr\":\"\",\"sku\":\"15317\",\"l2\":\"C\u00E9r\u00E9ales et barre\",\"sl\":\"cereales-nesquik-nestle-15317\",\"sn\":\"\",\"idxP\":28},{\"mq\":\"Jif\",\"nm\":\"Beurre d'arachide en portion\",\"nme\":\"Peanut Butter Portion\",\"attr\":\"\",\"sku\":\"31865\",\"l2\":\"Confiture et tartinade\",\"sl\":\"beurre-darachide-en-portion-jif-31865\",\"sn\":\"\",\"idxP\":14},{\"mq\":\"Kikkoman\",\"nm\":\"Sauce Soya\",\"nme\":\"Soya Sauce\",\"attr\":\"\",\"sku\":\"36652\",\"l2\":\"Sauce\",\"sl\":\"sauce-soya-kikkoman-36652\",\"sn\":\"\",\"idxP\":4},{\"mq\":\"Rose Hill\",\"nm\":\"Romarin moulu\",\"nme\":\"Ground Rosemary\",\"attr\":\"\",\"sku\":\"13688\",\"l2\":\"\u00C9pice, sel et poivre\",\"sl\":\"romarin-moulu-rose-hill-13688\",\"sn\":\"\",\"idxP\":17},{\"mq\":\"Rose Hill\",\"nm\":\"Piment de Jama\u00EFque moulu\",\"nme\":\"Ground Jama\u00EFca Pepper\",\"attr\":\"\",\"sku\":\"21448\",\"l2\":\"\u00C9pice, sel et poivre\",\"sl\":\"piment-de-jamaique-moulu-rose-hill-21448\",\"sn\":\"piments\",\"idxP\":18},{\"mq\":\"Rose Hill\",\"nm\":\"Poivre noir concass\u00E9\",\"nme\":\"Crushed Black Pepper\",\"attr\":\"\",\"sku\":\"38349\",\"l2\":\"\u00C9pice, sel et poivre\",\"sl\":\"poivre-noir-concasse-rose-hill-38349\",\"sn\":\"\",\"idxP\":10},{\"mq\":\"Rose Hill\",\"nm\":\"5 \u00C9pices chinoise\",\"nme\":\"5 Spices Chinese\",\"attr\":\"\",\"sku\":\"41813\",\"l2\":\"\u00C9pice, sel et poivre\",\"sl\":\"5-epices-chinoise-rose-hill-41813\",\"sn\":\"\",\"idxP\":27},{\"mq\":\"Sunbec\",\"nm\":\"Sucre en b\u00E2tonnet\",\"nme\":\"Sugar Stick\",\"attr\":\"\",\"sku\":\"45195\",\"l2\":\"Sucre\",\"sl\":\"sucre-en-batonnet-sunbec-45195\",\"sn\":\"\",\"idxP\":15},{\"mq\":\"Golden dragon\",\"nm\":\"Sauce hoisin\",\"nme\":\"Hoisin sauce\",\"attr\":\"\",\"sku\":\"30430\",\"l2\":\"Sauce\",\"sl\":\"sauce-hoisin-golden-dragon-30430\",\"sn\":\"\",\"idxP\":50},{\"mq\":\"JFC\",\"nm\":\"Pois verts wasabi\",\"nme\":\"Wasabi green peas\",\"attr\":\"\",\"sku\":\"30535\",\"l2\":\"Riz et grain\",\"sl\":\"pois-verts-wasabi-jfc-30535\",\"sn\":\"\",\"idxP\":22},{\"mq\":\"Rose Hill\",\"nm\":\"Moutarde graine\",\"nme\":\"Seed Mustard\",\"attr\":\"\",\"sku\":\"11878\",\"l2\":\"\u00C9pice, sel et poivre\",\"sl\":\"moutarde-graine-rose-hill-11878\",\"sn\":\"\",\"idxP\":29},{\"mq\":\"El Ma Mia\",\"nm\":\"\u00C9pice pour spaghetti h164\",\"nme\":\"Spaghetti Spice h16\",\"attr\":\"\",\"sku\":\"17978\",\"l2\":\"\u00C9pice, sel et poivre\",\"sl\":\"epice-pour-spaghetti-h164-el-ma-mia-17978\",\"sn\":\"\",\"idxP\":24},{\"mq\":\"Dare\",\"nm\":\"Biscuits pattes d'ours p\u00E9pites chocolat\",\"nme\":\"Bear Paws Chocolate Chip\",\"attr\":\"\",\"sku\":\"34892\",\"l2\":\"Biscuit et craquelin\",\"sl\":\"biscuits-pattes-dours-pepites-chocolat-dare-34892\",\"sn\":\"\",\"idxP\":22},{\"mq\":\"Rose Hill\",\"nm\":\"Assaisonnement Jerk\",\"nme\":\"Jerk Season\",\"attr\":\"\",\"sku\":\"36397\",\"l2\":\"\u00C9pice, sel et poivre\",\"sl\":\"assaisonnement-jerk-rose-hill-36397\",\"sn\":\"\",\"idxP\":29},{\"mq\":\"Rose Hill\",\"nm\":\"Ail \u00E9minc\u00E9\",\"nme\":\"Minced Garlic\",\"attr\":\"\",\"sku\":\"38332\",\"l2\":\"\u00C9pice, sel et poivre\",\"sl\":\"ail-emince-rose-hill-38332\",\"sn\":\"\",\"idxP\":41},{\"mq\":\"Sunbec\",\"nm\":\"Sucre b\u00E2tonnet brut\",\"nme\":\"Raw Stick Sugar\",\"attr\":\"\",\"sku\":\"13915\",\"l2\":\"Sucre\",\"sl\":\"sucre-batonnet-brut-sunbec-13915\",\"sn\":\"\",\"idxP\":20},{\"mq\":\"Rose Hill\",\"nm\":\"Cannelle en b\u00E2ton 3\\\"\",\"nme\":\"Cinnamon Stick 3\\\"\",\"attr\":\"\",\"sku\":\"33297\",\"l2\":\"\u00C9pice, sel et poivre\",\"sl\":\"cannelle-en-baton-3-rose-hill-33297\",\"sn\":\"\",\"idxP\":24},{\"mq\":\"Rose Hill\",\"nm\":\"Oignon granul\u00E9\",\"nme\":\"Granulated Onion\",\"attr\":\"\",\"sku\":\"38341\",\"l2\":\"\u00C9pice, sel et poivre\",\"sl\":\"oignon-granule-rose-hill-38341\",\"sn\":\"onions, oignons\",\"idxP\":41},{\"mq\":\"Rose Hill\",\"nm\":\"Poudre de chili\",\"nme\":\"Powder Chili\",\"attr\":\"\",\"sku\":\"21752\",\"l2\":\"\u00C9pice, sel et poivre\",\"sl\":\"poudre-de-chili-rose-hill-21752\",\"sn\":\"\",\"idxP\":17},{\"mq\":\"Mutti\",\"nm\":\"Sauce pour p\u00E2tes marinara\",\"nme\":\"Marinara Pasta Sauce\",\"attr\":\"\",\"sku\":\"02665\",\"l2\":\"Sauce\",\"sl\":\"sauce-pour-pates-marinara-mutti-02665\",\"sn\":\"\",\"idxP\":73},{\"mq\":\"Good Morning\",\"nm\":\"Portion marmelade\",\"nme\":\"Marmelade Portion\",\"attr\":\"\",\"sku\":\"02667\",\"l2\":\"Confiture et tartinade\",\"sl\":\"portion-marmelade-good-morning-02667\",\"sn\":\"\",\"idxP\":7},{\"mq\":\"Mutti\",\"nm\":\"Sauce pour p\u00E2tes basilic\",\"nme\":\"Basil Pasta Sauce\",\"attr\":\"\",\"sku\":\"02664\",\"l2\":\"Sauce\",\"sl\":\"sauce-pour-pates-basilic-mutti-02664\",\"sn\":\"\",\"idxP\":97},{\"mq\":\"Mutti\",\"nm\":\"Sauce pour p\u00E2tes parmigiano reggiano\",\"nme\":\"Parmigiano Reggiano Pasta Sauce\",\"attr\":\"\",\"sku\":\"02662\",\"l2\":\"Sauce\",\"sl\":\"sauce-pour-pates-parmigiano-reggiano-mutti-02662\",\"sn\":\"\",\"idxP\":78},{\"mq\":\"Unico\",\"nm\":\"Huile de tournesol\",\"nme\":\"Sunflower Oil\",\"attr\":\"\",\"sku\":\"47439\",\"l2\":\"Huile et vinaigre\",\"sl\":\"huile-de-tournesol-unico-47439\",\"sn\":\"\",\"idxP\":100},{\"mq\":\"Stokely\",\"nm\":\"Ma\u00EFs \u00E0 grains entiers\",\"nme\":\"Whole Grains Corn\",\"attr\":\"\",\"sku\":\"49419\",\"l2\":\"L\u00E9gume en conserve\",\"sl\":\"mais-a-grains-entiers-stokely-49419\",\"sn\":\"\",\"idxP\":100},{\"mq\":\"Unico\",\"nm\":\"Huile de p\u00E9pins de raisin\",\"nme\":\"Grape Seed Oil\",\"attr\":\"\",\"sku\":\"30487\",\"l2\":\"Huile et vinaigre\",\"sl\":\"huile-de-pepins-de-raisin-unico-30487\",\"sn\":\"raisins\",\"idxP\":57},{\"mq\":\"R.Fortin\",\"nm\":\"Flocons d'avoine r\u00E9gulier\",\"nme\":\"Regular Rolled Oats\",\"attr\":\"\",\"sku\":\"48360\",\"l2\":\"C\u00E9r\u00E9ales et barre\",\"sl\":\"flocons-davoine-regulier-r.fortin-48360\",\"sn\":\"\",\"idxP\":94},{\"mq\":\"Gummy zone\",\"nm\":\"Bonbons fraises s\u00FBres\",\"nme\":\"Sour strawberry tingler candy\",\"attr\":\"\",\"sku\":\"02931\",\"l2\":\"Confiserie\",\"sl\":\"bonbons-fraises-sures-gummy-zone-02931\",\"sn\":\"fraises\",\"idxP\":21},{\"mq\":\"Valli\",\"nm\":\"F\u00E9cule de ma\u00EFs\",\"nme\":\"Corn Starch\",\"attr\":\"\",\"sku\":\"02884\",\"l2\":\"Ingr\u00E9dient de p\u00E2tisserie\",\"sl\":\"fecule-de-mais-valli-02884\",\"sn\":\"\",\"idxP\":48},{\"mq\":\"Gummy zone\",\"nm\":\"Bonbons double cerises s\u00FBres\",\"nme\":\"Sour cherry tingler candy\",\"attr\":\"\",\"sku\":\"02930\",\"l2\":\"Confiserie\",\"sl\":\"bonbons-double-cerises-sures-gummy-zone-02930\",\"sn\":\"\",\"idxP\":28},{\"mq\":\"Gummy zone\",\"nm\":\"Bonbons p\u00EAches\",\"nme\":\"Peachy candy\",\"attr\":\"\",\"sku\":\"02926\",\"l2\":\"Confiserie\",\"sl\":\"bonbons-peches-gummy-zone-02926\",\"sn\":\"\",\"idxP\":35},{\"mq\":\"Kandju\",\"nm\":\"Seau m\u00E9lange gommeux\",\"nme\":\"Gummi mix bucket\",\"attr\":\"\",\"sku\":\"02952\",\"l2\":\"Confiserie\",\"sl\":\"seau-melange-gommeux-kandju-02952\",\"sn\":\"\",\"idxP\":33},{\"mq\":\"Gummy zone\",\"nm\":\"Bonbons grenouilles\",\"nme\":\"Frog candy\",\"attr\":\"\",\"sku\":\"02927\",\"l2\":\"Confiserie\",\"sl\":\"bonbons-grenouilles-gummy-zone-02927\",\"sn\":\"\",\"idxP\":34},{\"mq\":\"Gummy zone\",\"nm\":\"Bonbons langues s\u00FBres g\u00E9antes\",\"nme\":\"Super sour tongue tingler candy\",\"attr\":\"\",\"sku\":\"02934\",\"l2\":\"Confiserie\",\"sl\":\"bonbons-langues-sures-geantes-gummy-zone-02934\",\"sn\":\"\",\"idxP\":10},{\"mq\":\"Gummy zone\",\"nm\":\"Bonbons vers de terre\",\"nme\":\"Wacky worms candy\",\"attr\":\"\",\"sku\":\"02935\",\"l2\":\"Confiserie\",\"sl\":\"bonbons-vers-de-terre-gummy-zone-02935\",\"sn\":\"\",\"idxP\":36},{\"mq\":\"Gummy zone\",\"nm\":\"Bonbons baies sauvages\",\"nme\":\"Wild berries candy\",\"attr\":\"\",\"sku\":\"02938\",\"l2\":\"Confiserie\",\"sl\":\"bonbons-baies-sauvages-gummy-zone-02938\",\"sn\":\"\",\"idxP\":39},{\"mq\":\"Kandju\",\"nm\":\"Seau m\u00E9lange gommeux\",\"nme\":\"Gummi mix bucket\",\"attr\":\"\",\"sku\":\"02957\",\"l2\":\"Confiserie\",\"sl\":\"seau-melange-gommeux-kandju-02957\",\"sn\":\"\",\"idxP\":57},{\"mq\":\"Kandju\",\"nm\":\"Seau m\u00E9lange sabl\u00E9\",\"nme\":\"Sanded mix bucket\",\"attr\":\"\",\"sku\":\"02961\",\"l2\":\"Confiserie\",\"sl\":\"seau-melange-sable-kandju-02961\",\"sn\":\"\",\"idxP\":41},{\"mq\":\"Ducale\",\"nm\":\"Biscotti basconcini au bl\u00E9 entier\",\"nme\":\"Whole Wheat Bastoncini Biscotti\",\"attr\":\"\",\"sku\":\"02897\",\"l2\":\"Biscuit et craquelin\",\"sl\":\"biscotti-basconcini-au-ble-entier-ducale-02897\",\"sn\":\"\",\"idxP\":42},{\"mq\":\"Gummy zone\",\"nm\":\"Bonbons langues s\u00FBres\",\"nme\":\"Sour tongue tingler candy\",\"attr\":\"\",\"sku\":\"02932\",\"l2\":\"Confiserie\",\"sl\":\"bonbons-langues-sures-gummy-zone-02932\",\"sn\":\"\",\"idxP\":36},{\"mq\":\"Gummy zone\",\"nm\":\"Bonbons vers de terre s\u00FBrs\",\"nme\":\"Sour wacky worms candy\",\"attr\":\"\",\"sku\":\"02936\",\"l2\":\"Confiserie\",\"sl\":\"bonbons-vers-de-terre-surs-gummy-zone-02936\",\"sn\":\"\",\"idxP\":38},{\"mq\":\"Kandju\",\"nm\":\"Seau m\u00E9lange r\u00E9gulier\",\"nme\":\"Regular mix bucket\",\"attr\":\"\",\"sku\":\"02958\",\"l2\":\"Confiserie\",\"sl\":\"seau-melange-regulier-kandju-02958\",\"sn\":\"\",\"idxP\":43},{\"mq\":\"Gummy zone\",\"nm\":\"Bonbons bouteilles cola cerise s\u00FBre\",\"nme\":\"Sour cherry cola candy\",\"attr\":\"\",\"sku\":\"02929\",\"l2\":\"Confiserie\",\"sl\":\"bonbons-bouteilles-cola-cerise-sure-gummy-zone-02929\",\"sn\":\"\",\"idxP\":35},{\"mq\":\"Kandju\",\"nm\":\"Seau m\u00E9lange r\u00E9gulier\",\"nme\":\"Regular mix bucket\",\"attr\":\"\",\"sku\":\"02960\",\"l2\":\"Confiserie\",\"sl\":\"seau-melange-regulier-kandju-02960\",\"sn\":\"\",\"idxP\":52},{\"mq\":\"Kandju\",\"nm\":\"Seau m\u00E9lange sabl\u00E9\",\"nme\":\"Sanded mix bucket\",\"attr\":\"\",\"sku\":\"02963\",\"l2\":\"Confiserie\",\"sl\":\"seau-melange-sable-kandju-02963\",\"sn\":\"\",\"idxP\":47},{\"mq\":\"La Milanaise\",\"nm\":\"Farine \u00E0 pizza tipo 00 biologique\",\"nme\":\"Organic tipo 00 pizza flour\",\"attr\":\"\",\"sku\":\"03078\",\"l2\":\"Farine, semoule et chapelure\",\"sl\":\"farine-a-pizza-tipo-00-biologique-la-milanaise-03078\",\"sn\":\"biologique, bio, organic, organique\",\"idxP\":46},{\"mq\":\"La Milanaise\",\"nm\":\"Farine \u00E0 pizza tipo 00 biologique\",\"nme\":\"Organic tipo 00 pizza flour\",\"attr\":\"Biologique, Aliment du Qu\u00E9bec, Produit local\",\"sku\":\"03075\",\"l2\":\"Farine, semoule et chapelure\",\"sl\":\"farine-a-pizza-tipo-00-biologique-la-milanaise-03075\",\"sn\":\"biologique, bio, organic, organique\",\"idxP\":32},{\"mq\":\"La P\u00E2tissi\u00E8re\",\"nm\":\"Essence de vanille brune\",\"nme\":\"Brown Vanilla Extract\",\"attr\":\"\",\"sku\":\"03140\",\"l2\":\"Ingr\u00E9dient de p\u00E2tisserie\",\"sl\":\"essence-de-vanille-brune-la-patissiere-03140\",\"sn\":\"\",\"idxP\":50},{\"mq\":\"Fourmi Bionique\",\"nm\":\"C\u00E9r\u00E9ales chocolat f\u00E8ves de cacao\",\"nme\":\"Cereals Chocolate Cocoa Nibs Mix\",\"attr\":\"\",\"sku\":\"03117\",\"l2\":\"C\u00E9r\u00E9ales et barre\",\"sl\":\"cereales-chocolat-feves-de-cacao-fourmi-bionique-03117\",\"sn\":\"\",\"idxP\":43},{\"mq\":\"R.Fortin\",\"nm\":\"Couscous isra\u00E9lien perl\u00E9\",\"nme\":\"Pearl Israeli Couscous\",\"attr\":\"\",\"sku\":\"03138\",\"l2\":\"Riz et grain\",\"sl\":\"couscous-israelien-perle-r.fortin-03138\",\"sn\":\"\",\"idxP\":32},{\"mq\":\"La P\u00E2tissi\u00E8re\",\"nm\":\"Essence de vanille brune\",\"nme\":\"Brown Vanilla Extract\",\"attr\":\"\",\"sku\":\"03141\",\"l2\":\"Ingr\u00E9dient de p\u00E2tisserie\",\"sl\":\"essence-de-vanille-brune-la-patissiere-03141\",\"sn\":\"\",\"idxP\":34},{\"mq\":\"Dare\",\"nm\":\"Craquelins Breton  50% moins de sel\",\"nme\":\"50% Less Salt Breton Crackers\",\"attr\":\"\",\"sku\":\"02564\",\"l2\":\"Biscuit et craquelin\",\"sl\":\"craquelins-breton-50-moins-de-sel-dare-02564\",\"sn\":\"\",\"idxP\":-50},{\"mq\":\"Exotic\",\"nm\":\"Mini cornets sucr\u00E9s\",\"nme\":\"Mini sugar cones\",\"attr\":\"\",\"sku\":\"03204\",\"l2\":\"Bar laitier\",\"sl\":\"mini-cornets-sucres-exotic-03204\",\"sn\":\"\",\"idxP\":74},{\"mq\":\"Cucina d'oro\",\"nm\":\"Champignons morceaux et pieds\",\"nme\":\"Mushrooms pieces and stems\",\"attr\":\"\",\"sku\":\"03221\",\"l2\":\"L\u00E9gume en conserve\",\"sl\":\"champignons-morceaux-et-pieds-cucina-doro-03221\",\"sn\":\"\",\"idxP\":24},{\"mq\":\"Heinz\",\"nm\":\"Mayonnaise\",\"nme\":\"Mayonnaise\",\"attr\":\"\",\"sku\":\"03170\",\"l2\":\"Condiment\",\"sl\":\"mayonnaise-heinz-03170\",\"sn\":\"mayonnaise\",\"idxP\":14},{\"mq\":\"Basic american food\",\"nm\":\"Pomme terre pur\u00E9e potato pearl\",\"nme\":\"Mashed potato pearl\",\"attr\":\"\",\"sku\":\"66104\",\"l2\":\"Soupe et bouillon\",\"sl\":\"pomme-terre-puree-potato-pearl-basic-american-food-66104\",\"sn\":\"pommes\",\"idxP\":55},{\"mq\":\"Bell'Orto\",\"nm\":\"Tomates broy\u00E9es pur\u00E9e\",\"nme\":\"Crushed tomatoes in pur\u00E9e\",\"attr\":\"\",\"sku\":\"33994\",\"l2\":\"Tomate en conserve\",\"sl\":\"tomates-broyees-puree-bellorto-33994\",\"sn\":\"tomates\",\"idxP\":49},{\"mq\":\"Italpasta\",\"nm\":\"P\u00E2tes grands coquillages\",\"nme\":\"Large shells pasta\",\"attr\":\"\",\"sku\":\"03436\",\"l2\":\"P\u00E2tes\",\"sl\":\"pates-grands-coquillages-italpasta-03436\",\"sn\":\"\",\"idxP\":85},{\"mq\":\"Vicenzi\",\"nm\":\"Biscuits Savoiardi\",\"nme\":\"Savoiardi Cookies\",\"attr\":\"\",\"sku\":\"10878\",\"l2\":\"Biscuit et craquelin\",\"sl\":\"biscuits-savoiardi-vicenzi-10878\",\"sn\":\"\",\"idxP\":76},{\"mq\":\"Delicia\",\"nm\":\"Huile d'olive extra vierge\",\"nme\":\"Extra Virgin Olive Oil\",\"attr\":\"\",\"sku\":\"03247\",\"l2\":\"Huile et vinaigre\",\"sl\":\"huile-dolive-extra-vierge-delicia-03247\",\"sn\":\"\",\"idxP\":89},{\"mq\":\"Italpasta\",\"nm\":\"P\u00E2tes scoobi do\",\"nme\":\"Scoobi do pasta\",\"attr\":\"\",\"sku\":\"03437\",\"l2\":\"P\u00E2tes\",\"sl\":\"pates-scoobi-do-italpasta-03437\",\"sn\":\"\",\"idxP\":88},{\"mq\":\"Kikkoman\",\"nm\":\"Sauce soya\",\"nme\":\"Soy Sauce\",\"attr\":\"\",\"sku\":\"66900\",\"l2\":\"Condiment\",\"sl\":\"sauce-soya-kikkoman-66900\",\"sn\":\"\",\"idxP\":0},{\"mq\":\"Joy\",\"nm\":\"Cornets sucr\u00E9s gros #310\",\"nme\":\"Sugar cones big #310\",\"attr\":\"\",\"sku\":\"03454\",\"l2\":\"Bar laitier\",\"sl\":\"cornets-sucres-gros-310-joy-03454\",\"sn\":\"\",\"idxP\":13},{\"mq\":\"Cucina d'oro\",\"nm\":\"Tomates d\u00E9s\",\"nme\":\"Diced tomatoes\",\"attr\":\"\",\"sku\":\"03538\",\"l2\":\"Tomate en conserve\",\"sl\":\"tomates-des-cucina-doro-03538\",\"sn\":\"tomates\",\"idxP\":100},{\"mq\":\"Mutti\",\"nm\":\"Tomates cerise\",\"nme\":\"Cherry tomatoes\",\"attr\":\"\",\"sku\":\"03550\",\"l2\":\"Tomate en conserve\",\"sl\":\"tomates-cerise-mutti-03550\",\"sn\":\"tomates\",\"idxP\":95},{\"mq\":\"Mister chef\",\"nm\":\"Huile d'olive vierge extra avec huile de tournesol\",\"nme\":\"Extra Virgin Olive Oil with Sunflower Oil\",\"attr\":\"\",\"sku\":\"03549\",\"l2\":\"Huile et vinaigre\",\"sl\":\"huile-dolive-vierge-extra-avec-huile-de-tournesol-mister-chef-03549\",\"sn\":\"\",\"idxP\":100},{\"mq\":\"Primo\",\"nm\":\"Sauce tomate\",\"nme\":\"Tomato Sauce\",\"attr\":\"\",\"sku\":\"41235\",\"l2\":\"Sauce\",\"sl\":\"sauce-tomate-primo-41235\",\"sn\":\"tomates\",\"idxP\":82},{\"mq\":\"Crespo\",\"nm\":\"Olives noires d\u00E9noyaut\u00E9es\",\"nme\":\"Pitted Black Olive\",\"attr\":\"\",\"sku\":\"21442\",\"l2\":\"Marinade\",\"sl\":\"olives-noires-denoyautees-crespo-21442\",\"sn\":\"\",\"idxP\":23},{\"mq\":\"Lantic\",\"nm\":\"Cassonade brune ancienne\",\"nme\":\"Old fashion brown sugar\",\"attr\":\"\",\"sku\":\"67056\",\"l2\":\"Sucre\",\"sl\":\"cassonade-brune-ancienne-lantic-67056\",\"sn\":\"\",\"idxP\":0},{\"mq\":\"Valli\",\"nm\":\"Cr\u00E8me de vinaigre balsamique\",\"nme\":\"Balsamic Vinegar Cream\",\"attr\":\"\",\"sku\":\"67104\",\"l2\":\"Huile et vinaigre\",\"sl\":\"creme-de-vinaigre-balsamique-valli-67104\",\"sn\":\"\",\"idxP\":24},{\"mq\":\"Primo\",\"nm\":\"Sauce tomate basilic\",\"nme\":\"Tomato And Basil Sauce\",\"attr\":\"\",\"sku\":\"35249\",\"l2\":\"Sauce\",\"sl\":\"sauce-tomate-basilic-primo-35249\",\"sn\":\"tomates\",\"idxP\":80},{\"mq\":\"Reginelli\",\"nm\":\"Huile d'olive extra vierge\",\"nme\":\"Extra virgin olive oil\",\"attr\":\"\",\"sku\":\"11996\",\"l2\":\"Huile et vinaigre\",\"sl\":\"huile-dolive-extra-vierge-reginelli-11996\",\"sn\":\"\",\"idxP\":59},{\"mq\":\"Agrofusion\",\"nm\":\"M\u00E9lange \u00E0 soupe\",\"nme\":\"Soup Mix\",\"attr\":\"\",\"sku\":\"10942\",\"l2\":\"Riz et grain\",\"sl\":\"melange-a-soupe-agrofusion-10942\",\"sn\":\"\",\"idxP\":16},{\"mq\":\"Lantic\",\"nm\":\"Cassonade dor\u00E9e\",\"nme\":\"Golden Yellow Sugar\",\"attr\":\"\",\"sku\":\"67055\",\"l2\":\"Sucre\",\"sl\":\"cassonade-doree-lantic-67055\",\"sn\":\"\",\"idxP\":0},{\"mq\":\"Capri\",\"nm\":\"Huile canola\",\"nme\":\"Canola Oil\",\"attr\":\"\",\"sku\":\"03570\",\"l2\":\"Huile et vinaigre\",\"sl\":\"huile-canola-capri-03570\",\"sn\":\"\",\"idxP\":55},{\"mq\":\"Aurora\",\"nm\":\"Lupini 1L\",\"nme\":\"Lupin Beans 1L\",\"attr\":\"\",\"sku\":\"10939\",\"l2\":\"Marinade\",\"sl\":\"lupini-1l-aurora-10939\",\"sn\":\"\",\"idxP\":56},{\"mq\":\"Gogo squeez\",\"nm\":\"Compote ananas, fraise, poire, mangue\",\"nme\":\"Pineapple, strawberry,pear, mango fruit sauce\",\"attr\":\"\",\"sku\":\"11079\",\"l2\":\"Fruit en conserve\",\"sl\":\"compote-ananas-fraise-poire-mangue-gogo-squeez-11079\",\"sn\":\"apples, ananas, fraises, mangues, poires\",\"idxP\":31},{\"mq\":\"Gogo squeez\",\"nm\":\"Compote pomme, raisin, baies\",\"nme\":\"Apple, grape, berries fruit sauce\",\"attr\":\"\",\"sku\":\"11078\",\"l2\":\"Fruit en conserve\",\"sl\":\"compote-pomme-raisin-baies-gogo-squeez-11078\",\"sn\":\"apples, pommes, raisins\",\"idxP\":31},{\"mq\":\"Gogo squeez\",\"nm\":\"Compote pomme, mangue, p\u00EAche, bleuet\",\"nme\":\"Apple, mango, peach, blueberry apple sauce\",\"attr\":\"\",\"sku\":\"11077\",\"l2\":\"Fruit en conserve\",\"sl\":\"compote-pomme-mangue-peche-bleuet-gogo-squeez-11077\",\"sn\":\"apples, mangues, pommes\",\"idxP\":34},{\"mq\":\"Lena\",\"nm\":\"Olives noires s\u00E9ch\u00E9es\",\"nme\":\"Dry cured black olives\",\"attr\":\"\",\"sku\":\"18331\",\"l2\":\"Marinade\",\"sl\":\"olives-noires-sechees-lena-18331\",\"sn\":\"\",\"idxP\":100},{\"mq\":\"Yum Yum\",\"nm\":\"Croustilles BBQ\",\"nme\":\"BBQ Chips\",\"attr\":\"\",\"sku\":\"11203\",\"l2\":\"Croustille et grignotine\",\"sl\":\"croustilles-bbq-yum-yum-11203\",\"sn\":\"croustille\",\"idxP\":100},{\"mq\":\"Gogo squeez\",\"nm\":\"Compote pomme, fraise,banane, p\u00EAche\",\"nme\":\"Apple, strawberry, banana, peach fruit sauce\",\"attr\":\"\",\"sku\":\"11080\",\"l2\":\"Fruit en conserve\",\"sl\":\"compote-pomme-fraisebanane-peche-gogo-squeez-11080\",\"sn\":\"ananas, apples, bananes, fraises, pommes\",\"idxP\":37},{\"mq\":\"Yum Yum\",\"nm\":\"Croustilles ondul\u00E9es saveur BBQ\",\"nme\":\"BBQ Flavor Wavy Chips\",\"attr\":\"\",\"sku\":\"11189\",\"l2\":\"Croustille et grignotine\",\"sl\":\"croustilles-ondulees-saveur-bbq-yum-yum-11189\",\"sn\":\"croustille\",\"idxP\":81},{\"mq\":\"Tropic\",\"nm\":\"Abricots demi sirop l\u00E9ger\",\"nme\":\"Apricot Halves in Syrup\",\"attr\":\"\",\"sku\":\"11272\",\"l2\":\"Fruit en conserve\",\"sl\":\"abricots-demi-sirop-leger-tropic-11272\",\"sn\":\"\",\"idxP\":11},{\"mq\":\"Dunya\",\"nm\":\"Farine de pois chiche\",\"nme\":\"Chick Pea Flour\",\"attr\":\"\",\"sku\":\"11157\",\"l2\":\"Farine, semoule et chapelure\",\"sl\":\"farine-de-pois-chiche-dunya-11157\",\"sn\":\"\",\"idxP\":50},{\"mq\":\"Mister chef\",\"nm\":\"Huile d'olive vierge extra avec huile de tournesol\",\"nme\":\"Extra Virgin Olive Oil with Sunflower Oil\",\"attr\":\"\",\"sku\":\"11169\",\"l2\":\"Huile et vinaigre\",\"sl\":\"huile-dolive-vierge-extra-avec-huile-de-tournesol-mister-chef-11169\",\"sn\":\"\",\"idxP\":88},{\"mq\":\"Yum Yum\",\"nm\":\"Croustilles nature\",\"nme\":\"Regular Chips\",\"attr\":\"\",\"sku\":\"11202\",\"l2\":\"Croustille et grignotine\",\"sl\":\"croustilles-nature-yum-yum-11202\",\"sn\":\"croustille\",\"idxP\":100},{\"mq\":\"Tropic\",\"nm\":\"Oranges mandarines section\",\"nme\":\"Mandarin Orange Slices\",\"attr\":\"\",\"sku\":\"11275\",\"l2\":\"Fruit en conserve\",\"sl\":\"oranges-mandarines-section-tropic-11275\",\"sn\":\"\",\"idxP\":15},{\"mq\":\"Alia\",\"nm\":\"Riz basmati long creamy\",\"nme\":\"Creamy Long Basmati Rice\",\"attr\":\"\",\"sku\":\"11243\",\"l2\":\"Riz et grain\",\"sl\":\"riz-basmati-long-creamy-alia-11243\",\"sn\":\"\",\"idxP\":34},{\"mq\":\"Tropic\",\"nm\":\"P\u00EAches en d\u00E9s sirop l\u00E9ger\",\"nme\":\"Diced Pears in Syrup\",\"attr\":\"\",\"sku\":\"11274\",\"l2\":\"Fruit en conserve\",\"sl\":\"peches-en-des-sirop-leger-tropic-11274\",\"sn\":\"\",\"idxP\":19},{\"mq\":\"Yum Yum\",\"nm\":\"Croustilles ondul\u00E9es saveur assaisonn\u00E9es\",\"nme\":\"All Dressed Flavor Wavy Chips\",\"attr\":\"\",\"sku\":\"11197\",\"l2\":\"Croustille et grignotine\",\"sl\":\"croustilles-ondulees-saveur-assaisonnees-yum-yum-11197\",\"sn\":\"croustille\",\"idxP\":87},{\"mq\":\"Tropic\",\"nm\":\"P\u00EAches demie sirop l\u00E9ger\",\"nme\":\"Peach Halves in Syrup\",\"attr\":\"\",\"sku\":\"11273\",\"l2\":\"Fruit en conserve\",\"sl\":\"peches-demie-sirop-leger-tropic-11273\",\"sn\":\"\",\"idxP\":42},{\"mq\":\"Ali Bon\",\"nm\":\"Poudre \u00E0 p\u00E2te\",\"nme\":\"Baking Powder\",\"attr\":\"\",\"sku\":\"34387\",\"l2\":\"Ingr\u00E9dient de p\u00E2tisserie\",\"sl\":\"poudre-a-pate-ali-bon-34387\",\"sn\":\"\",\"idxP\":47},{\"mq\":\"Cuetara\",\"nm\":\"Biscuits Maria\",\"nme\":\"Original Maria Cookies\",\"attr\":\"\",\"sku\":\"21778\",\"l2\":\"Biscuit et craquelin\",\"sl\":\"biscuits-maria-cuetara-21778\",\"sn\":\"\",\"idxP\":100},{\"mq\":\"Aurora\",\"nm\":\"Bouillon de poulet\",\"nme\":\"Chicken Broth\",\"attr\":\"\",\"sku\":\"11328\",\"l2\":\"Soupe et bouillon\",\"sl\":\"bouillon-de-poulet-aurora-11328\",\"sn\":\"\",\"idxP\":100},{\"mq\":\"Aurora\",\"nm\":\"Bouillon de boeuf\",\"nme\":\"Beef Broth\",\"attr\":\"\",\"sku\":\"11329\",\"l2\":\"Soupe et bouillon\",\"sl\":\"bouillon-de-boeuf-aurora-11329\",\"sn\":\"oeufs\",\"idxP\":88},{\"mq\":\"Agrofusion\",\"nm\":\"Riz parfum\u00E9 au jasmin\",\"nme\":\"Jasmine Perfumed Rice\",\"attr\":\"\",\"sku\":\"11341\",\"l2\":\"Riz et grain\",\"sl\":\"riz-parfume-au-jasmin-agrofusion-11341\",\"sn\":\"\",\"idxP\":15},{\"mq\":\"Aurora\",\"nm\":\"Bouillon de l\u00E9gumes\",\"nme\":\"Vegetable Broth\",\"attr\":\"\",\"sku\":\"11327\",\"l2\":\"Soupe et bouillon\",\"sl\":\"bouillon-de-legumes-aurora-11327\",\"sn\":\"\",\"idxP\":80},{\"mq\":\"Applesnax\",\"nm\":\"Compote de pomme non sucr\u00E9e\",\"nme\":\"Unsweetened apple sauce\",\"attr\":\"\",\"sku\":\"67191\",\"l2\":\"Fruit en conserve\",\"sl\":\"compote-de-pomme-non-sucree-applesnax-67191\",\"sn\":\"apples, pommes\",\"idxP\":22},{\"mq\":\"Miss Vickie's\",\"nm\":\"Croustilles sel et vinaigre\",\"nme\":\"Salt And Vinegar Chips\",\"attr\":\"\",\"sku\":\"09282\",\"l2\":\"Croustille et grignotine\",\"sl\":\"croustilles-sel-et-vinaigre-miss-vickies-09282\",\"sn\":\"croustille\",\"idxP\":16},{\"mq\":\"Big Daddy\",\"nm\":\"Biscuit aux morceaux de chocolat\",\"nme\":\"Chocolate Chunk Cookies\",\"attr\":\"\",\"sku\":\"13170\",\"l2\":\"Biscuit et craquelin\",\"sl\":\"biscuit-aux-morceaux-de-chocolat-big-daddy-13170\",\"sn\":\"\",\"idxP\":100},{\"mq\":\"Big Daddy\",\"nm\":\"Biscuits \u00E0 l'avoine\",\"nme\":\"Oatmeal Cookies\",\"attr\":\"\",\"sku\":\"11363\",\"l2\":\"Biscuit et craquelin\",\"sl\":\"biscuits-a-lavoine-big-daddy-11363\",\"sn\":\"\",\"idxP\":100},{\"mq\":\"Italpasta\",\"nm\":\"P\u00E2tes rotini\",\"nme\":\"Rotini Pasta\",\"attr\":\"\",\"sku\":\"35128\",\"l2\":\"P\u00E2tes\",\"sl\":\"pates-rotini-italpasta-35128\",\"sn\":\"\",\"idxP\":80},{\"mq\":\"Italpasta\",\"nm\":\"P\u00E2tes spaghettini\",\"nme\":\"Spaghettini Pasta\",\"attr\":\"\",\"sku\":\"37285\",\"l2\":\"P\u00E2tes\",\"sl\":\"pates-spaghettini-italpasta-37285\",\"sn\":\"\",\"idxP\":89},{\"mq\":\"Big Daddy\",\"nm\":\"Biscuits avoine et raisins\",\"nme\":\"Oatmeal and Raisins Cookies\",\"attr\":\"\",\"sku\":\"41992\",\"l2\":\"Biscuit et craquelin\",\"sl\":\"biscuits-avoine-et-raisins-big-daddy-41992\",\"sn\":\"raisins\",\"idxP\":100},{\"mq\":\"Cacao Barry\",\"nm\":\"Praline grain de noisette\",\"nme\":\"Hazelnut Drop Praline\",\"attr\":\"\",\"sku\":\"25756\",\"l2\":\"Ingr\u00E9dient de p\u00E2tisserie\",\"sl\":\"praline-grain-de-noisette-cacao-barry-25756\",\"sn\":\"\",\"idxP\":14},{\"mq\":\"Dare\",\"nm\":\"#Bonbons jujubes\",\"nme\":\"#Jujubes Candy\",\"attr\":\"\",\"sku\":\"67382\",\"l2\":\"Confiserie\",\"sl\":\"bonbons-jujubes-dare-67382\",\"sn\":\"\",\"idxP\":16},{\"mq\":\"Italpasta\",\"nm\":\"P\u00E2tes penne rigate\",\"nme\":\"Penne Rigate Pasta\",\"attr\":\"\",\"sku\":\"37473\",\"l2\":\"P\u00E2tes\",\"sl\":\"pates-penne-rigate-italpasta-37473\",\"sn\":\"\",\"idxP\":100},{\"mq\":\"Italpasta\",\"nm\":\"P\u00E2tes coude\",\"nme\":\"Bent Pasta\",\"attr\":\"\",\"sku\":\"44217\",\"l2\":\"P\u00E2tes\",\"sl\":\"pates-coude-italpasta-44217\",\"sn\":\"\",\"idxP\":89},{\"mq\":\"Unico\",\"nm\":\"L\u00E9gumes marin\u00E9s doux\",\"nme\":\"Mild Marinated Vegetables\",\"attr\":\"\",\"sku\":\"11377\",\"l2\":\"Marinade\",\"sl\":\"legumes-marines-doux-unico-11377\",\"sn\":\"\",\"idxP\":2},{\"mq\":\"Dare\",\"nm\":\"#Bonbons haricots\",\"nme\":\"#Jelly Beans Candy\",\"attr\":\"\",\"sku\":\"67355\",\"l2\":\"Confiserie\",\"sl\":\"bonbons-haricots-dare-67355\",\"sn\":\"\",\"idxP\":9},{\"mq\":\"Italpasta\",\"nm\":\"P\u00E2tes spaghetti\",\"nme\":\"Spaghetti Pasta\",\"attr\":\"\",\"sku\":\"43587\",\"l2\":\"P\u00E2tes\",\"sl\":\"pates-spaghetti-italpasta-43587\",\"sn\":\"\",\"idxP\":100},{\"mq\":\"Applesnax\",\"nm\":\"Compote de pomme non sucr\u00E9e\",\"nme\":\"Unsweeted Apple Sauce\",\"attr\":\"\",\"sku\":\"43049\",\"l2\":\"Fruit en conserve\",\"sl\":\"compote-de-pomme-non-sucree-applesnax-43049\",\"sn\":\"apples, pommes\",\"idxP\":23},{\"mq\":\"Italpasta\",\"nm\":\"P\u00E2tes linguini\",\"nme\":\"Linguini Pasta\",\"attr\":\"\",\"sku\":\"43524\",\"l2\":\"P\u00E2tes\",\"sl\":\"pates-linguini-italpasta-43524\",\"sn\":\"\",\"idxP\":81},{\"mq\":\"Good Morning\",\"nm\":\"Confiture de framboises en portion\",\"nme\":\"Raspberry Jam Portion\",\"attr\":\"\",\"sku\":\"20598\",\"l2\":\"Confiture et tartinade\",\"sl\":\"confiture-de-framboises-en-portion-good-morning-20598\",\"sn\":\"framboises\",\"idxP\":22},{\"mq\":\"Nupak ou Dunya Harvest\",\"nm\":\"Riz arborio\",\"nme\":\"Arborio Rice\",\"attr\":\"\",\"sku\":\"32963\",\"l2\":\"Riz et grain\",\"sl\":\"riz-arborio-nupak-ou-dunya-harvest-32963\",\"sn\":\"\",\"idxP\":37},{\"mq\":\"Unico\",\"nm\":\"P\u00E2te de tomates\",\"nme\":\"Tomato Paste\",\"attr\":\"\",\"sku\":\"11338\",\"l2\":\"Tomate en conserve\",\"sl\":\"pate-de-tomates-unico-11338\",\"sn\":\"tomates\",\"idxP\":65},{\"mq\":\"Big Daddy\",\"nm\":\"Biscuits double chocolat\",\"nme\":\"Double Chocolate Cookies\",\"attr\":\"\",\"sku\":\"30283\",\"l2\":\"Biscuit et craquelin\",\"sl\":\"biscuits-double-chocolat-big-daddy-30283\",\"sn\":\"\",\"idxP\":100},{\"mq\":\"Applesnax\",\"nm\":\"Compote de pomme et p\u00EAche\",\"nme\":\"Apple and peach apple sauce\",\"attr\":\"\",\"sku\":\"11311\",\"l2\":\"Fruit en conserve\",\"sl\":\"compote-de-pomme-et-peche-applesnax-11311\",\"sn\":\"apples, pommes\",\"idxP\":49},{\"mq\":\"Modestos\",\"nm\":\"Mayonnaise\",\"nme\":\"Mayonnaise\",\"attr\":\"\",\"sku\":\"01174\",\"l2\":\"Condiment\",\"sl\":\"mayonnaise-modestos-01174\",\"sn\":\"mayonnaise\",\"idxP\":92},{\"mq\":\"Maseca\",\"nm\":\"Farine de ma\u00EFs blanc #0\",\"nme\":\"White Corn Flour #0\",\"attr\":\"\",\"sku\":\"11380\",\"l2\":\"Farine, semoule et chapelure\",\"sl\":\"farine-de-mais-blanc-0-maseca-11380\",\"sn\":\"\",\"idxP\":0},{\"mq\":\"Agrofusion\",\"nm\":\"Ma\u00EFs granul\u00E9 #120\",\"nme\":\"Corn Grits #120\",\"attr\":\"\",\"sku\":\"36323\",\"l2\":\"Riz et grain\",\"sl\":\"mais-granule-120-agrofusion-36323\",\"sn\":\"\",\"idxP\":56},{\"mq\":\"Old Dutch\",\"nm\":\"Emballage assorti\",\"nme\":\"Bag variety pack\",\"attr\":\"\",\"sku\":\"03292\",\"l2\":\"Croustille et grignotine\",\"sl\":\"emballage-assorti-old-dutch-03292\",\"sn\":\"\",\"idxP\":19},{\"mq\":\"Sun Med\",\"nm\":\"Olives noires enti\u00E8res\",\"nme\":\"Whole Black Olives\",\"attr\":\"\",\"sku\":\"12229\",\"l2\":\"Marinade\",\"sl\":\"olives-noires-entieres-sun-med-12229\",\"sn\":\"\",\"idxP\":54},{\"mq\":\"Bella Del Sol\",\"nm\":\"Huile de tournesol\",\"nme\":\"Sunflower Oil\",\"attr\":\"\",\"sku\":\"11402\",\"l2\":\"Huile et vinaigre\",\"sl\":\"huile-de-tournesol-bella-del-sol-11402\",\"sn\":\"\",\"idxP\":32},{\"mq\":\"Cibona\",\"nm\":\"Cerise avec tige\",\"nme\":\"Cherry with stem\",\"attr\":\"\",\"sku\":\"12360\",\"l2\":\"Fruit en conserve\",\"sl\":\"cerise-avec-tige-cibona-12360\",\"sn\":\"\",\"idxP\":77},{\"mq\":\"Tousain\",\"nm\":\"F\u00E9cule de pomme de terre\",\"nme\":\"Potato starch\",\"attr\":\"\",\"sku\":\"33358\",\"l2\":\"Ingr\u00E9dient de p\u00E2tisserie\",\"sl\":\"fecule-de-pomme-de-terre-tousain-33358\",\"sn\":\"pommes\",\"idxP\":21},{\"mq\":\"Yum Yum\",\"nm\":\"Ma\u00EFs gonfl\u00E9\",\"nme\":\"Corn puffs\",\"attr\":\"\",\"sku\":\"32552\",\"l2\":\"Croustille et grignotine\",\"sl\":\"mais-gonfle-yum-yum-32552\",\"sn\":\"\",\"idxP\":68},{\"mq\":\"Rosso Gargano\",\"nm\":\"Tomates pel\u00E9es avec basilic\",\"nme\":\"Peeled Tomatoes with Basil\",\"attr\":\"\",\"sku\":\"33244\",\"l2\":\"Tomate en conserve\",\"sl\":\"tomates-pelees-avec-basilic-rosso-gargano-33244\",\"sn\":\"tomates\",\"idxP\":50},{\"mq\":\"Yum Yum\",\"nm\":\"B\u00E2tonnet de fromage\",\"nme\":\"Cheese Stick\",\"attr\":\"\",\"sku\":\"36036\",\"l2\":\"Croustille et grignotine\",\"sl\":\"batonnet-de-fromage-yum-yum-36036\",\"sn\":\"fromages\",\"idxP\":71},{\"mq\":\"Antica Bont\u00E0\",\"nm\":\"Artichauts en quartier\",\"nme\":\"Quartered Artichokes\",\"attr\":\"\",\"sku\":\"36283\",\"l2\":\"L\u00E9gume en conserve\",\"sl\":\"artichauts-en-quartier-antica-bonta-36283\",\"sn\":\"\",\"idxP\":68},{\"mq\":\"Cibona\",\"nm\":\"Cornichon marin\u00E9 sucr\u00E9\",\"nme\":\"Sweet Marinated Pickle\",\"attr\":\"\",\"sku\":\"34090\",\"l2\":\"Marinade\",\"sl\":\"cornichon-marine-sucre-cibona-34090\",\"sn\":\"\",\"idxP\":100},{\"mq\":\"Cibona\",\"nm\":\"Olive manzanilla farcie\",\"nme\":\"Stuffed Manzanilla Olive\",\"attr\":\"\",\"sku\":\"34091\",\"l2\":\"Marinade\",\"sl\":\"olive-manzanilla-farcie-cibona-34091\",\"sn\":\"\",\"idxP\":94},{\"mq\":\"McLean\",\"nm\":\"Sauce fraise pour coupe glac\u00E9e\",\"nme\":\"Strawberry Sundae Topping\",\"attr\":\"\",\"sku\":\"11431\",\"l2\":\"Bar laitier\",\"sl\":\"sauce-fraise-pour-coupe-glacee-mclean-11431\",\"sn\":\"fraises\",\"idxP\":8},{\"mq\":\"McLean\",\"nm\":\"Enrobage chocolat au lait pour cornet\",\"nme\":\"Cone Chocolate Dip\",\"attr\":\"\",\"sku\":\"27759\",\"l2\":\"Bar laitier\",\"sl\":\"enrobage-chocolat-au-lait-pour-cornet-mclean-27759\",\"sn\":\"\",\"idxP\":13},{\"mq\":\"Fourmi Bionique\",\"nm\":\"Granola sans grains et sans gluten Divine\",\"nme\":\"Grain Free and Gluten Free Divine Nutbrown\",\"attr\":\"\",\"sku\":\"11424\",\"l2\":\"C\u00E9r\u00E9ales et barre\",\"sl\":\"granola-sans-grains-et-sans-gluten-divine-fourmi-bionique-11424\",\"sn\":\"\",\"idxP\":0},{\"mq\":\"Fourmi Bionique\",\"nm\":\"Granola sans grains et sans gluten Aphrodisia\",\"nme\":\"Grain Free and Gluten Free Aphrodisia Nutbrown\",\"attr\":\"Sans gluten\",\"sku\":\"11421\",\"l2\":\"C\u00E9r\u00E9ales et barre\",\"sl\":\"granola-sans-grains-et-sans-gluten-aphrodisia-fourmi-bionique-11421\",\"sn\":\"\",\"idxP\":0},{\"mq\":\"Huy Fong\",\"nm\":\"Sauce sriracha chili piquante\",\"nme\":\"Sriracha Hot Chili Sauce\",\"attr\":\"\",\"sku\":\"07027\",\"l2\":\"Condiment\",\"sl\":\"sauce-sriracha-chili-piquante-huy-fong-07027\",\"sn\":\"\",\"idxP\":0},{\"mq\":\"Moli de Rafelet\",\"nm\":\"Riz marisma pour paella\",\"nme\":\"Paella Marisma Rice\",\"attr\":\"\",\"sku\":\"11463\",\"l2\":\"Riz et grain\",\"sl\":\"riz-marisma-pour-paella-moli-de-rafelet-11463\",\"sn\":\"\",\"idxP\":22},{\"mq\":\"Exotic\",\"nm\":\"Mini cornet \u00E0 cr\u00E8me glac\u00E9e\",\"nme\":\"Ice Cream Mini Cone\",\"attr\":\"\",\"sku\":\"11464\",\"l2\":\"Bar laitier\",\"sl\":\"mini-cornet-a-creme-glacee-exotic-11464\",\"sn\":\"\",\"idxP\":38},{\"mq\":\"Oreo\",\"nm\":\"Garniture Oreo pour coupe glac\u00E9e\",\"nme\":\"Oreo Sundae Topping\",\"attr\":\"\",\"sku\":\"42425\",\"l2\":\"Bar laitier\",\"sl\":\"garniture-oreo-pour-coupe-glacee-oreo-42425\",\"sn\":\"\",\"idxP\":36},{\"mq\":\"McLean\",\"nm\":\"Enrobage caramel sal\u00E9 pour cornet\",\"nme\":\"Cone Dip Salted Caramel\",\"attr\":\"\",\"sku\":\"27756\",\"l2\":\"Bar laitier\",\"sl\":\"enrobage-caramel-sale-pour-cornet-mclean-27756\",\"sn\":\"\",\"idxP\":10},{\"nm\":\"Huile de canola bo\u00EEte\",\"nme\":\"Canola Oil\",\"attr\":\"\",\"sku\":\"67514\",\"l2\":\"Huile et vinaigre\",\"sl\":\"huile-de-canola-boite-67514\",\"sn\":\"\",\"idxP\":100},{\"mq\":\"Made Good\",\"nm\":\"Mini biscuit p\u00E9pites de chocolat\",\"nme\":\"Mini Chocolate Chip Cookie\",\"attr\":\"\",\"sku\":\"11542\",\"l2\":\"C\u00E9r\u00E9ales et barre\",\"sl\":\"mini-biscuit-pepites-de-chocolat-made-good-11542\",\"sn\":\"\",\"idxP\":28},{\"mq\":\"Dare\",\"nm\":\"Biscuits pattes d'ours pain aux bananes\",\"nme\":\"Bear Paws Banana Bread\",\"attr\":\"\",\"sku\":\"67568\",\"l2\":\"Biscuit et craquelin\",\"sl\":\"biscuits-pattes-dours-pain-aux-bananes-dare-67568\",\"sn\":\"ananas, bananes\",\"idxP\":25},{\"mq\":\"Dare\",\"nm\":\"Biscuits pattes d'ours brownie\",\"nme\":\"Bear Paws Brownie\",\"attr\":\"\",\"sku\":\"67569\",\"l2\":\"Biscuit et craquelin\",\"sl\":\"biscuits-pattes-dours-brownie-dare-67569\",\"sn\":\"\",\"idxP\":23},{\"mq\":\"Club House\",\"nm\":\"Assaisonnement fum\u00E9e bois de pommier\",\"nme\":\"Apple Tree Smoke Seasoning\",\"attr\":\"\",\"sku\":\"11438\",\"l2\":\"\u00C9pice, sel et poivre\",\"sl\":\"assaisonnement-fumee-bois-de-pommier-club-house-11438\",\"sn\":\"apples\",\"idxP\":27},{\"nm\":\"Huile v\u00E9g\u00E9tale bo\u00EEte\",\"nme\":\"Vegetable Oil\",\"attr\":\"\",\"sku\":\"23925\",\"l2\":\"Huile et vinaigre\",\"sl\":\"huile-vegetale-boite-23925\",\"sn\":\"\",\"idxP\":100},{\"mq\":\"Takis\",\"nm\":\"Takis fuego\",\"nme\":\"Fuego Takis\",\"attr\":\"\",\"sku\":\"36031\",\"l2\":\"Croustille et grignotine\",\"sl\":\"takis-fuego-takis-36031\",\"sn\":\"croustille\",\"idxP\":0},{\"mq\":\"Viva Panettone\",\"nm\":\"Le Framboisissimo\",\"nme\":\"Le Framboisissimo\",\"attr\":\"\",\"sku\":\"11506\",\"l2\":\"Panettone\",\"sl\":\"le-framboisissimo-viva-panettone-11506\",\"sn\":\"\",\"idxP\":8},{\"mq\":\"Club House\",\"nm\":\"\u00C9pices ail r\u00F4ti poivron\",\"nme\":\"Roasted Garlic Pepper Spices\",\"attr\":\"\",\"sku\":\"11436\",\"l2\":\"\u00C9pice, sel et poivre\",\"sl\":\"epices-ail-roti-poivron-club-house-11436\",\"sn\":\"\",\"idxP\":26},{\"mq\":\"Cattlemans\",\"nm\":\"\u00C9pice \u00E0 frotter Texas longhorn\",\"nme\":\"Texas Longhorn Spice Rub\",\"attr\":\"\",\"sku\":\"67377\",\"l2\":\"\u00C9pice, sel et poivre\",\"sl\":\"epice-a-frotter-texas-longhorn-cattlemans-67377\",\"sn\":\"\",\"idxP\":14},{\"mq\":\"Takis\",\"nm\":\"Takis dragon chili piquant\",\"nme\":\"Dragon Spicy Sweet Chili Takis\",\"attr\":\"\",\"sku\":\"11495\",\"l2\":\"Croustille et grignotine\",\"sl\":\"takis-dragon-chili-piquant-takis-11495\",\"sn\":\"croustille\",\"idxP\":0},{\"mq\":\"Club House\",\"nm\":\"Assaisonnement grec\",\"nme\":\"Greek Seasoning\",\"attr\":\"\",\"sku\":\"16159\",\"l2\":\"\u00C9pice, sel et poivre\",\"sl\":\"assaisonnement-grec-club-house-16159\",\"sn\":\"\",\"idxP\":23},{\"mq\":\"Club House\",\"nm\":\"Assaisonnement poivre ail\",\"nme\":\"Garlic Pepper Seasoning\",\"attr\":\"\",\"sku\":\"67374\",\"l2\":\"\u00C9pice, sel et poivre\",\"sl\":\"assaisonnement-poivre-ail-club-house-67374\",\"sn\":\"\",\"idxP\":24},{\"mq\":\"Club House\",\"nm\":\"\u00C9pices steak Montr\u00E9al\",\"nme\":\"Montreal Steak Spices\",\"attr\":\"\",\"sku\":\"11439\",\"l2\":\"\u00C9pice, sel et poivre\",\"sl\":\"epices-steak-montreal-club-house-11439\",\"sn\":\"\",\"idxP\":8},{\"mq\":\"Club House\",\"nm\":\"Assaisonnement poulet Montr\u00E9al\",\"nme\":\"Montreal Chicken Seasoning\",\"attr\":\"\",\"sku\":\"11437\",\"l2\":\"\u00C9pice, sel et poivre\",\"sl\":\"assaisonnement-poulet-montreal-club-house-11437\",\"sn\":\"\",\"idxP\":41},{\"mq\":\"Club House\",\"nm\":\"Assaisonnement italiano signature\",\"nme\":\"Signature Italiano Seasoning\",\"attr\":\"\",\"sku\":\"16158\",\"l2\":\"\u00C9pice, sel et poivre\",\"sl\":\"assaisonnement-italiano-signature-club-house-16158\",\"sn\":\"\",\"idxP\":31},{\"mq\":\"Whirl\",\"nm\":\"Huile ar\u00F4me beurre liquide\",\"nme\":\"Liquid Butter Flavored Oil\",\"attr\":\"\",\"sku\":\"11505\",\"l2\":\"Huile et vinaigre\",\"sl\":\"huile-arome-beurre-liquide-whirl-11505\",\"sn\":\"\",\"idxP\":1},{\"mq\":\"Club House\",\"nm\":\"Assaisonnement BBQ style br\u00E9silien\",\"nme\":\"Brasilian Style BBQ Seasoning\",\"attr\":\"\",\"sku\":\"67379\",\"l2\":\"\u00C9pice, sel et poivre\",\"sl\":\"assaisonnement-bbq-style-bresilien-club-house-67379\",\"sn\":\"\",\"idxP\":16},{\"mq\":\"Scholvy\",\"nm\":\"Cr\u00E8me de marrons\",\"nme\":\"Chestnut cream\",\"attr\":\"\",\"sku\":\"12532\",\"l2\":\"Sucre\",\"sl\":\"creme-de-marrons-scholvy-12532\",\"sn\":\"\",\"idxP\":6},{\"mq\":\"Club House\",\"nm\":\"Assaisonnement parmesan fines herbes\",\"nme\":\"Parmesan Herbs Seasoning\",\"attr\":\"\",\"sku\":\"11440\",\"l2\":\"\u00C9pice, sel et poivre\",\"sl\":\"assaisonnement-parmesan-fines-herbes-club-house-11440\",\"sn\":\"\",\"idxP\":29},{\"mq\":\"Made Good\",\"nm\":\"Barre filet de chocolat g\u00E2teau anniversaire\",\"nme\":\"Chocolate Drizzle Birthday Cake Bar\",\"attr\":\"\",\"sku\":\"11540\",\"l2\":\"C\u00E9r\u00E9ales et barre\",\"sl\":\"barre-filet-de-chocolat-gateau-anniversaire-made-good-11540\",\"sn\":\"\",\"idxP\":27},{\"mq\":\"Viva Panettone\",\"nm\":\"Le Signature\",\"nme\":\"Le Signature\",\"attr\":\"\",\"sku\":\"11507\",\"l2\":\"Panettone\",\"sl\":\"le-signature-viva-panettone-11507\",\"sn\":\"\",\"idxP\":5},{\"mq\":\"Club House\",\"nm\":\"Assaisonnement ail plus\",\"nme\":\"Garlic Plus Seasoning\",\"attr\":\"\",\"sku\":\"11442\",\"l2\":\"\u00C9pice, sel et poivre\",\"sl\":\"assaisonnement-ail-plus-club-house-11442\",\"sn\":\"\",\"idxP\":28},{\"mq\":\"Cattlemans\",\"nm\":\"\u00C9pice \u00E0 frotter smokehouse\",\"nme\":\"Smokehouse Spice Rub\",\"attr\":\"\",\"sku\":\"67375\",\"l2\":\"\u00C9pice, sel et poivre\",\"sl\":\"epice-a-frotter-smokehouse-cattlemans-67375\",\"sn\":\"\",\"idxP\":15},{\"mq\":\"Pataks\",\"nm\":\"Sauce poulet au beurre\",\"nme\":\"Butter Chicken Sauce\",\"attr\":\"\",\"sku\":\"11563\",\"l2\":\"Sauce\",\"sl\":\"sauce-poulet-au-beurre-pataks-11563\",\"sn\":\"\",\"idxP\":0},{\"mq\":\"Plantin\",\"nm\":\"Huile truffe blanche\",\"nme\":\"White Truffle Oil\",\"attr\":\"\",\"sku\":\"11561\",\"l2\":\"Huile et vinaigre\",\"sl\":\"huile-truffe-blanche-plantin-11561\",\"sn\":\"\",\"idxP\":22},{\"mq\":\"Terra Mia\",\"nm\":\"Huile d'olive extra vierge\",\"nme\":\"Extra Virgin Olive Oil\",\"attr\":\"\",\"sku\":\"11604\",\"l2\":\"Huile et vinaigre\",\"sl\":\"huile-dolive-extra-vierge-terra-mia-11604\",\"sn\":\"\",\"idxP\":7},{\"mq\":\"Mayrand CHEF\",\"nm\":\"Mayonnaise\",\"nme\":\"Mayonnaise\",\"attr\":\"Produit local\",\"sku\":\"67695\",\"l2\":\"Condiment\",\"sl\":\"mayonnaise-mayrand-chef-67695\",\"sn\":\"mayonnaise\",\"idxP\":0},{\"mq\":\"Mayrand CHEF\",\"nm\":\"Mayonnaise\",\"nme\":\"Mayonnaise\",\"attr\":\"\",\"sku\":\"67696\",\"l2\":\"Condiment\",\"sl\":\"mayonnaise-mayrand-chef-67696\",\"sn\":\"mayonnaise\",\"idxP\":15},{\"mq\":\"Alia\",\"nm\":\"Riz parfum\u00E9 au jasmin\",\"nme\":\"Jasmine Rice\",\"attr\":\"\",\"sku\":\"11637\",\"l2\":\"Riz et grain\",\"sl\":\"riz-parfume-au-jasmin-alia-11637\",\"sn\":\"\",\"idxP\":0},{\"mq\":\"R.Fortin\",\"nm\":\"Couscous moyen\",\"nme\":\"Medium couscous\",\"attr\":\"\",\"sku\":\"31595\",\"l2\":\"Riz et grain\",\"sl\":\"couscous-moyen-r.fortin-31595\",\"sn\":\"\",\"idxP\":5},{\"mq\":\"Mayrand CHEF\",\"nm\":\"Mayonnaise\",\"nme\":\"Mayonnaise\",\"attr\":\"\",\"sku\":\"67694\",\"l2\":\"Condiment\",\"sl\":\"mayonnaise-mayrand-chef-67694\",\"sn\":\"mayonnaise\",\"idxP\":2},{\"mq\":\"Bubblemaniac\",\"nm\":\"Bulles Fusion BFCS4 | mangue\",\"nme\":\"Popping Boba BFCS4 | Mango\",\"attr\":\"\",\"sku\":\"11685\",\"l2\":\"Bar laitier\",\"sl\":\"bulles-fusion-bfcs4-mangue-bubblemaniac-11685\",\"sn\":\"mangues\",\"idxP\":25},{\"mq\":\"Clover Leaf\",\"nm\":\"Thon p\u00E2le \u00E9miett\u00E9 dans l'eau\",\"nme\":\"Flaked Light Tuna In Water\",\"attr\":\"\",\"sku\":\"26338\",\"l2\":\"Poisson et viande en conserve\",\"sl\":\"thon-pale-emiette-dans-leau-clover-leaf-26338\",\"sn\":\"\",\"idxP\":0},{\"mq\":\"Bubblemaniac\",\"nm\":\"Bulles Fusion BFCS4 | fraise\",\"nme\":\"Popping Boba BFCS4 | Strawberry\",\"attr\":\"\",\"sku\":\"11689\",\"l2\":\"Bar laitier\",\"sl\":\"bulles-fusion-bfcs4-fraise-bubblemaniac-11689\",\"sn\":\"fraises\",\"idxP\":34},{\"mq\":\"Vicenzi\",\"nm\":\"Biscuits amaretti italiens\",\"nme\":\"Amaretti Italian Cookies\",\"attr\":\"\",\"sku\":\"11698\",\"l2\":\"Biscuit et craquelin\",\"sl\":\"biscuits-amaretti-italiens-vicenzi-11698\",\"sn\":\"\",\"idxP\":0},{\"mq\":\"Bubblemaniac\",\"nm\":\"Bulles Fusion BFCS4 | melon d'eau\",\"nme\":\"Popping Boba BFCS4 | Watermelon\",\"attr\":\"\",\"sku\":\"11688\",\"l2\":\"Bar laitier\",\"sl\":\"bulles-fusion-bfcs4-melon-deau-bubblemaniac-11688\",\"sn\":\"\",\"idxP\":19},{\"mq\":\"Wing's\",\"nm\":\"Nouilles frites\",\"nme\":\"Fried Noodles\",\"attr\":\"\",\"sku\":\"12846\",\"l2\":\"P\u00E2tes\",\"sl\":\"nouilles-frites-wings-12846\",\"sn\":\"\",\"idxP\":0},{\"mq\":\"Bubblemaniac\",\"nm\":\"Bulles Fusion BFCS4 | framboise\",\"nme\":\"Popping Boba BFCS4 | Raspberry\",\"attr\":\"\",\"sku\":\"11680\",\"l2\":\"Bar laitier\",\"sl\":\"bulles-fusion-bfcs4-framboise-bubblemaniac-11680\",\"sn\":\"framboises\",\"idxP\":26},{\"mq\":\"Bubblemaniac\",\"nm\":\"Bulles Fusion BFCS4 | citron\",\"nme\":\"Popping Boba BFCS4 | Lemon\",\"attr\":\"\",\"sku\":\"11686\",\"l2\":\"Bar laitier\",\"sl\":\"bulles-fusion-bfcs4-citron-bubblemaniac-11686\",\"sn\":\"citrons\",\"idxP\":15},{\"mq\":\"Aurora\",\"nm\":\"Tartinade antipasto La Bomba\",\"nme\":\"La Bomba Antipasto Spread\",\"attr\":\"\",\"sku\":\"11700\",\"l2\":\"Marinade\",\"sl\":\"tartinade-antipasto-la-bomba-aurora-11700\",\"sn\":\"\",\"idxP\":0},{\"mq\":\"Bubblemaniac\",\"nm\":\"Bulles Fusion BFCS4 | fruit passion\",\"nme\":\"Popping Boba BFCS4 | Passion Fruit\",\"attr\":\"\",\"sku\":\"11687\",\"l2\":\"Bar laitier\",\"sl\":\"bulles-fusion-bfcs4-fruit-passion-bubblemaniac-11687\",\"sn\":\"\",\"idxP\":15},{\"mq\":\"Wing's\",\"nm\":\"Biscuit chinois\",\"nme\":\"Fortune Cookie\",\"attr\":\"\",\"sku\":\"12634\",\"l2\":\"Biscuit et craquelin\",\"sl\":\"biscuit-chinois-wings-12634\",\"sn\":\"\",\"idxP\":0},{\"mq\":\"Banquet\",\"nm\":\"Piment rouge doux r\u00F4ti\",\"nme\":\"Roasted Sweet Pepper\",\"attr\":\"\",\"sku\":\"11772\",\"l2\":\"Marinade\",\"sl\":\"piment-rouge-doux-roti-banquet-11772\",\"sn\":\"\",\"idxP\":0},{\"mq\":\"Takis\",\"nm\":\"Takis bleu br\u00FBlant\",\"nme\":\"Blue Heat Takis\",\"attr\":\"\",\"sku\":\"11832\",\"l2\":\"Croustille et grignotine\",\"sl\":\"takis-bleu-brulant-takis-11832\",\"sn\":\"\",\"idxP\":0},{\"mq\":\"Lotus\",\"nm\":\"Tartinade Biscoff\",\"nme\":\"Biscoff Spread\",\"attr\":\"\",\"sku\":\"11974\",\"l2\":\"Confiture et tartinade\",\"sl\":\"tartinade-biscoff-lotus-11974\",\"sn\":\"\",\"idxP\":8},{\"mq\":\"Italia\",\"nm\":\"Huile de grignon d'olive\",\"nme\":\"Pomace Olive Oil\",\"attr\":\"\",\"sku\":\"11936\",\"l2\":\"Huile et vinaigre\",\"sl\":\"huile-de-grignon-dolive-italia-11936\",\"sn\":\"\",\"idxP\":0},{\"mq\":\"Rose Hill\",\"nm\":\"Piment de Jama\u00EFque entier\",\"nme\":\"Whole Jamaican Pepper\",\"attr\":\"\",\"sku\":\"12011\",\"l2\":\"\u00C9pice, sel et poivre\",\"sl\":\"piment-de-jamaique-entier-rose-hill-12011\",\"sn\":\"piments\",\"idxP\":0},{\"mq\":\"Takis\",\"nm\":\"Takis fuego emballage multiple 40 pqt\",\"nme\":\"Fuego Takis 40 Pcs Multi Pack\",\"attr\":\"\",\"sku\":\"11834\",\"l2\":\"Croustille et grignotine\",\"sl\":\"takis-fuego-emballage-multiple-40-pqt-takis-11834\",\"sn\":\"\",\"idxP\":1},{\"mq\":\"Quaker\",\"nm\":\"M\u00E9lange \u00E0 muffin avoine et chocolat\",\"nme\":\"Oatmeal Chocolate Muffin Mix\",\"attr\":\"\",\"sku\":\"67991\",\"l2\":\"Ingr\u00E9dient de p\u00E2tisserie\",\"sl\":\"melange-a-muffin-avoine-et-chocolat-quaker-67991\",\"sn\":\"\",\"idxP\":4},{\"mq\":\"Aurora\",\"nm\":\"Pois chiches\",\"nme\":\"Chickpeas\",\"attr\":\"\",\"sku\":\"12042\",\"l2\":\"L\u00E9gume en conserve\",\"sl\":\"pois-chiches-aurora-12042\",\"sn\":\"\",\"idxP\":0},{\"mq\":\"Aurora\",\"nm\":\"Haricots blancs\",\"nme\":\"White Kidney Beans\",\"attr\":\"\",\"sku\":\"12034\",\"l2\":\"L\u00E9gume en conserve\",\"sl\":\"haricots-blancs-aurora-12034\",\"sn\":\"\",\"idxP\":0},{\"mq\":\"Aurora\",\"nm\":\"Haricots noirs\",\"nme\":\"Black Beans\",\"attr\":\"\",\"sku\":\"12038\",\"l2\":\"L\u00E9gume en conserve\",\"sl\":\"haricots-noirs-aurora-12038\",\"sn\":\"\",\"idxP\":0},{\"mq\":\"Aurora\",\"nm\":\"Haricots romano\",\"nme\":\"Romano Beans\",\"attr\":\"\",\"sku\":\"12039\",\"l2\":\"L\u00E9gume en conserve\",\"sl\":\"haricots-romano-aurora-12039\",\"sn\":\"\",\"idxP\":0},{\"mq\":\"Aurora\",\"nm\":\"Haricots m\u00E9lang\u00E9s\",\"nme\":\"Mixed Beans\",\"attr\":\"\",\"sku\":\"12043\",\"l2\":\"L\u00E9gume en conserve\",\"sl\":\"haricots-melanges-aurora-12043\",\"sn\":\"\",\"idxP\":0},{\"mq\":\"Aurora\",\"nm\":\"Haricots rouges\",\"nme\":\"Red Kidney Beans\",\"attr\":\"\",\"sku\":\"12040\",\"l2\":\"L\u00E9gume en conserve\",\"sl\":\"haricots-rouges-aurora-12040\",\"sn\":\"\",\"idxP\":0},{\"mq\":\"Tiger Shrimps\",\"nm\":\"Riz parfum\u00E9\",\"nme\":\"Scented Rice\",\"attr\":\"\",\"sku\":\"68113\",\"l2\":\"Riz et grain\",\"sl\":\"riz-parfume-tiger-shrimps-68113\",\"sn\":\"\",\"idxP\":0},{\"mq\":\"Mayrand CHEF\",\"nm\":\"Remplissage pour tarte aux pommes\",\"nme\":\"Apple Pie Filling\",\"attr\":\"\",\"sku\":\"12146\",\"l2\":\"Ingr\u00E9dient de p\u00E2tisserie\",\"sl\":\"remplissage-pour-tarte-aux-pommes-mayrand-chef-12146\",\"sn\":\"apples, pommes\",\"idxP\":6},{\"mq\":\"Makaya\",\"nm\":\"Ma\u00EFs jaune granul\u00E9 #16\",\"nme\":\"#16 Yellow Corn Grits\",\"attr\":\"\",\"sku\":\"12278\",\"l2\":\"Riz et grain\",\"sl\":\"mais-jaune-granule-16-makaya-12278\",\"sn\":\"\",\"idxP\":0},{\"mq\":\"Makaya\",\"nm\":\"Petit mil\",\"nme\":\"Sorghum\",\"attr\":\"\",\"sku\":\"12279\",\"l2\":\"Riz et grain\",\"sl\":\"petit-mil-makaya-12279\",\"sn\":\"\",\"idxP\":0},{\"mq\":\"McLean\",\"nm\":\"Base lime pour barbotine RTU 5+1\",\"nme\":\"Lime Sirup Slush Base\",\"attr\":\"\",\"sku\":\"47842\",\"l2\":\"Bar laitier\",\"sl\":\"base-lime-pour-barbotine-rtu-51-mclean-47842\",\"sn\":\"slush\",\"idxP\":4},{\"mq\":\"Freddo\",\"nm\":\"Lapin chocolat lait fleurs dor\u00E9es\",\"nme\":\"Milk Chocolate Golden Flowers Bunny\",\"attr\":\"\",\"sku\":\"12299\",\"l2\":\"Ingr\u00E9dient de p\u00E2tisserie\",\"sl\":\"lapin-chocolat-lait-fleurs-dorees-freddo-12299\",\"sn\":\"\",\"idxP\":37},{\"mq\":\"Aurora\",\"nm\":\"Huile d'avocat\",\"nme\":\"Avocado Oil\",\"attr\":\"\",\"sku\":\"12271\",\"l2\":\"Huile et vinaigre\",\"sl\":\"huile-davocat-aurora-12271\",\"sn\":\"avocats\",\"idxP\":0},{\"mq\":\"Makaya\",\"nm\":\"Bl\u00E9 bulgur fonc\u00E9 #3\",\"nme\":\"#3 Dark Bulgarian Wheat\",\"attr\":\"\",\"sku\":\"12272\",\"l2\":\"Riz et grain\",\"sl\":\"ble-bulgur-fonce-3-makaya-12272\",\"sn\":\"\",\"idxP\":0},{\"mq\":\"Freddo\",\"nm\":\"Lapin surprise\",\"nme\":\"Bunny Surprise\",\"attr\":\"\",\"sku\":\"12298\",\"l2\":\"Ingr\u00E9dient de p\u00E2tisserie\",\"sl\":\"lapin-surprise-freddo-12298\",\"sn\":\"\",\"idxP\":35},{\"mq\":\"Lotus\",\"nm\":\"Garniture coulis Biscoff\",\"nme\":\"Biscoff Topping\",\"attr\":\"\",\"sku\":\"12314\",\"l2\":\"Bar laitier\",\"sl\":\"garniture-coulis-biscoff-lotus-12314\",\"sn\":\"\",\"idxP\":0},{\"mq\":\"Freddo\",\"nm\":\"Bouch\u00E9es de P\u00E2ques\",\"nme\":\"Easter Bites\",\"attr\":\"\",\"sku\":\"12296\",\"l2\":\"Ingr\u00E9dient de p\u00E2tisserie\",\"sl\":\"bouchees-de-paques-freddo-12296\",\"sn\":\"\",\"idxP\":33},{\"mq\":\"Lotus\",\"nm\":\"Chapelure Biscoff\",\"nme\":\"Biscoff Crumbs\",\"attr\":\"\",\"sku\":\"12315\",\"l2\":\"Bar laitier\",\"sl\":\"chapelure-biscoff-lotus-12315\",\"sn\":\"\",\"idxP\":28},{\"mq\":\"Miss Vickie's\",\"nm\":\"Croustilles sel et vinaigre\",\"nme\":\"Salt and Vinegar Chips\",\"attr\":\"\",\"sku\":\"68315\",\"l2\":\"Croustille et grignotine\",\"sl\":\"croustilles-sel-et-vinaigre-miss-vickies-68315\",\"sn\":\"croustille\",\"idxP\":0},{\"mq\":\"Berthelet\",\"nm\":\"Sauce aux cerises\",\"nme\":\"Cherry Sauce\",\"attr\":\"\",\"sku\":\"68288\",\"l2\":\"Condiment\",\"sl\":\"sauce-aux-cerises-berthelet-68288\",\"sn\":\"\",\"idxP\":0},{\"mq\":\"Olde style\",\"nm\":\"Portion marmelade orange pure\",\"nme\":\"Pure orange marmalade portion\",\"attr\":\"\",\"sku\":\"68281\",\"l2\":\"Confiture et tartinade\",\"sl\":\"portion-marmelade-orange-pure-olde-style-68281\",\"sn\":\"\",\"idxP\":0},{\"mq\":\"Berthelet\",\"nm\":\"Sauce \u00E0 l'ananas\",\"nme\":\"Pineapple Sauce\",\"attr\":\"\",\"sku\":\"68289\",\"l2\":\"Condiment\",\"sl\":\"sauce-a-lananas-berthelet-68289\",\"sn\":\"apples, ananas\",\"idxP\":0},{\"mq\":\"Berthelet\",\"nm\":\"Sauce aux prunes\",\"nme\":\"Plum Sauce\",\"attr\":\"\",\"sku\":\"68290\",\"l2\":\"Condiment\",\"sl\":\"sauce-aux-prunes-berthelet-68290\",\"sn\":\"\",\"idxP\":0},{\"mq\":\"Freddo\",\"nm\":\"Lapins caramel\",\"nme\":\"Caramel Bunnies\",\"attr\":\"\",\"sku\":\"12297\",\"l2\":\"Ingr\u00E9dient de p\u00E2tisserie\",\"sl\":\"lapins-caramel-freddo-12297\",\"sn\":\"\",\"idxP\":34},{\"mq\":\"Freddo\",\"nm\":\"Funimals\",\"nme\":\"Funimals\",\"attr\":\"\",\"sku\":\"12300\",\"l2\":\"Ingr\u00E9dient de p\u00E2tisserie\",\"sl\":\"funimals-freddo-12300\",\"sn\":\"\",\"idxP\":33},{\"mq\":\"Cheetos\",\"nm\":\"Croustilles grignotine fromage puff\",\"nme\":\"Cheese Puff Chips\",\"attr\":\"\",\"sku\":\"68316\",\"l2\":\"Croustille et grignotine\",\"sl\":\"croustilles-grignotine-fromage-puff-cheetos-68316\",\"sn\":\"croustille, fromages\",\"idxP\":0},{\"mq\":\"Bauli\",\"nm\":\"Colombe cr\u00E8me Baileys\",\"nme\":\"Baileys Cream Colombe\",\"attr\":\"\",\"sku\":\"12301\",\"l2\":\"Panettone\",\"sl\":\"colombe-creme-baileys-bauli-12301\",\"sn\":\"\",\"idxP\":0},{\"mq\":\"Oreo\",\"nm\":\"Garniture Oreo concass\u00E9e pour coupe glac\u00E9e\",\"nme\":\"Crushed Oreo Sundae Topping\",\"attr\":\"\",\"sku\":\"12313\",\"l2\":\"Sucre\",\"sl\":\"garniture-oreo-concassee-pour-coupe-glacee-oreo-12313\",\"sn\":\"\",\"idxP\":0},{\"mq\":\"Miss Vickie's\",\"nm\":\"Croustilles originales\",\"nme\":\"Original Chips\",\"attr\":\"\",\"sku\":\"68319\",\"l2\":\"Croustille et grignotine\",\"sl\":\"croustilles-originales-miss-vickies-68319\",\"sn\":\"croustille\",\"idxP\":0},{\"mq\":\"Olde style\",\"nm\":\"Portion miel moutarde\",\"nme\":\"Honey mustard portion\",\"attr\":\"\",\"sku\":\"68280\",\"l2\":\"Condiment\",\"sl\":\"portion-miel-moutarde-olde-style-68280\",\"sn\":\"\",\"idxP\":0},{\"mq\":\"Olde style\",\"nm\":\"Portion sauce BBQ\",\"nme\":\"BBQ sauce portion\",\"attr\":\"\",\"sku\":\"68284\",\"l2\":\"Condiment\",\"sl\":\"portion-sauce-bbq-olde-style-68284\",\"sn\":\"\",\"idxP\":0},{\"mq\":\"Berthelet\",\"nm\":\"Sauce aigre douce\",\"nme\":\"Sweet and Sour Sauce\",\"attr\":\"\",\"sku\":\"68292\",\"l2\":\"Condiment\",\"sl\":\"sauce-aigre-douce-berthelet-68292\",\"sn\":\"\",\"idxP\":0},{\"mq\":\"Berthelet\",\"nm\":\"Sauce teriyaki\",\"nme\":\"Teriyaki Sauce\",\"attr\":\"\",\"sku\":\"68293\",\"l2\":\"Condiment\",\"sl\":\"sauce-teriyaki-berthelet-68293\",\"sn\":\"\",\"idxP\":0},{\"mq\":\"Olde style\",\"nm\":\"Portion fraise pectine\",\"nme\":\"Strawberry jam portion\",\"attr\":\"\",\"sku\":\"68282\",\"l2\":\"Confiture et tartinade\",\"sl\":\"portion-fraise-pectine-olde-style-68282\",\"sn\":\"fraises\",\"idxP\":0},{\"mq\":\"Olde style\",\"nm\":\"Portion miel tartinade\",\"nme\":\"Honey spread portion\",\"attr\":\"\",\"sku\":\"68283\",\"l2\":\"Confiture et tartinade\",\"sl\":\"portion-miel-tartinade-olde-style-68283\",\"sn\":\"\",\"idxP\":0},{\"mq\":\"Olde style\",\"nm\":\"Portion sauce tartare\",\"nme\":\"Tartare sauce portion\",\"attr\":\"\",\"sku\":\"68297\",\"l2\":\"Condiment\",\"sl\":\"portion-sauce-tartare-olde-style-68297\",\"sn\":\"\",\"idxP\":0}], [{\"mq\":\"Tostitos\",\"nm\":\"Croustilles Tostitos scoop\",\"nme\":\"Tostitos Scoop Chips\",\"attr\":\"\",\"sku\":\"68317\",\"l2\":\"Croustille et grignotine\",\"sl\":\"croustilles-tostitos-scoop-tostitos-68317\",\"sn\":\"croustille\",\"idxP\":14},{\"mq\":\"Doritos\",\"nm\":\"Croustilles Doritos\",\"nme\":\"Doritos Chips\",\"attr\":\"\",\"sku\":\"68318\",\"l2\":\"Croustille et grignotine\",\"sl\":\"croustilles-doritos-doritos-68318\",\"sn\":\"croustille\",\"idxP\":0},{\"mq\":\"Olde style\",\"nm\":\"Portion caramel\",\"nme\":\"Caramel spread portion\",\"attr\":\"\",\"sku\":\"68296\",\"l2\":\"Confiture et tartinade\",\"sl\":\"portion-caramel-olde-style-68296\",\"sn\":\"\",\"idxP\":0},{\"mq\":\"Berthelet\",\"nm\":\"Sauce c\u00F4te lev\u00E9e moyenne\",\"nme\":\"Medium Spare Ribs Sauce\",\"attr\":\"\",\"sku\":\"68291\",\"l2\":\"Condiment\",\"sl\":\"sauce-cote-levee-moyenne-berthelet-68291\",\"sn\":\"\",\"idxP\":0},{\"mq\":\"Olde style\",\"nm\":\"Portion sauce aigre-douce\",\"nme\":\"Sweet and sour portion\",\"attr\":\"\",\"sku\":\"68294\",\"l2\":\"Condiment\",\"sl\":\"portion-sauce-aigre-douce-olde-style-68294\",\"sn\":\"\",\"idxP\":0},{\"mq\":\"Whyte's\",\"nm\":\"Cornichons cashers \u00E0 l'aneth\",\"nme\":\"Kosher Dill Pickles\",\"attr\":\"\",\"sku\":\"68337\",\"l2\":\"Marinade\",\"sl\":\"cornichons-cashers-a-laneth-mrs-whytes-68337\",\"sn\":\"\",\"idxP\":0},{\"mq\":\"Reese\",\"nm\":\"Garniture Reese concass\u00E9s pour coupe glac\u00E9e\",\"nme\":\"Reese Crushed Sunday Topping\",\"attr\":\"\",\"sku\":\"24992\",\"l2\":\"Bar laitier\",\"sl\":\"garniture-reese-concasses-pour-coupe-glacee-reese-24992\",\"sn\":\"\",\"idxP\":27},{\"mq\":\"Reese\",\"nm\":\"Garniture Reese concass\u00E9e pour coupe glac\u00E9e\",\"nme\":\"Reese Pieces Sunday Topping\",\"attr\":\"\",\"sku\":\"24990\",\"l2\":\"Bar laitier\",\"sl\":\"garniture-reese-concassee-pour-coupe-glacee-reese-24990\",\"sn\":\"\",\"idxP\":-12},{\"mq\":\"Takis\",\"nm\":\"Takis fuego nacho emballage multiple 40 pqt\",\"nme\":\"Fuego Nacho Takis 40 Pcs Multi Pack\",\"attr\":\"\",\"sku\":\"12411\",\"l2\":\"Croustille et grignotine\",\"sl\":\"takis-fuego-nacho-emballage-multiple-40-pqt-takis-12411\",\"sn\":\"\",\"idxP\":0},{\"mq\":\"Berthelet\",\"nm\":\"Sauce c\u00F4tes lev\u00E9es ail forte\",\"nme\":\"Strong Garlic Spare Ribs Sauce\",\"attr\":\"\",\"sku\":\"12406\",\"l2\":\"Condiment\",\"sl\":\"sauce-cotes-levees-ail-forte-berthelet-12406\",\"sn\":\"\",\"idxP\":0},{\"mq\":\"Tostitos\",\"nm\":\"Croustilles Tostitos style restaurant\",\"nme\":\"Tostitos Restaurant Style Chips\",\"attr\":\"\",\"sku\":\"68362\",\"l2\":\"Croustille et grignotine\",\"sl\":\"croustilles-tostitos-style-restaurant-tostitos-68362\",\"sn\":\"croustille\",\"idxP\":0},{\"mq\":\"Lallemand\",\"nm\":\"Levure instaferm or\",\"nme\":\"Instaferm Gold Yeast\",\"attr\":\"\",\"sku\":\"12424\",\"l2\":\"Ingr\u00E9dient de p\u00E2tisserie\",\"sl\":\"levure-instaferm-or-lallemand-12424\",\"sn\":\"\",\"idxP\":0},{\"mq\":\"Valli\",\"nm\":\"Riz \u00E0 grain long \u00E9tuv\u00E9\",\"nme\":\"Long Grain Parboiled Rice\",\"attr\":\"\",\"sku\":\"12470\",\"l2\":\"Riz et grain\",\"sl\":\"riz-a-grain-long-etuve-valli-12470\",\"sn\":\"\",\"idxP\":0},{\"mq\":\"Terra Delyssa\",\"nm\":\"Huile d'olive extra vierge\",\"nme\":\"Extra Virgin Olive Oil\",\"attr\":\"\",\"sku\":\"02196\",\"l2\":\"Huile et vinaigre\",\"sl\":\"huile-dolive-extra-vierge-02196\",\"sn\":\"\",\"idxP\":18},{\"mq\":\"Arctic Gardens\",\"nm\":\"Betteraves tranch\u00E9es\",\"nme\":\"Sliced Red Beets\",\"attr\":\"\",\"sku\":\"02474\",\"l2\":\"L\u00E9gume en conserve\",\"sl\":\"betteraves-tranchees-284-l-02474\",\"sn\":\"\",\"idxP\":27},{\"mq\":\"Cucina d'oro\",\"nm\":\"Tomates d\u00E9s\",\"nme\":\"Diced tomatoes\",\"attr\":\"\",\"sku\":\"03220\",\"l2\":\"Tomate en conserve\",\"sl\":\"tomates-des-284-l-03220\",\"sn\":\"tomates\",\"idxP\":13},{\"mq\":\"Flying goose\",\"nm\":\"Sauce sriracha\",\"nme\":\"Sriracha Sauce\",\"attr\":\"\",\"sku\":\"03453\",\"l2\":\"Condiment\",\"sl\":\"sauce-sriracha-03453\",\"sn\":\"\",\"idxP\":33},{\"mq\":\"Flying goose\",\"nm\":\"Sambal oelek\",\"nme\":\"Sambal oelek\",\"attr\":\"\",\"sku\":\"03534\",\"l2\":\"Condiment\",\"sl\":\"sambal-oelek-03534\",\"sn\":\"\",\"idxP\":33},{\"mq\":\"Valli\",\"nm\":\"Olives noires tranch\u00E9es\",\"nme\":\"Sliced Black Olives\",\"attr\":\"\",\"sku\":\"03571\",\"l2\":\"Marinade\",\"sl\":\"olives-noires-tranchees-284-l-03571\",\"sn\":\"\",\"idxP\":33},{\"mq\":\"Tropic\",\"nm\":\"Cocktail de fruit sirop l\u00E9ger\",\"nme\":\"Fruit Cocktail in Light Sirup\",\"attr\":\"\",\"sku\":\"03575\",\"l2\":\"Fruit en conserve\",\"sl\":\"cocktail-de-fruit-sirop-leger-03575\",\"sn\":\"\",\"idxP\":30},{\"mq\":\"Tropic\",\"nm\":\"Poires d\u00E9s sirop l\u00E9ger\",\"nme\":\"Pear diced light syrup\",\"attr\":\"\",\"sku\":\"03576\",\"l2\":\"Fruit en conserve\",\"sl\":\"poires-des-sirop-leger-03576\",\"sn\":\"poires\",\"idxP\":18},{\"mq\":\"Sun Med\",\"nm\":\"Mandarines en segments dans un sirop l\u00E9ger\",\"nme\":\"Mangerines in segments in a light syrup\",\"attr\":\"\",\"sku\":\"04879\",\"l2\":\"Fruit en conserve\",\"sl\":\"mandarines-en-segments-dans-un-sirop-leger-04879\",\"sn\":\"\",\"idxP\":18},{\"mq\":\"Berthelet\",\"nm\":\"Pouding instantan\u00E9 \u00E0 la banane\",\"nme\":\"Banana Instant Pudding\",\"attr\":\"\",\"sku\":\"05909\",\"l2\":\"Fruit en conserve\",\"sl\":\"pouding-instantane-a-la-banane-1-kg-05909\",\"sn\":\"ananas, bananes\",\"idxP\":14},{\"mq\":\"Aurora\",\"nm\":\"Lentilles\",\"nme\":\"Lentils\",\"attr\":\"\",\"sku\":\"12041\",\"l2\":\"L\u00E9gume en conserve\",\"sl\":\"lentilles-398-ml-12041\",\"sn\":\"\",\"idxP\":33},{\"mq\":\"Exotic\",\"nm\":\"Couscous moyen\",\"nme\":\"Medium Coucous\",\"attr\":\"\",\"sku\":\"12123\",\"l2\":\"Riz et grain\",\"sl\":\"couscous-moyen-12123\",\"sn\":\"\",\"idxP\":33},{\"mq\":\"Jell-O\",\"nm\":\"Gel\u00E9e en poudre \u00E0 la limette\",\"nme\":\"Lime Powder Jelly\",\"attr\":\"\",\"sku\":\"20082\",\"l2\":\"Fruit en conserve\",\"sl\":\"gelee-en-poudre-a-la-limette-20082\",\"sn\":\"\",\"idxP\":23},{\"mq\":\"Cucina d'oro\",\"nm\":\"Olives vertes enti\u00E8res\",\"nme\":\"Whole Green Olives\",\"attr\":\"\",\"sku\":\"28155\",\"l2\":\"Marinade\",\"sl\":\"olives-vertes-entieres-28155\",\"sn\":\"\",\"idxP\":13},{\"mq\":\"Agrofusion\",\"nm\":\"Petits haricots rouges\",\"nme\":\"Small Red Beans\",\"attr\":\"\",\"sku\":\"29083\",\"l2\":\"Riz et grain\",\"sl\":\"petits-haricots-rouges-4-kg-29083\",\"sn\":\"\",\"idxP\":5},{\"mq\":\"Cucina d'oro\",\"nm\":\"Olives marin\u00E9es craqu\u00E9es\",\"nme\":\"Sliced Marinated Olives\",\"attr\":\"\",\"sku\":\"29114\",\"l2\":\"Marinade\",\"sl\":\"olives-marinees-craquees-29114\",\"sn\":\"\",\"idxP\":15},{\"mq\":\"Cibona\",\"nm\":\"Oignon sucr\u00E9\",\"nme\":\"Sewwt Onion\",\"attr\":\"\",\"sku\":\"32839\",\"l2\":\"Marinade\",\"sl\":\"oignon-sucre-32839\",\"sn\":\"onions, oignons\",\"idxP\":33},{\"mq\":\"Quaker\",\"nm\":\"M\u00E9lange \u00E0 biscuit \u00E0 l'avoine\",\"nme\":\"Oat Cookie Mix\",\"attr\":\"\",\"sku\":\"33618\",\"l2\":\"Ingr\u00E9dient de p\u00E2tisserie\",\"sl\":\"melange-a-biscuit-a-lavoine-33618\",\"sn\":\"\",\"idxP\":17},{\"mq\":\"Cibona\",\"nm\":\"Marinade m\u00E9lange sucre\",\"nme\":\"Sweet Pickles Mix\",\"attr\":\"\",\"sku\":\"35823\",\"l2\":\"Marinade\",\"sl\":\"marinades-melangees-sucrees-4-l-35823\",\"sn\":\"\",\"idxP\":14},{\"mq\":\"Cibona\",\"nm\":\"Oignons marin\u00E9s surs\",\"nme\":\"Sour Pickled Onions\",\"attr\":\"\",\"sku\":\"37118\",\"l2\":\"Marinade\",\"sl\":\"oignons-marines-surs-4-l-37118\",\"sn\":\"onions, oignons\",\"idxP\":14},{\"mq\":\"Querico\",\"nm\":\"Bonbon mini melon sur\",\"nme\":\"Mini Sur Melon Candy\",\"attr\":\"\",\"sku\":\"37348\",\"l2\":\"Confiserie\",\"sl\":\"bonbon-mini-melon-sur-37348\",\"sn\":\"\",\"idxP\":22},{\"mq\":\"Heinz\",\"nm\":\"Moutarde jaune\",\"nme\":\"Mustard Big Yellow Bottle\",\"attr\":\"\",\"sku\":\"38363\",\"l2\":\"Condiment\",\"sl\":\"moutarde-jaune-38363\",\"sn\":\"\",\"idxP\":33},{\"mq\":\"French's\",\"nm\":\"Ketchup m\u00E9ga plastique\",\"nme\":\"Ketchup mega  plastic\",\"attr\":\"\",\"sku\":\"40347\",\"l2\":\"Condiment\",\"sl\":\"ketchup-mega-plastique-40347\",\"sn\":\"\",\"idxP\":0},{\"mq\":\"Valli\",\"nm\":\"F\u00E9cule de ma\u00EFs\",\"nme\":\"Corn Starch\",\"attr\":\"\",\"sku\":\"66505\",\"l2\":\"Ingr\u00E9dient de p\u00E2tisserie\",\"sl\":\"fecule-de-mais-66505\",\"sn\":\"\",\"idxP\":6},{\"mq\":\"Dare\",\"nm\":\"Biscuits pattes d'ours g\u00E2teau anniversaire\",\"nme\":\"Bear Paws Birthday Cake\",\"attr\":\"\",\"sku\":\"67570\",\"l2\":\"Biscuit et craquelin\",\"sl\":\"biscuits-pattes-dours-gateau-anniversaire-67570\",\"sn\":\"\",\"idxP\":4},{\"mq\":\"Sifto\",\"nm\":\"Gros sel \u00E0 marinade\",\"nme\":\"Coarse Pickling Salt\",\"attr\":\"\",\"sku\":\"68380\",\"l2\":\"\u00C9pice, sel et poivre\",\"sl\":\"gros-sel-a-marinade-68380\",\"sn\":\"\",\"idxP\":20},{\"mq\":\"Kellogg's\",\"nm\":\"C\u00E9r\u00E9ales Froot Loops\",\"nme\":\"Froot Loops Cereal\",\"attr\":\"\",\"sku\":\"68388\",\"l2\":\"C\u00E9r\u00E9ales et barre\",\"sl\":\"cereales-froot-loops-68388\",\"sn\":\"\",\"idxP\":0},{\"mq\":\"Earth's choice\",\"nm\":\"Cr\u00E8me de noix de coco biologique\",\"nme\":\"Organic Coconut Cream\",\"attr\":\"\",\"sku\":\"14366\",\"l2\":\"Ingr\u00E9dient de p\u00E2tisserie\",\"sl\":\"creme-de-noix-de-coco-biologique-14366\",\"sn\":\"biologique, bio, organic, organique\",\"idxP\":33},{\"mq\":\"Haiku\",\"nm\":\"Cr\u00E8me de coco sucr\u00E9e\",\"nme\":\"Sweet coconut cream\",\"attr\":\"\",\"sku\":\"30228\",\"l2\":\"Ingr\u00E9dient de p\u00E2tisserie\",\"sl\":\"creme-de-coco-sucree-30228\",\"sn\":\"\",\"idxP\":17},{\"mq\":\"Agrocan\",\"nm\":\"Lait de coco\",\"nme\":\"Coconut Milk\",\"attr\":\"\",\"sku\":\"34179\",\"l2\":\"Ingr\u00E9dient de p\u00E2tisserie\",\"sl\":\"lait-de-coco-34179\",\"sn\":\"\",\"idxP\":33},{\"mq\":\"Brands\",\"nm\":\"Bonbon g\u00E9latine Gummi Party\",\"nme\":\"Gummi Party Gelatin Candy\",\"attr\":\"\",\"sku\":\"01128\",\"l2\":\"Confiserie\",\"sl\":\"bonbon-gelatine-gummi-party-01128\",\"sn\":\"\",\"idxP\":0},{\"mq\":\"R\u00E9gal\",\"nm\":\"Rouleaux rocket\",\"nme\":\"Rocket Rolls\",\"attr\":\"\",\"sku\":\"02657\",\"l2\":\"Confiserie\",\"sl\":\"rouleaux-rocket-02657\",\"sn\":\"\",\"idxP\":0},{\"mq\":\"Valli\",\"nm\":\"Vinaigre balsamique de Mod\u00E8ne IGP\",\"nme\":\"Modena IGP Balsamic Vinegar\",\"attr\":\"\",\"sku\":\"10290\",\"l2\":\"Huile et vinaigre\",\"sl\":\"vinaigre-balsamique-de-modene-igp-10290\",\"sn\":\"\",\"idxP\":8},{\"mq\":\"Gruo\",\"nm\":\"Gruau poire et chai\",\"nme\":\"Pear and Chai Oatmeal\",\"attr\":\"\",\"sku\":\"12518\",\"l2\":\"C\u00E9r\u00E9ales et barre\",\"sl\":\"gruau-poire-et-chai-12518\",\"sn\":\"poires\",\"idxP\":11},{\"mq\":\"Gruo\",\"nm\":\"Gruau pomme cannelle\",\"nme\":\"Apple Cinnamon Oatmeal\",\"attr\":\"\",\"sku\":\"12519\",\"l2\":\"C\u00E9r\u00E9ales et barre\",\"sl\":\"gruau-pomme-cannelle-12519\",\"sn\":\"apples, pommes\",\"idxP\":33},{\"mq\":\"Gruo\",\"nm\":\"Gruau pomme fraise\",\"nme\":\"Apple Strawberry Oatmeal\",\"attr\":\"\",\"sku\":\"12520\",\"l2\":\"C\u00E9r\u00E9ales et barre\",\"sl\":\"gruau-pomme-fraise-12520\",\"sn\":\"apples, fraises, pommes\",\"idxP\":33},{\"mq\":\"La Maison Orph\u00E9e\",\"nm\":\"Huile de noix de coco biologique d\u00E9sodoris\u00E9e\",\"nme\":\"Organic deodorized Coconut Oil\",\"attr\":\"\",\"sku\":\"12596\",\"l2\":\"Huile et vinaigre\",\"sl\":\"huile-de-noix-de-coco-biologique-desodorisee-12596\",\"sn\":\"biologique, bio, organic, organique\",\"idxP\":9},{\"mq\":\"Slush Puppie\",\"nm\":\"Base framboise 4L\",\"nme\":\"Raspberry Base 4L\",\"attr\":\"\",\"sku\":\"12626\",\"l2\":\"Bar laitier\",\"sl\":\"base-framboise-12626\",\"sn\":\"framboises\",\"idxP\":33},{\"mq\":\"Slush Puppie\",\"nm\":\"Base cerise 4 L\",\"nme\":\"Cherry Base 4 L\",\"attr\":\"\",\"sku\":\"12627\",\"l2\":\"Bar laitier\",\"sl\":\"base-cerise-12627\",\"sn\":\"\",\"idxP\":33},{\"mq\":\"Slush Puppie\",\"nm\":\"Base lime 4 L\",\"nme\":\"Lime Base 4 L\",\"attr\":\"\",\"sku\":\"12628\",\"l2\":\"Bar laitier\",\"sl\":\"base-lime-12628\",\"sn\":\"\",\"idxP\":33},{\"mq\":\"Slush Puppie\",\"nm\":\"Base melon d'eau\",\"nme\":\"Watermelon Base\",\"attr\":\"\",\"sku\":\"12629\",\"l2\":\"Bar laitier\",\"sl\":\"base-melon-deau-12629\",\"sn\":\"\",\"idxP\":33},{\"mq\":\"Rio\",\"nm\":\"Cornet gobelet #55\",\"nme\":\"Ice Cream Cone #55\",\"attr\":\"\",\"sku\":\"12637\",\"l2\":\"Bar laitier\",\"sl\":\"cornet-gobelet-55-12637\",\"sn\":\"\",\"idxP\":33},{\"mq\":\"Slush Puppie\",\"nm\":\"Base neutre\",\"nme\":\"Neutral Base\",\"attr\":\"\",\"sku\":\"12658\",\"l2\":\"Bar laitier\",\"sl\":\"base-neutre-12658\",\"sn\":\"\",\"idxP\":33},{\"mq\":\"Brands\",\"nm\":\"Bonbon partie de monstre g\u00E9latine\",\"nme\":\"Gummy Monster Parts\",\"attr\":\"\",\"sku\":\"12667\",\"l2\":\"Confiserie\",\"sl\":\"bonbon-partie-de-monstre-gelatine-12667\",\"sn\":\"\",\"idxP\":0},{\"mq\":\"Brands\",\"nm\":\"Bonbon moelleux s\u00FBr\",\"nme\":\"Sour Chewy Candy\",\"attr\":\"\",\"sku\":\"12668\",\"l2\":\"Confiserie\",\"sl\":\"bonbon-moelleux-sur-12668\",\"sn\":\"\",\"idxP\":0},{\"mq\":\"Lynch\",\"nm\":\"Sirop simple\",\"nme\":\"Simple Syrup\",\"attr\":\"\",\"sku\":\"12669\",\"l2\":\"Bar laitier\",\"sl\":\"sirop-simple-12669\",\"sn\":\"\",\"idxP\":0},{\"mq\":\"Lynch\",\"nm\":\"Sirop saveur fraise\",\"nme\":\"Strawberry Flavored Syrup\",\"attr\":\"\",\"sku\":\"12671\",\"l2\":\"Bar laitier\",\"sl\":\"sirop-saveur-fraise-12671\",\"sn\":\"fraises\",\"idxP\":0},{\"mq\":\"Freddo\",\"nm\":\"Chocolat fant\u00F4me vrac\",\"nme\":\"Bulk Ghost Chocolate\",\"attr\":\"\",\"sku\":\"12674\",\"l2\":\"Confiserie\",\"sl\":\"chocolat-fantome-vrac-12674\",\"sn\":\"\",\"idxP\":0},{\"mq\":\"Freddo\",\"nm\":\"Chocolat citrouille caramel\",\"nme\":\"Pumpkin Caramel Chocolate\",\"attr\":\"\",\"sku\":\"12675\",\"l2\":\"Confiserie\",\"sl\":\"chocolat-citrouille-caramel-12675\",\"sn\":\"\",\"idxP\":0},{\"mq\":\"Laura Secord\",\"nm\":\"Ensemble panier cadeau rouge\",\"nme\":\"Red Basket Gift Set\",\"attr\":\"\",\"sku\":\"12683\",\"l2\":\"Confiserie\",\"sl\":\"ensemble-panier-cadeau-rouge-12683\",\"sn\":\"\",\"idxP\":0},{\"mq\":\"Lindt\",\"nm\":\"Ensemble panier Le Gourmet\",\"nme\":\"Gourmet Basket Gift Set\",\"attr\":\"\",\"sku\":\"12684\",\"l2\":\"Confiserie\",\"sl\":\"ensemble-panier-le-gourmet-12684\",\"sn\":\"\",\"idxP\":0},{\"mq\":\"Delicia\",\"nm\":\"Huile d'olive extra vierge\",\"nme\":\"Extra Virgin Olive Oil\",\"attr\":\"\",\"sku\":\"37766\",\"l2\":\"Huile et vinaigre\",\"sl\":\"huile-dolive-extra-vierge-37766\",\"sn\":\"\",\"idxP\":33},{\"mq\":\"Querico\",\"nm\":\"Bonbon Halloween assortis\",\"nme\":\"Assorted Halloween Candy\",\"attr\":\"\",\"sku\":\"40461\",\"l2\":\"Confiserie\",\"sl\":\"bonbon-halloween-assortis-40461\",\"sn\":\"\",\"idxP\":0},{\"mq\":\"Delicia\",\"nm\":\"P\u00E2te de tomates\",\"nme\":\"Tomato Paste\",\"attr\":\"\",\"sku\":\"68386\",\"l2\":\"Tomate en conserve\",\"sl\":\"pate-de-tomates-68386\",\"sn\":\"tomates\",\"idxP\":33},{\"mq\":\"Delicia\",\"nm\":\"Tomates italiennes enti\u00E8res\",\"nme\":\"Whole Italian Tomatoes\",\"attr\":\"\",\"sku\":\"68387\",\"l2\":\"Tomate en conserve\",\"sl\":\"tomates-italiennes-entieres-68387\",\"sn\":\"tomates\",\"idxP\":33},{\"mq\":\"Brickstone\",\"nm\":\"Sauce duo BBQ asiatique\",\"nme\":\"BBQ Asian Sauce Duo\",\"attr\":\"\",\"sku\":\"68677\",\"l2\":\"Condiment\",\"sl\":\"sauce-duo-bbq-asiatique-68677\",\"sn\":\"\",\"idxP\":3},{\"mq\":\"Brickstone\",\"nm\":\"Sauce duo BBQ classique\",\"nme\":\"BBQ Classic Sauce Duo\",\"attr\":\"\",\"sku\":\"68678\",\"l2\":\"Condiment\",\"sl\":\"sauce-duo-bbq-classique-68678\",\"sn\":\"\",\"idxP\":3},{\"mq\":\"Brickstone\",\"nm\":\"Sauce duo teriyaki\",\"nme\":\"Teriyaki Sauce Duo\",\"attr\":\"\",\"sku\":\"68679\",\"l2\":\"Condiment\",\"sl\":\"sauce-duo-teriyaki-68679\",\"sn\":\"\",\"idxP\":4},{\"mq\":\"Brickstone\",\"nm\":\"Sauce duo steak poivre ail\",\"nme\":\"Pepper Garlic Steak Sauce Duo\",\"attr\":\"\",\"sku\":\"68682\",\"l2\":\"Condiment\",\"sl\":\"sauce-duo-steak-poivre-ail-68682\",\"sn\":\"\",\"idxP\":3},{\"mq\":\"Brickstone\",\"nm\":\"Sauce duo grillade savoureuse\",\"nme\":\"Smoky BBQ Sauce Duo\",\"attr\":\"\",\"sku\":\"68683\",\"l2\":\"Condiment\",\"sl\":\"sauce-duo-grillade-savoureuse-68683\",\"sn\":\"\",\"idxP\":4},{\"mq\":\"Brickstone\",\"nm\":\"Sauce duo General Tao\",\"nme\":\"General Tao Sauce Duo\",\"attr\":\"\",\"sku\":\"68684\",\"l2\":\"Condiment\",\"sl\":\"sauce-duo-general-tao-68684\",\"sn\":\"\",\"idxP\":3},{\"mq\":\"Smarties\",\"nm\":\"Garniture broy\u00E9e Smarties\",\"nme\":\"Crushed Smarties\",\"attr\":\"\",\"sku\":\"68724\",\"l2\":\"Bar laitier\",\"sl\":\"garniture-broyee-smarties-68724\",\"sn\":\"\",\"idxP\":0},{\"mq\":\"Coffee Crisp\",\"nm\":\"Garniture broy\u00E9e Coffee Crisp\",\"nme\":\"Crushed Coffee Crisp\",\"attr\":\"\",\"sku\":\"68725\",\"l2\":\"Bar laitier\",\"sl\":\"garniture-broyee-coffee-crisp-68725\",\"sn\":\"\",\"idxP\":0},{\"mq\":\"Kit Kat\",\"nm\":\"Garniture broy\u00E9e Kit Kat\",\"nme\":\"Crushed Kit Kat\",\"attr\":\"\",\"sku\":\"68726\",\"l2\":\"Bar laitier\",\"sl\":\"garniture-broyee-kit-kat-68726\",\"sn\":\"\",\"idxP\":0},{\"mq\":\"La Lich\u00E9e\",\"nm\":\"Caramel au beurre\",\"nme\":\"Butter Caramel\",\"attr\":\"\",\"sku\":\"12685\",\"l2\":\"Confiture et tartinade\",\"sl\":\"caramel-au-beurre-12685\",\"sn\":\"\",\"idxP\":0},{\"mq\":\"La Lich\u00E9e\",\"nm\":\"Caramel fleur de sel\",\"nme\":\"Salted Caramel\",\"attr\":\"\",\"sku\":\"12686\",\"l2\":\"Confiture et tartinade\",\"sl\":\"caramel-fleur-de-sel-12686\",\"sn\":\"\",\"idxP\":0},{\"mq\":\"Rio\",\"nm\":\"Cornet plat #59\",\"nme\":\"#59 Flat Ice Cream Cone\",\"attr\":\"\",\"sku\":\"12689\",\"l2\":\"Bar laitier\",\"sl\":\"cornet-plat-59-12689\",\"sn\":\"\",\"idxP\":0},{\"mq\":\"Rio\",\"nm\":\"Cornet sucr\u00E9 #52\",\"nme\":\"#52 Sweet Ice Cream Cone\",\"attr\":\"\",\"sku\":\"12690\",\"l2\":\"Bar laitier\",\"sl\":\"cornet-sucre-52-12690\",\"sn\":\"\",\"idxP\":0},{\"mq\":\"Rio\",\"nm\":\"Cornet conique #59\",\"nme\":\"#59 Conical Ice Cream Cone\",\"attr\":\"\",\"sku\":\"12691\",\"l2\":\"Bar laitier\",\"sl\":\"cornet-conique-59-12691\",\"sn\":\"\",\"idxP\":0},{\"mq\":\"Valli\",\"nm\":\"Vinaigre de vin rouge\",\"nme\":\"Red Wine Vinegar\",\"attr\":\"\",\"sku\":\"01193\",\"l2\":\"Huile et vinaigre\",\"sl\":\"vinaigre-de-vin-rouge-01193\",\"sn\":\"\",\"idxP\":0},{\"mq\":\"Caputo\",\"nm\":\"Farine pour p\u00E2tes\",\"nme\":\"Pasta Flour\",\"attr\":\"\",\"sku\":\"12701\",\"l2\":\"Farine, semoule et chapelure\",\"sl\":\"farine-pour-pates-12701\",\"sn\":\"\",\"idxP\":0},{\"mq\":\"Caputo\",\"nm\":\"Farine RED\",\"nme\":\"RED Flour\",\"attr\":\"\",\"sku\":\"12702\",\"l2\":\"Farine, semoule et chapelure\",\"sl\":\"farine-red-12702\",\"sn\":\"\",\"idxP\":0},{\"mq\":\"Caputo\",\"nm\":\"Farine 00\",\"nme\":\"00 Flour\",\"attr\":\"\",\"sku\":\"12703\",\"l2\":\"Farine, semoule et chapelure\",\"sl\":\"farine-00-12703\",\"sn\":\"\",\"idxP\":0},{\"mq\":\"Caputo\",\"nm\":\"Farine 00\",\"nme\":\"00 Flour\",\"attr\":\"\",\"sku\":\"12704\",\"l2\":\"Farine, semoule et chapelure\",\"sl\":\"farine-00-12704\",\"sn\":\"\",\"idxP\":0},{\"mq\":\"Banquet\",\"nm\":\"C\u00E9leri rave \u00E9minc\u00E9\",\"nme\":\"Celeriac Thin Sliced\",\"attr\":\"\",\"sku\":\"24790\",\"l2\":\"Marinade\",\"sl\":\"celeri-rave-emince-24790\",\"sn\":\"\",\"idxP\":0},{\"mq\":\"Caputo\",\"nm\":\"Farine pour pizza\",\"nme\":\"Pizza Flour\",\"attr\":\"\",\"sku\":\"12761\",\"l2\":\"Farine, semoule et chapelure\",\"sl\":\"farine-pour-pizza-12761\",\"sn\":\"\",\"idxP\":0},{\"mq\":\"Sticap\",\"nm\":\"P\u00E2te harissa\",\"nme\":\"Harissa Paste\",\"attr\":\"\",\"sku\":\"12782\",\"l2\":\"Condiment\",\"sl\":\"pate-harissa-12782\",\"sn\":\"\",\"idxP\":0},{\"mq\":\"Battistero\",\"nm\":\"Tronchetto cr\u00E8me chocolat\",\"nme\":\"Tronchetto chocolate cream\",\"attr\":\"\",\"sku\":\"12793\",\"l2\":\"Panettone\",\"sl\":\"tronchetto-creme-chocolat-12793\",\"sn\":\"\",\"idxP\":0},{\"mq\":\"Battistero\",\"nm\":\"Tronchetto cr\u00E8me caramel\",\"nme\":\"Tronchetto caramel cream\",\"attr\":\"\",\"sku\":\"12794\",\"l2\":\"Panettone\",\"sl\":\"tronchetto-creme-caramel-12794\",\"sn\":\"\",\"idxP\":0},{\"mq\":\"Scarpato\",\"nm\":\"Panettone chocolat dubai\",\"nme\":\"Dubai chocolate Panettone\",\"attr\":\"\",\"sku\":\"12802\",\"l2\":\"Panettone\",\"sl\":\"panettone-chocolat-dubai-12802\",\"sn\":\"\",\"idxP\":0},{\"mq\":\"Motta\",\"nm\":\"Panettone malaga\",\"nme\":\"Malaga panettone\",\"attr\":\"\",\"sku\":\"12805\",\"l2\":\"Panettone\",\"sl\":\"panettone-malaga-12805\",\"sn\":\"\",\"idxP\":0},{\"mq\":\"Sploosh\",\"nm\":\"Bonbons paquet vari\u00E9\",\"nme\":\"Mixed pack candy\",\"attr\":\"\",\"sku\":\"12806\",\"l2\":\"Confiserie\",\"sl\":\"bonbons-paquet-varie-12806\",\"sn\":\"\",\"idxP\":0},{\"mq\":\"Sploosh\",\"nm\":\"Bonbons framboise bleue\",\"nme\":\"Blue raspberry candy\",\"attr\":\"\",\"sku\":\"12807\",\"l2\":\"Confiserie\",\"sl\":\"bonbons-framboise-bleue-12807\",\"sn\":\"framboises\",\"idxP\":0},{\"mq\":\"Captain Galaxy\",\"nm\":\"Bonbon oeufs extraterrestres\",\"nme\":\"Alien eggs candy\",\"attr\":\"\",\"sku\":\"12808\",\"l2\":\"Confiserie\",\"sl\":\"bonbon-oeufs-extraterrestres-12808\",\"sn\":\"oeufs\",\"idxP\":0},{\"mq\":\"Captain Galaxy\",\"nm\":\"Bonbon fraises cosmiques\",\"nme\":\"Cosmic strawberries candy\",\"attr\":\"\",\"sku\":\"12810\",\"l2\":\"Confiserie\",\"sl\":\"bonbon-fraises-cosmiques-12810\",\"sn\":\"fraises\",\"idxP\":0},{\"mq\":\"Tacu\",\"nm\":\"Bonbon boulettes de viande\",\"nme\":\"Spaghetti meatballs candy\",\"attr\":\"\",\"sku\":\"12811\",\"l2\":\"Confiserie\",\"sl\":\"bonbon-boulettes-de-viande-12811\",\"sn\":\"\",\"idxP\":0},{\"mq\":\"Chocolat Habibi Dubai\",\"nm\":\"Chocolat au lait pistache kunafa\",\"nme\":\"Kunafa pistachio milk chocolate\",\"attr\":\"\",\"sku\":\"12820\",\"l2\":\"Confiserie\",\"sl\":\"chocolat-au-lait-pistache-kunafa-12820\",\"sn\":\"\",\"idxP\":0},{\"mq\":\"Chocolat Habibi Dubai\",\"nm\":\"Chocolat lotus caramel sal\u00E9\",\"nme\":\"salted caramel lotus chocolate\",\"attr\":\"\",\"sku\":\"12822\",\"l2\":\"Confiserie\",\"sl\":\"chocolat-lotus-caramel-sale-12822\",\"sn\":\"\",\"idxP\":0},{\"mq\":\"Freddo\",\"nm\":\"Chocolat P\u00E8re No\u00EBl creux\",\"nme\":\"Chocolate hollow santa claus\",\"attr\":\"\",\"sku\":\"12823\",\"l2\":\"Confiserie\",\"sl\":\"chocolat-pere-noel-creux-12823\",\"sn\":\"\",\"idxP\":0},{\"mq\":\"Freddo\",\"nm\":\"Chocolat P\u00E8re No\u00EBl creux\",\"nme\":\"Chocolate hollow santa claus\",\"attr\":\"\",\"sku\":\"12825\",\"l2\":\"Confiserie\",\"sl\":\"chocolat-pere-noel-creux-12825\",\"sn\":\"\",\"idxP\":0},{\"mq\":\"Freddo\",\"nm\":\"Bouch\u00E9es p\u00E8re no\u00EBl caramel\",\"nme\":\"Bite-size santas caramel\",\"attr\":\"\",\"sku\":\"12826\",\"l2\":\"Confiserie\",\"sl\":\"bouchees-pere-noel-caramel-12826\",\"sn\":\"\",\"idxP\":0},{\"mq\":\"Freddo\",\"nm\":\"Bouch\u00E9es p\u00E8re no\u00EBl chocolat au lait\",\"nme\":\"Bite-size santas milk chocolate\",\"attr\":\"\",\"sku\":\"12827\",\"l2\":\"Confiserie\",\"sl\":\"bouchees-pere-noel-chocolat-au-lait-12827\",\"sn\":\"\",\"idxP\":0},{\"mq\":\"Freddo\",\"nm\":\"Bouch\u00E9es p\u00E8re no\u00EBl chocolat noir 70%\",\"nme\":\"Bite-size santas 70% dark chocolate\",\"attr\":\"\",\"sku\":\"12828\",\"l2\":\"Confiserie\",\"sl\":\"bouchees-pere-noel-chocolat-noir-70-12828\",\"sn\":\"\",\"idxP\":0},{\"mq\":\"Di Stefano\",\"nm\":\"Panettone aux amandes siciliens\",\"nme\":\"Sicilian Almond Panettone\",\"attr\":\"\",\"sku\":\"12840\",\"l2\":\"Panettone\",\"sl\":\"panettone-aux-amandes-siciliens-12840\",\"sn\":\"amandes\",\"idxP\":0},{\"mq\":\"Di Stefano\",\"nm\":\"Panettone Classique Sicilien\",\"nme\":\"Classic Sicilian Panettone\",\"attr\":\"\",\"sku\":\"12841\",\"l2\":\"Panettone\",\"sl\":\"panettone-classique-sicilien-12841\",\"sn\":\"\",\"idxP\":0},{\"mq\":\"Di Stefano\",\"nm\":\"Panettone aux poires et au chocolat\",\"nme\":\"Pear Chocolate Panettone\",\"attr\":\"\",\"sku\":\"12842\",\"l2\":\"Panettone\",\"sl\":\"panettone-aux-poires-et-au-chocolat-12842\",\"sn\":\"poires\",\"idxP\":0},{\"mq\":\"Valentino\",\"nm\":\"Panettone raisin et zeste d'orange\",\"nme\":\"Raisin and orange zest panettone\",\"attr\":\"\",\"sku\":\"12845\",\"l2\":\"Panettone\",\"sl\":\"panettone-raisin-et-zeste-dorange-12845\",\"sn\":\"raisins\",\"idxP\":0},{\"mq\":\"Valentino\",\"nm\":\"Panettone cr\u00E8me de citron\",\"nme\":\"Lemon cream panettone\",\"attr\":\"\",\"sku\":\"12847\",\"l2\":\"Panettone\",\"sl\":\"panettone-creme-de-citron-12847\",\"sn\":\"citrons\",\"idxP\":0},{\"mq\":\"Valentino\",\"nm\":\"Pandoro\",\"nme\":\"Pandoro\",\"attr\":\"\",\"sku\":\"12848\",\"l2\":\"Panettone\",\"sl\":\"pandoro-12848\",\"sn\":\"\",\"idxP\":0},{\"mq\":\"Valentino\",\"nm\":\"Panettone cr\u00E8me de pistache\",\"nme\":\"Pistachio cream panettone\",\"attr\":\"\",\"sku\":\"12849\",\"l2\":\"Panettone\",\"sl\":\"panettone-creme-de-pistache-12849\",\"sn\":\"\",\"idxP\":0},{\"mq\":\"Valentino\",\"nm\":\"Panettone raisins et zeste d'orange SANS GLUTEN\",\"nme\":\"GLUTEN FREE raisin and orange zest panettone\",\"attr\":\"\",\"sku\":\"12855\",\"l2\":\"Panettone\",\"sl\":\"panettone-raisins-et-zeste-dorange-sans-gluten-12855\",\"sn\":\"raisins\",\"idxP\":0},{\"mq\":\"Valentino\",\"nm\":\"Panettone brisure de chocolat SANS GLUTEN\",\"nme\":\"GLUTEN FREE chocolate chip panettone\",\"attr\":\"\",\"sku\":\"12856\",\"l2\":\"Panettone\",\"sl\":\"panettone-brisure-de-chocolat-sans-gluten-12856\",\"sn\":\"\",\"idxP\":0},{\"mq\":\"Valentino\",\"nm\":\"Biscuits Biscottone Cacao\",\"nme\":\"Biscottone cocoa cookies\",\"attr\":\"\",\"sku\":\"12857\",\"l2\":\"Biscuit et craquelin\",\"sl\":\"biscuits-biscottone-cacao-12857\",\"sn\":\"\",\"idxP\":0},{\"mq\":\"Valentino\",\"nm\":\"Biscuits Biscottone au lait\",\"nme\":\"Biscottone milk cookies\",\"attr\":\"\",\"sku\":\"12858\",\"l2\":\"Biscuit et craquelin\",\"sl\":\"biscuits-biscottone-au-lait-12858\",\"sn\":\"\",\"idxP\":0},{\"mq\":\"Bauli\",\"nm\":\"Pandoro \u00E0 la cr\u00E8me Baileys\",\"nme\":\"Baileys Cream Pandoro\",\"attr\":\"\",\"sku\":\"28272\",\"l2\":\"Panettone\",\"sl\":\"pandoro-a-la-creme-baileys-28272\",\"sn\":\"\",\"idxP\":0},{\"mq\":\"Valentino\",\"nm\":\"Panettone marron glac\u00E9\",\"nme\":\"Glazed Chestnut Panettone\",\"attr\":\"\",\"sku\":\"12844\",\"l2\":\"Panettone\",\"sl\":\"panettone-marron-glace-12844\",\"sn\":\"\",\"idxP\":0},{\"mq\":\"Scarpato\",\"nm\":\"Panettone marron glac\u00E9\",\"nme\":\"Glazed Chestnut Panettone\",\"attr\":\"\",\"sku\":\"12861\",\"l2\":\"Panettone\",\"sl\":\"panettone-marron-glace-12861\",\"sn\":\"\",\"idxP\":0},{\"mq\":\"Scarpato\",\"nm\":\"Panettone chocolat S\u00E3o Tom\u00E9\",\"nme\":\"S\u00E3o tom\u00E9 Chocolate Panettone\",\"attr\":\"\",\"sku\":\"12862\",\"l2\":\"Panettone\",\"sl\":\"panettone-chocolat-sao-tome-12862\",\"sn\":\"\",\"idxP\":0},{\"mq\":\"Valentino\",\"nm\":\"Pandoro\",\"nme\":\"Pandoro\",\"attr\":\"\",\"sku\":\"12867\",\"l2\":\"Panettone\",\"sl\":\"pandoro-12867\",\"sn\":\"\",\"idxP\":0},{\"mq\":\"Brine\",\"nm\":\"Cornichon sucr\u00E9\",\"nme\":\"Sweet Pickle\",\"attr\":\"\",\"sku\":\"12967\",\"l2\":\"Marinade\",\"sl\":\"cornichon-sucre-12967\",\"sn\":\"\",\"idxP\":0},{\"mq\":\"Brine\",\"nm\":\"Cornichon aneth croquant\",\"nme\":\"Cruchy Dill Pickle\",\"attr\":\"\",\"sku\":\"12968\",\"l2\":\"Marinade\",\"sl\":\"cornichon-aneth-croquant-12968\",\"sn\":\"\",\"idxP\":0},{\"mq\":\"Brine\",\"nm\":\"Cornichon aneth extra ail\",\"nme\":\"Extra Garlic Dill Pickle\",\"attr\":\"\",\"sku\":\"12969\",\"l2\":\"Marinade\",\"sl\":\"cornichon-aneth-extra-ail-12969\",\"sn\":\"\",\"idxP\":0},{\"mq\":\"Brine\",\"nm\":\"Betterave marin\u00E9e tranch\u00E9e\",\"nme\":\"Sliced Marinated Beet\",\"attr\":\"\",\"sku\":\"12970\",\"l2\":\"Marinade\",\"sl\":\"betterave-marinee-tranchee-12970\",\"sn\":\"\",\"idxP\":0},{\"mq\":\"Toundra\",\"nm\":\"Relish nordique\",\"nme\":\"Nordic Relish\",\"attr\":\"\",\"sku\":\"12971\",\"l2\":\"Condiment\",\"sl\":\"relish-nordique-12971\",\"sn\":\"\",\"idxP\":0},{\"mq\":\"Ferrara\",\"nm\":\"Bonbon Halloween assortis\",\"nme\":\"Assorted Halloween Candy\",\"attr\":\"\",\"sku\":\"12988\",\"l2\":\"Confiserie\",\"sl\":\"bonbon-halloween-assortis-12988\",\"sn\":\"\",\"idxP\":0},{\"mq\":\"Caprice\",\"nm\":\"Gaufrette roul\u00E9e noisette cacao\",\"nme\":\"Hazelnut Cocoa Wafer Roll\",\"attr\":\"\",\"sku\":\"12997\",\"l2\":\"Biscuit et craquelin\",\"sl\":\"gaufrette-roulee-noisette-cacao-12997\",\"sn\":\"\",\"idxP\":0},{\"mq\":\"Laura Secord\",\"nm\":\"Sucre \u00E0 la cr\u00E8me\",\"nme\":\"Butter Cream Fudge\",\"attr\":\"\",\"sku\":\"13000\",\"l2\":\"Confiserie\",\"sl\":\"sucre-a-la-creme-13000\",\"sn\":\"\",\"idxP\":0},{\"mq\":\"Laura Secord\",\"nm\":\"Fudge au chocolat\",\"nme\":\"Chocolate Fudge\",\"attr\":\"\",\"sku\":\"13001\",\"l2\":\"Confiserie\",\"sl\":\"fudge-au-chocolat-13001\",\"sn\":\"\",\"idxP\":0},{\"mq\":\"Vachon\",\"nm\":\"G\u00E2teau rosette\",\"nme\":\"Rosette Cake\",\"attr\":\"\",\"sku\":\"13041\",\"l2\":\"Biscuit et craquelin\",\"sl\":\"gateau-rosette-13041\",\"sn\":\"\",\"idxP\":0},{\"mq\":\"Vachon\",\"nm\":\"G\u00E2teau doigt de dame\",\"nme\":\"Lady Finger Cake\",\"attr\":\"\",\"sku\":\"13042\",\"l2\":\"Biscuit et craquelin\",\"sl\":\"gateau-doigt-de-dame-13042\",\"sn\":\"\",\"idxP\":0},{\"mq\":\"Vachon\",\"nm\":\"G\u00E2teau croquette\",\"nme\":\"Croquette Cake\",\"attr\":\"\",\"sku\":\"13043\",\"l2\":\"Biscuit et craquelin\",\"sl\":\"gateau-croquette-13043\",\"sn\":\"\",\"idxP\":0},{\"mq\":\"Vachon\",\"nm\":\"G\u00E2teau roul\u00E9 suisse\",\"nme\":\"Swiss Roll Cake\",\"attr\":\"\",\"sku\":\"13044\",\"l2\":\"Biscuit et craquelin\",\"sl\":\"gateau-roule-suisse-13044\",\"sn\":\"\",\"idxP\":0},{\"mq\":\"Young & Young\",\"nm\":\"Litchi dans sirop\",\"nme\":\"Lychee in Syrup\",\"attr\":\"\",\"sku\":\"13046\",\"l2\":\"Fruit en conserve\",\"sl\":\"litchi-dans-sirop-13046\",\"sn\":\"\",\"idxP\":0},{\"mq\":\"Cholula\",\"nm\":\"Sauce chipotle\",\"nme\":\"Chipotle Sauce\",\"attr\":\"\",\"sku\":\"13065\",\"l2\":\"Condiment\",\"sl\":\"sauce-chipotle-13065\",\"sn\":\"\",\"idxP\":0},{\"mq\":\"Cholula\",\"nm\":\"Sauce piquante originale\",\"nme\":\"Original Hot Sauce\",\"attr\":\"\",\"sku\":\"13066\",\"l2\":\"Condiment\",\"sl\":\"sauce-piquante-originale-13066\",\"sn\":\"\",\"idxP\":0},{\"mq\":\"Cholula\",\"nm\":\"Sauce extra forte\",\"nme\":\"Extra Hot Sauce\",\"attr\":\"\",\"sku\":\"13067\",\"l2\":\"Condiment\",\"sl\":\"sauce-extra-forte-13067\",\"sn\":\"\",\"idxP\":0},{\"mq\":\"Cholula\",\"nm\":\"Sauce piquante originale\",\"nme\":\"Original Hot Sauce\",\"attr\":\"\",\"sku\":\"13068\",\"l2\":\"Condiment\",\"sl\":\"sauce-piquante-originale-13068\",\"sn\":\"\",\"idxP\":0},{\"mq\":\"Viva\",\"nm\":\"Croustilles l\u00E9gumes BBQ rondelles\",\"nme\":\"BBQ Veggie Chips Rings\",\"attr\":\"\",\"sku\":\"13069\",\"l2\":\"Croustille et grignotine\",\"sl\":\"croustilles-legumes-bbq-rondelles-13069\",\"sn\":\"croustille\",\"idxP\":0},{\"mq\":\"Buldak\",\"nm\":\"Nouilles instant ramen carbonara\",\"nme\":\"Carbonara Instant Ramen\",\"attr\":\"\",\"sku\":\"13079\",\"l2\":\"Soupe et bouillon\",\"sl\":\"nouilles-instant-ramen-carbonara-13079\",\"sn\":\"\",\"idxP\":0},{\"mq\":\"Buldak\",\"nm\":\"Nouilles instant ramen cr\u00E8me carbonara\",\"nme\":\"Carbonara Cream Instant Ramen\",\"attr\":\"\",\"sku\":\"13080\",\"l2\":\"Soupe et bouillon\",\"sl\":\"nouilles-instant-ramen-creme-carbonara-13080\",\"sn\":\"\",\"idxP\":0},{\"mq\":\"Buldak\",\"nm\":\"Nouilles instant ramen poulet piquant fromage\",\"nme\":\"Spicy Chicken Cheese Instant Ramen\",\"attr\":\"\",\"sku\":\"13081\",\"l2\":\"Soupe et bouillon\",\"sl\":\"nouilles-instant-ramen-poulet-piquant-fromage-13081\",\"sn\":\"fromages\",\"idxP\":0},{\"mq\":\"Buldak\",\"nm\":\"Nouilles instant ramen poulet \u00E9pic\u00E9\",\"nme\":\"Spicy Chicken Instant Ramen\",\"attr\":\"\",\"sku\":\"13082\",\"l2\":\"Soupe et bouillon\",\"sl\":\"nouilles-instant-ramen-poulet-epice-13082\",\"sn\":\"\",\"idxP\":0},{\"mq\":\"Buldak\",\"nm\":\"Sauce \u00E9pic\u00E9e poulet\",\"nme\":\"Hot Chicken Sauce\",\"attr\":\"\",\"sku\":\"13084\",\"l2\":\"Soupe et bouillon\",\"sl\":\"sauce-epicee-poulet-13084\",\"sn\":\"\",\"idxP\":0},{\"mq\":\"Buldak\",\"nm\":\"Sauce \u00E9pic\u00E9e poulet extr\u00EAme\",\"nme\":\"Extreme Hot Chicken Sauce\",\"attr\":\"\",\"sku\":\"13085\",\"l2\":\"Soupe et bouillon\",\"sl\":\"sauce-epicee-poulet-extreme-13085\",\"sn\":\"\",\"idxP\":0},{\"mq\":\"Buldak\",\"nm\":\"Sauce \u00E9pic\u00E9e poulet carbonara\",\"nme\":\"Carbonara Hot Chicken Sauce\",\"attr\":\"\",\"sku\":\"13087\",\"l2\":\"Soupe et bouillon\",\"sl\":\"sauce-epicee-poulet-carbonara-13087\",\"sn\":\"\",\"idxP\":0},{\"mq\":\"Nongshim\",\"nm\":\"Nouilles instant kimchi 5 en 1\",\"nme\":\"5 in 1 Kimchi Instant Ramen\",\"attr\":\"\",\"sku\":\"13088\",\"l2\":\"Soupe et bouillon\",\"sl\":\"nouilles-instant-kimchi-5-en-1-13088\",\"sn\":\"\",\"idxP\":0},{\"mq\":\"Nongshim\",\"nm\":\"Nouilles instant neoguri udon 5 en 1\",\"nme\":\"5 in 1 Neoguri Udon Instant Ramen\",\"attr\":\"\",\"sku\":\"13090\",\"l2\":\"Soupe et bouillon\",\"sl\":\"nouilles-instant-neoguri-udon-5-en-1-13090\",\"sn\":\"\",\"idxP\":0},{\"mq\":\"Nongshim\",\"nm\":\"Nouilles instant shin 5 en 1\",\"nme\":\"5 in 1 Shin Instant Ramen\",\"attr\":\"\",\"sku\":\"13092\",\"l2\":\"Soupe et bouillon\",\"sl\":\"nouilles-instant-shin-5-en-1-13092\",\"sn\":\"\",\"idxP\":0},{\"mq\":\"Nissin\",\"nm\":\"Nouilles instant boeuf\",\"nme\":\"Beef Cup Noodle\",\"attr\":\"\",\"sku\":\"13095\",\"l2\":\"Soupe et bouillon\",\"sl\":\"nouilles-instant-boeuf-13095\",\"sn\":\"oeufs\",\"idxP\":0},{\"mq\":\"Nissin\",\"nm\":\"Nouilles instant poulet\",\"nme\":\"Chicken Cup Noodle\",\"attr\":\"\",\"sku\":\"13096\",\"l2\":\"Soupe et bouillon\",\"sl\":\"nouilles-instant-poulet-13096\",\"sn\":\"\",\"idxP\":0},{\"nm\":\"Panier cadeau panettone Sofia\",\"nme\":\"Sofia Panettone Gift Basket\",\"attr\":\"\",\"sku\":\"13105\",\"l2\":\"Panettone\",\"sl\":\"panier-cadeau-panettone-sofia-13105\",\"sn\":\"\",\"idxP\":0},{\"nm\":\"Panier cadeau panettone Tortino\",\"nme\":\"Tortino Panettone Gift Basket\",\"attr\":\"\",\"sku\":\"13107\",\"l2\":\"Panettone\",\"sl\":\"panier-cadeau-panettone-tortino-13107\",\"sn\":\"\",\"idxP\":0},{\"nm\":\"Panier cadeau panettone Contea\",\"nme\":\"Contea Panettone Gift Basket\",\"attr\":\"\",\"sku\":\"13108\",\"l2\":\"Panettone\",\"sl\":\"panier-cadeau-panettone-contea-13108\",\"sn\":\"\",\"idxP\":0},{\"mq\":\"Brine\",\"nm\":\"Cornichon sucr\u00E9 \u00E9pic\u00E9\",\"nme\":\"Sweet and Spicy Pickle\",\"attr\":\"\",\"sku\":\"13114\",\"l2\":\"Marinade\",\"sl\":\"cornichon-sucre-epice-13114\",\"sn\":\"\",\"idxP\":0},{\"mq\":\"Casa Das Tias\",\"nm\":\"Sauce piri piri\",\"nme\":\"Piri Piri Sauce\",\"attr\":\"\",\"sku\":\"13126\",\"l2\":\"Condiment\",\"sl\":\"sauce-piri-piri-13126\",\"sn\":\"\",\"idxP\":0},{\"mq\":\"Milano\",\"nm\":\"Biscuit doigt de dame g\u00E9ant chocolat\",\"nme\":\"Chocolate Giant Lady Finger Cookie\",\"attr\":\"\",\"sku\":\"13135\",\"l2\":\"Biscuit et craquelin\",\"sl\":\"biscuit-doigt-de-dame-geant-chocolat-13135\",\"sn\":\"\",\"idxP\":0},{\"mq\":\"Milano\",\"nm\":\"Biscuit doigt de dame g\u00E9ant\",\"nme\":\"Giant Lady Finger Cookie\",\"attr\":\"\",\"sku\":\"13136\",\"l2\":\"Biscuit et craquelin\",\"sl\":\"biscuit-doigt-de-dame-geant-13136\",\"sn\":\"\",\"idxP\":0},{\"mq\":\"Windsor\",\"nm\":\"Sel gros \u00E0 marinade\",\"nme\":\"Coarse Pickling Salt\",\"attr\":\"\",\"sku\":\"13156\",\"l2\":\"\u00C9pice, sel et poivre\",\"sl\":\"sel-gros-a-marinade-13156\",\"sn\":\"\",\"idxP\":0},{\"mq\":\"Donata\",\"nm\":\"Sauce tomate Basilico\",\"nme\":\"Basilico Tomato Sauce\",\"attr\":\"\",\"sku\":\"13163\",\"l2\":\"Sauce\",\"sl\":\"sauce-tomate-basilico-13163\",\"sn\":\"tomates\",\"idxP\":0},{\"mq\":\"Donata\",\"nm\":\"Sauce tomate Puttanesca\",\"nme\":\"Puttanesca Tomato Sauce\",\"attr\":\"\",\"sku\":\"13164\",\"l2\":\"Sauce\",\"sl\":\"sauce-tomate-puttanesca-13164\",\"sn\":\"tomates\",\"idxP\":0},{\"mq\":\"Tarall'oro\",\"nm\":\"Cadeau No\u00EBl valigetta hexagonale\",\"nme\":\"Hexagonal Valigetta Christmas Gift\",\"attr\":\"\",\"sku\":\"13180\",\"l2\":\"Autre\",\"sl\":\"cadeau-noel-valigetta-hexagonale-13180\",\"sn\":\"\",\"idxP\":0},{\"mq\":\"La Lich\u00E9e\",\"nm\":\"Caramel \u00E0 l'\u00E9rable\",\"nme\":\"Maple Caramel\",\"attr\":\"\",\"sku\":\"13193\",\"l2\":\"Confiture et tartinade\",\"sl\":\"caramel-a-lerable-13193\",\"sn\":\"\",\"idxP\":0},{\"mq\":\"Elephant\",\"nm\":\"Bretzel s\u00E9same noir & blanc\",\"nme\":\"Black & White Sesame Pretzel\",\"attr\":\"\",\"sku\":\"13205\",\"l2\":\"Croustille et grignotine\",\"sl\":\"bretzel-sesame-noir-blanc-13205\",\"sn\":\"\",\"idxP\":0},{\"mq\":\"Elephant\",\"nm\":\"Bretzel sel de mer\",\"nme\":\"Sea Salt Pretzel\",\"attr\":\"\",\"sku\":\"13206\",\"l2\":\"Croustille et grignotine\",\"sl\":\"bretzel-sel-de-mer-13206\",\"sn\":\"\",\"idxP\":0},{\"mq\":\"Elephant\",\"nm\":\"Bretzel tomates & herbes\",\"nme\":\"Tomato & Herb Pretzel\",\"attr\":\"\",\"sku\":\"13207\",\"l2\":\"Croustille et grignotine\",\"sl\":\"bretzel-tomates-herbes-13207\",\"sn\":\"tomates\",\"idxP\":0},{\"mq\":\"Villa Toscane\",\"nm\":\"Huile de grignon d'olive\",\"nme\":\"Pomace Olive Oil\",\"attr\":\"\",\"sku\":\"13210\",\"l2\":\"Huile et vinaigre\",\"sl\":\"huile-de-grignon-dolive-13210\",\"sn\":\"\",\"idxP\":0},{\"mq\":\"Reginelli\",\"nm\":\"Huile canola avec huile d'olive extra vierge\",\"nme\":\"Canola Oil with Extra Virgin Olive Oil\",\"attr\":\"\",\"sku\":\"13211\",\"l2\":\"Huile et vinaigre\",\"sl\":\"huile-canola-avec-huile-dolive-extra-vierge-13211\",\"sn\":\"\",\"idxP\":0},{\"mq\":\"Costa\",\"nm\":\"Cr\u00E8me pistache sucr\u00E9e 20%\",\"nme\":\"20% Sweet Pistachio Cream\",\"attr\":\"\",\"sku\":\"13250\",\"l2\":\"Confiture et tartinade\",\"sl\":\"creme-pistache-sucree-20-13250\",\"sn\":\"\",\"idxP\":0},{\"mq\":\"Costa\",\"nm\":\"Cr\u00E8me pistache sucr\u00E9e\",\"nme\":\"Sweet Pistachio Cream\",\"attr\":\"\",\"sku\":\"13251\",\"l2\":\"Confiture et tartinade\",\"sl\":\"creme-pistache-sucree-13251\",\"sn\":\"\",\"idxP\":0},{\"mq\":\"Brine\",\"nm\":\"Piments bananes forts tranch\u00E9s\",\"nme\":\"Sliced Hot Banana Pepper\",\"attr\":\"\",\"sku\":\"13257\",\"l2\":\"Marinade\",\"sl\":\"piments-bananes-forts-tranches-13257\",\"sn\":\"ananas, bananes, piments\",\"idxP\":0},{\"mq\":\"Deci\",\"nm\":\"Panier No\u00EBl petit\",\"nme\":\"Small Christmas Basket\",\"attr\":\"\",\"sku\":\"13295\",\"l2\":\"Autre\",\"sl\":\"panier-noel-petit-13295\",\"sn\":\"\",\"idxP\":0},{\"mq\":\"Lion\",\"nm\":\"Vinaigre blanc 5%\",\"nme\":\"5% White Vinegar\",\"attr\":\"\",\"sku\":\"13361\",\"l2\":\"Huile et vinaigre\",\"sl\":\"vinaigre-blanc-5-13361\",\"sn\":\"\",\"idxP\":0},{\"mq\":\"Mechaalany\",\"nm\":\"Navet marin\u00E9\",\"nme\":\"Pickled Turnip\",\"attr\":\"\",\"sku\":\"13367\",\"l2\":\"Marinade\",\"sl\":\"navet-marine-13367\",\"sn\":\"\",\"idxP\":0},{\"mq\":\"Alkanater\",\"nm\":\"Tahini\",\"nme\":\"Tahini\",\"attr\":\"\",\"sku\":\"13368\",\"l2\":\"Condiment\",\"sl\":\"tahini-13368\",\"sn\":\"\",\"idxP\":0},{\"mq\":\"Choconutta\",\"nm\":\"Tartinade chocolat noisette\",\"nme\":\"Chocolate Hazelnut Spread\",\"attr\":\"\",\"sku\":\"13547\",\"l2\":\"Confiture et tartinade\",\"sl\":\"tartinade-chocolat-noisette-13547\",\"sn\":\"\",\"idxP\":0},{\"mq\":\"Little John\",\"nm\":\"Gruau cuisson rapide\",\"nme\":\"Quick Oats\",\"attr\":\"\",\"sku\":\"13551\",\"l2\":\"C\u00E9r\u00E9ales et barre\",\"sl\":\"gruau-cuisson-rapide-13551\",\"sn\":\"\",\"idxP\":0},{\"mq\":\"Little John\",\"nm\":\"Gruau cuisson rapide\",\"nme\":\"Quick Oats\",\"attr\":\"\",\"sku\":\"13552\",\"l2\":\"C\u00E9r\u00E9ales et barre\",\"sl\":\"gruau-cuisson-rapide-13552\",\"sn\":\"\",\"idxP\":0},{\"mq\":\"Twizzler\",\"nm\":\"Bonbon r\u00E9glisse fraise\",\"nme\":\"Strawberry Licorice Candy\",\"attr\":\"\",\"sku\":\"13553\",\"l2\":\"Confiserie\",\"sl\":\"bonbon-reglisse-fraise-13553\",\"sn\":\"fraises\",\"idxP\":4},{\"mq\":\"Italpasta\",\"nm\":\"P\u00E2tes capellini\",\"nme\":\"Capellini Pasta\",\"attr\":\"\",\"sku\":\"13554\",\"l2\":\"P\u00E2tes\",\"sl\":\"pates-capellini-13554\",\"sn\":\"\",\"idxP\":0},{\"mq\":\"Italpasta\",\"nm\":\"P\u00E2tes bucatini\",\"nme\":\"Bucatini Pasta\",\"attr\":\"\",\"sku\":\"13555\",\"l2\":\"P\u00E2tes\",\"sl\":\"pates-bucatini-13555\",\"sn\":\"\",\"idxP\":0},{\"mq\":\"Italpasta\",\"nm\":\"P\u00E2tes petites coquillettes\",\"nme\":\"Small Shell Pasta\",\"attr\":\"\",\"sku\":\"13559\",\"l2\":\"P\u00E2tes\",\"sl\":\"pates-petites-coquillettes-13559\",\"sn\":\"\",\"idxP\":0},{\"mq\":\"Italpasta\",\"nm\":\"P\u00E2tes orzo\",\"nme\":\"Orzo Pasta\",\"attr\":\"\",\"sku\":\"13564\",\"l2\":\"P\u00E2tes\",\"sl\":\"pates-orzo-13564\",\"sn\":\"\",\"idxP\":0},{\"mq\":\"Italpasta\",\"nm\":\"P\u00E2tes acini di pepe\",\"nme\":\"Acini Di Pepe Pasta\",\"attr\":\"\",\"sku\":\"13566\",\"l2\":\"P\u00E2tes\",\"sl\":\"pates-acini-di-pepe-13566\",\"sn\":\"\",\"idxP\":0},{\"mq\":\"Italpasta\",\"nm\":\"P\u00E2tes pennine rigate\",\"nme\":\"Pennine Rigate Pasta\",\"attr\":\"\",\"sku\":\"13568\",\"l2\":\"P\u00E2tes\",\"sl\":\"pates-pennine-rigate-13568\",\"sn\":\"\",\"idxP\":0},{\"mq\":\"Italpasta\",\"nm\":\"P\u00E2tes bocconcini\",\"nme\":\"Bocconcini Pasta\",\"attr\":\"\",\"sku\":\"13573\",\"l2\":\"P\u00E2tes\",\"sl\":\"pates-bocconcini-13573\",\"sn\":\"boconccini\",\"idxP\":0},{\"mq\":\"Italpasta\",\"nm\":\"P\u00E2tes coudes\",\"nme\":\"Elbow Pasta\",\"attr\":\"\",\"sku\":\"13575\",\"l2\":\"P\u00E2tes\",\"sl\":\"pates-coudes-13575\",\"sn\":\"\",\"idxP\":0},{\"mq\":\"Italpasta\",\"nm\":\"P\u00E2tes spaghetti\",\"nme\":\"Spaghetti Pasta\",\"attr\":\"\",\"sku\":\"13576\",\"l2\":\"P\u00E2tes\",\"sl\":\"pates-spaghetti-13576\",\"sn\":\"\",\"idxP\":0},{\"mq\":\"Italpasta\",\"nm\":\"P\u00E2tes spaghettini\",\"nme\":\"Spaghettini Pasta\",\"attr\":\"\",\"sku\":\"13577\",\"l2\":\"P\u00E2tes\",\"sl\":\"pates-spaghettini-13577\",\"sn\":\"\",\"idxP\":0},{\"mq\":\"Italpasta\",\"nm\":\"P\u00E2tes spaghetti sans gluten\",\"nme\":\"Gluten-Free Spaghetti Pasta\",\"attr\":\"\",\"sku\":\"13578\",\"l2\":\"P\u00E2tes\",\"sl\":\"pates-spaghetti-sans-gluten-13578\",\"sn\":\"\",\"idxP\":0},{\"mq\":\"Italpasta\",\"nm\":\"P\u00E2tes rigate sans gluten\",\"nme\":\"Gluten-Free Rigate Pasta\",\"attr\":\"\",\"sku\":\"13581\",\"l2\":\"P\u00E2tes\",\"sl\":\"pates-rigate-sans-gluten-13581\",\"sn\":\"\",\"idxP\":0},{\"mq\":\"Italpasta\",\"nm\":\"P\u00E2tes fusili sans gluten\",\"nme\":\"Gluten-Free Fusili Pasta\",\"attr\":\"\",\"sku\":\"13583\",\"l2\":\"P\u00E2tes\",\"sl\":\"pates-fusili-sans-gluten-13583\",\"sn\":\"\",\"idxP\":0},{\"mq\":\"Italpasta\",\"nm\":\"P\u00E2tes lasagne sans gluten\",\"nme\":\"Gluten-Free Lasagna Pasta\",\"attr\":\"\",\"sku\":\"13584\",\"l2\":\"P\u00E2tes\",\"sl\":\"pates-lasagne-sans-gluten-13584\",\"sn\":\"\",\"idxP\":0},{\"mq\":\"Italpasta\",\"nm\":\"P\u00E2tes vermicelli\",\"nme\":\"Vermicelli Pasta\",\"attr\":\"\",\"sku\":\"37474\",\"l2\":\"P\u00E2tes\",\"sl\":\"pates-vermicelli-37474\",\"sn\":\"\",\"idxP\":0},{\"mq\":\"Italpasta\",\"nm\":\"P\u00E2tes fettucine\",\"nme\":\"Fettucine Pasta\",\"attr\":\"\",\"sku\":\"37475\",\"l2\":\"P\u00E2tes\",\"sl\":\"pates-fettucine-37475\",\"sn\":\"\",\"idxP\":0},{\"mq\":\"Italpasta\",\"nm\":\"P\u00E2tes scoobi do\",\"nme\":\"Scoobi Do Pasta\",\"attr\":\"\",\"sku\":\"01131\",\"l2\":\"P\u00E2tes\",\"sl\":\"pates-scoobi-do-01131\",\"sn\":\"\",\"idxP\":0},{\"mq\":\"Italpasta\",\"nm\":\"P\u00E2tes spaghetti\",\"nme\":\"Spaghetti Pasta\",\"attr\":\"\",\"sku\":\"03455\",\"l2\":\"P\u00E2tes\",\"sl\":\"pates-spaghetti-03455\",\"sn\":\"\",\"idxP\":0},{\"mq\":\"Italpasta\",\"nm\":\"P\u00E2tes fettuccine\",\"nme\":\"Fettuccine Pasta\",\"attr\":\"\",\"sku\":\"03456\",\"l2\":\"P\u00E2tes\",\"sl\":\"pates-fettuccine-03456\",\"sn\":\"\",\"idxP\":0},{\"mq\":\"Italpasta\",\"nm\":\"P\u00E2tes spaghettini\",\"nme\":\"Spaghettini Pasta\",\"attr\":\"\",\"sku\":\"03457\",\"l2\":\"P\u00E2tes\",\"sl\":\"pates-spaghettini-03457\",\"sn\":\"\",\"idxP\":0},{\"mq\":\"Italpasta\",\"nm\":\"P\u00E2tes penne lisce\",\"nme\":\"Penne Lisce Pasta\",\"attr\":\"\",\"sku\":\"06786\",\"l2\":\"P\u00E2tes\",\"sl\":\"pates-penne-lisce-06786\",\"sn\":\"\",\"idxP\":0},{\"mq\":\"Italpasta\",\"nm\":\"P\u00E2tes fusili\",\"nme\":\"Fusili Pasta\",\"attr\":\"\",\"sku\":\"35129\",\"l2\":\"P\u00E2tes\",\"sl\":\"pates-fusili-35129\",\"sn\":\"\",\"idxP\":0},{\"mq\":\"Italpasta\",\"nm\":\"P\u00E2tes rigatoni\",\"nme\":\"Rigatoni Pasta\",\"attr\":\"\",\"sku\":\"37472\",\"l2\":\"P\u00E2tes\",\"sl\":\"pates-rigatoni-37472\",\"sn\":\"\",\"idxP\":0},{\"mq\":\"Italpasta\",\"nm\":\"P\u00E2tes fusili\",\"nme\":\"Fusili Pasta\",\"attr\":\"\",\"sku\":\"42982\",\"l2\":\"P\u00E2tes\",\"sl\":\"pates-fusili-42982\",\"sn\":\"\",\"idxP\":0},{\"mq\":\"Italpasta\",\"nm\":\"P\u00E2tes lasagne pr\u00EAte au four\",\"nme\":\"Oven Ready Lasagna Pasta\",\"attr\":\"\",\"sku\":\"42983\",\"l2\":\"P\u00E2tes\",\"sl\":\"pates-lasagne-prete-au-four-42983\",\"sn\":\"\",\"idxP\":0},{\"mq\":\"Italpasta\",\"nm\":\"P\u00E2tes penne rigate\",\"nme\":\"Penne Rigate Pasta\",\"attr\":\"\",\"sku\":\"48742\",\"l2\":\"P\u00E2tes\",\"sl\":\"pates-penne-rigate-48742\",\"sn\":\"\",\"idxP\":0},{\"mq\":\"Italpasta\",\"nm\":\"P\u00E2tes rotini\",\"nme\":\"Rotini Pasta\",\"attr\":\"\",\"sku\":\"48743\",\"l2\":\"P\u00E2tes\",\"sl\":\"pates-rotini-48743\",\"sn\":\"\",\"idxP\":0},{\"mq\":\"Italpasta\",\"nm\":\"P\u00E2tes coude\",\"nme\":\"Elbow Pasta\",\"attr\":\"\",\"sku\":\"48856\",\"l2\":\"P\u00E2tes\",\"sl\":\"pates-coude-48856\",\"sn\":\"\",\"idxP\":0},{\"mq\":\"Italpasta\",\"nm\":\"P\u00E2tes coquillettes\",\"nme\":\"Shell Pasta\",\"attr\":\"\",\"sku\":\"13640\",\"l2\":\"P\u00E2tes\",\"sl\":\"pates-coquillettes-13640\",\"sn\":\"\",\"idxP\":0},{\"mq\":\"Orville\",\"nm\":\"Popcorn au beurre\",\"nme\":\"Buttery Popcorn\",\"attr\":\"\",\"sku\":\"13641\",\"l2\":\"Croustille et grignotine\",\"sl\":\"popcorn-au-beurre-13641\",\"sn\":\"\",\"idxP\":0},{\"mq\":\"Banquet\",\"nm\":\"Betteraves tranch\u00E9es\",\"nme\":\"Sliced Red Beets\",\"attr\":\"\",\"sku\":\"11361\",\"l2\":\"L\u00E9gume en conserve\",\"sl\":\"betteraves-tranchees-11361\",\"sn\":\"\",\"idxP\":0},{\"mq\":\"Banquet\",\"nm\":\"Betteraves en d\u00E9s\",\"nme\":\"Diced Beets\",\"attr\":\"\",\"sku\":\"13673\",\"l2\":\"L\u00E9gume en conserve\",\"sl\":\"betteraves-en-des-13673\",\"sn\":\"\",\"idxP\":0},{\"mq\":\"Banquet\",\"nm\":\"Pommes de terre blanches tranch\u00E9es\",\"nme\":\"Sliced White Potatoes\",\"attr\":\"\",\"sku\":\"13678\",\"l2\":\"L\u00E9gume en conserve\",\"sl\":\"pommes-de-terre-blanches-tranchees-13678\",\"sn\":\"pommes\",\"idxP\":0},{\"mq\":\"Banquet\",\"nm\":\"Pommes de terre blanches enti\u00E8res\",\"nme\":\"Whole White Potatoes\",\"attr\":\"\",\"sku\":\"13679\",\"l2\":\"L\u00E9gume en conserve\",\"sl\":\"pommes-de-terre-blanches-entieres-13679\",\"sn\":\"pommes\",\"idxP\":0},{\"mq\":\"Banquet\",\"nm\":\"Ma\u00EFs \u00E9pis miniatures\",\"nme\":\"Whole Baby Corn\",\"attr\":\"\",\"sku\":\"13684\",\"l2\":\"L\u00E9gume en conserve\",\"sl\":\"mais-epis-miniatures-13684\",\"sn\":\"\",\"idxP\":0},{\"mq\":\"Tropic\",\"nm\":\"Cocktail fruits sirop l\u00E9ger\",\"nme\":\"Fruit Cocktail in Light Syrup\",\"attr\":\"\",\"sku\":\"13685\",\"l2\":\"Fruit en conserve\",\"sl\":\"cocktail-fruits-sirop-leger-13685\",\"sn\":\"\",\"idxP\":0},{\"mq\":\"Banquet\",\"nm\":\"Champignons pieds et morceaux\",\"nme\":\"Mushroom Stems and Pieces\",\"attr\":\"\",\"sku\":\"13686\",\"l2\":\"L\u00E9gume en conserve\",\"sl\":\"champignons-pieds-et-morceaux-13686\",\"sn\":\"\",\"idxP\":0},{\"mq\":\"Moulin-Charlevoix\",\"nm\":\"Farine bl\u00E9 Tradition\",\"nme\":\"Tradition Wheat Flour\",\"attr\":\"\",\"sku\":\"13690\",\"l2\":\"Farine, semoule et chapelure\",\"sl\":\"farine-ble-tradition-13690\",\"sn\":\"\",\"idxP\":0},{\"mq\":\"Moulin-Charlevoix\",\"nm\":\"Farine bl\u00E9 Cr\u00E8me\",\"nme\":\"Cream Wheat Flour\",\"attr\":\"\",\"sku\":\"13691\",\"l2\":\"Farine, semoule et chapelure\",\"sl\":\"farine-ble-creme-13691\",\"sn\":\"\",\"idxP\":0},{\"mq\":\"Moulin-Charlevoix\",\"nm\":\"Farine Belle Meuni\u00E8re\",\"nme\":\"Belle Meuni\u00E8re Flour\",\"attr\":\"\",\"sku\":\"13694\",\"l2\":\"Farine, semoule et chapelure\",\"sl\":\"farine-belle-meuniere-13694\",\"sn\":\"\",\"idxP\":0},{\"mq\":\"Moulin-Charlevoix\",\"nm\":\"Farine T65\",\"nme\":\"T65 Flour\",\"attr\":\"\",\"sku\":\"13695\",\"l2\":\"Farine, semoule et chapelure\",\"sl\":\"farine-t65-13695\",\"sn\":\"\",\"idxP\":0},{\"mq\":\"D\u00E9lices de la For\u00EAt\",\"nm\":\"Semoule de bl\u00E9 durum\",\"nme\":\"Durum Wheat Semolina\",\"attr\":\"\",\"sku\":\"13708\",\"l2\":\"Riz et grain\",\"sl\":\"semoule-de-ble-durum-13708\",\"sn\":\"moules\",\"idxP\":0},{\"mq\":\"R.Fortin\",\"nm\":\"Semoule de bl\u00E9 gros grain\",\"nme\":\"Coarse Grain Wheat Semolina\",\"attr\":\"\",\"sku\":\"13710\",\"l2\":\"Riz et grain\",\"sl\":\"semoule-de-ble-gros-grain-13710\",\"sn\":\"moules\",\"idxP\":0},{\"mq\":\"R.Fortin\",\"nm\":\"Ma\u00EFs granul\u00E9 #400\",\"nme\":\"#400 Corn Grits\",\"attr\":\"\",\"sku\":\"13713\",\"l2\":\"Riz et grain\",\"sl\":\"mais-granule-400-13713\",\"sn\":\"\",\"idxP\":0},{\"mq\":\"R.Fortin\",\"nm\":\"Farine de seigle fonc\u00E9e\",\"nme\":\"Dark Rye Flour\",\"attr\":\"\",\"sku\":\"13726\",\"l2\":\"Farine, semoule et chapelure\",\"sl\":\"farine-de-seigle-foncee-13726\",\"sn\":\"\",\"idxP\":0},{\"mq\":\"R.Fortin\",\"nm\":\"Farine de sarrasin\",\"nme\":\"Buckwheat Flour\",\"attr\":\"\",\"sku\":\"13728\",\"l2\":\"Farine, semoule et chapelure\",\"sl\":\"farine-de-sarrasin-13728\",\"sn\":\"\",\"idxP\":0},{\"mq\":\"R.Fortin\",\"nm\":\"F\u00E8ves blanches\",\"nme\":\"White Navy Beans\",\"attr\":\"\",\"sku\":\"13736\",\"l2\":\"Riz et grain\",\"sl\":\"feves-blanches-13736\",\"sn\":\"\",\"idxP\":0},{\"mq\":\"R.Fortin\",\"nm\":\"F\u00E8ves blanches\",\"nme\":\"White Navy Beans\",\"attr\":\"\",\"sku\":\"13737\",\"l2\":\"Riz et grain\",\"sl\":\"feves-blanches-13737\",\"sn\":\"\",\"idxP\":0},{\"mq\":\"R.Fortin\",\"nm\":\"F\u00E8ves rouge p\u00E2le\",\"nme\":\"Light Red Beans\",\"attr\":\"\",\"sku\":\"13739\",\"l2\":\"Riz et grain\",\"sl\":\"feves-rouge-pale-13739\",\"sn\":\"\",\"idxP\":0},{\"mq\":\"R.Fortin\",\"nm\":\"Lentilles brunes\",\"nme\":\"Brown Lentils\",\"attr\":\"\",\"sku\":\"13742\",\"l2\":\"Riz et grain\",\"sl\":\"lentilles-brunes-13742\",\"sn\":\"\",\"idxP\":0},{\"mq\":\"R.Fortin\",\"nm\":\"Pois chiches\",\"nme\":\"Chickpeas\",\"attr\":\"\",\"sku\":\"13743\",\"l2\":\"Riz et grain\",\"sl\":\"pois-chiches-13743\",\"sn\":\"\",\"idxP\":0},{\"mq\":\"R.Fortin\",\"nm\":\"Pois jaunes cass\u00E9s\",\"nme\":\"Yellow Split Peas\",\"attr\":\"\",\"sku\":\"13744\",\"l2\":\"Riz et grain\",\"sl\":\"pois-jaunes-casses-13744\",\"sn\":\"\",\"idxP\":0},{\"mq\":\"R.Fortin\",\"nm\":\"Pois verts cass\u00E9s\",\"nme\":\"Green Split Peas\",\"attr\":\"\",\"sku\":\"13745\",\"l2\":\"Riz et grain\",\"sl\":\"pois-verts-casses-13745\",\"sn\":\"\",\"idxP\":0},{\"mq\":\"Reginelli ou Villa Toscanella\",\"nm\":\"Huile d'olive extra vierge\",\"nme\":\"Extra Virgin Olive Oil\",\"attr\":\"\",\"sku\":\"13748\",\"l2\":\"Huile et vinaigre\",\"sl\":\"huile-dolive-extra-vierge-13748\",\"sn\":\"\",\"idxP\":0},{\"mq\":\"Old Dutch\",\"nm\":\"Croustilles assaisonn\u00E9es\",\"nme\":\"All Dressed Chips\",\"attr\":\"\",\"sku\":\"13914\",\"l2\":\"Croustille et grignotine\",\"sl\":\"croustilles-assaisonnees-13914\",\"sn\":\"croustille\",\"idxP\":0},{\"mq\":\"Old Dutch\",\"nm\":\"Croustilles ketchup\",\"nme\":\"Ketchup Chips\",\"attr\":\"\",\"sku\":\"13919\",\"l2\":\"Croustille et grignotine\",\"sl\":\"croustilles-ketchup-13919\",\"sn\":\"croustille\",\"idxP\":0},{\"mq\":\"Old Dutch\",\"nm\":\"Croustilles Rip-L cr\u00E8me s\u00FBre oignon vert\",\"nme\":\"Sour Cream Green Onion Rip-L Chips\",\"attr\":\"\",\"sku\":\"13920\",\"l2\":\"Croustille et grignotine\",\"sl\":\"croustilles-rip-l-creme-sure-oignon-vert-13920\",\"sn\":\"croustille, onions, oignons\",\"idxP\":0},{\"mq\":\"Old Dutch\",\"nm\":\"Croustilles Ridgies assaisonn\u00E9es\",\"nme\":\"All Dressed Ridgies Chips\",\"attr\":\"\",\"sku\":\"13921\",\"l2\":\"Croustille et grignotine\",\"sl\":\"croustilles-ridgies-assaisonnees-13921\",\"sn\":\"croustille\",\"idxP\":0},{\"mq\":\"Old Dutch\",\"nm\":\"Croustilles Ridgies ketchup\",\"nme\":\"Ketchup Ridgies Chips\",\"attr\":\"\",\"sku\":\"13922\",\"l2\":\"Croustille et grignotine\",\"sl\":\"croustilles-ridgies-ketchup-13922\",\"sn\":\"croustille\",\"idxP\":0},{\"mq\":\"Old Dutch\",\"nm\":\"Croustilles Ridgies extra sel vinaigre\",\"nme\":\"Extra Salt Vinegar Ridgies Chips\",\"attr\":\"\",\"sku\":\"13925\",\"l2\":\"Croustille et grignotine\",\"sl\":\"croustilles-ridgies-extra-sel-vinaigre-13925\",\"sn\":\"croustille\",\"idxP\":0},{\"mq\":\"Old Dutch\",\"nm\":\"Croustilles Ridgies extra miel BBQ\",\"nme\":\"Extra Honey BBQ Ridgies Chips\",\"attr\":\"\",\"sku\":\"13930\",\"l2\":\"Croustille et grignotine\",\"sl\":\"croustilles-ridgies-extra-miel-bbq-13930\",\"sn\":\"croustille\",\"idxP\":0},{\"mq\":\"Old Dutch\",\"nm\":\"Croustilles Rip-L cr\u00E8me s\u00FBre oignon vert\",\"nme\":\"Sour Cream Grean Onion Rip-L Chips\",\"attr\":\"\",\"sku\":\"13932\",\"l2\":\"Croustille et grignotine\",\"sl\":\"croustilles-rip-l-creme-sure-oignon-vert-13932\",\"sn\":\"croustille, onions, oignons\",\"idxP\":0},{\"mq\":\"Old Dutch\",\"nm\":\"Croustilles Rip-L aneth cr\u00E9meux\",\"nme\":\"Creamy Dill Rip-L Chips\",\"attr\":\"\",\"sku\":\"13933\",\"l2\":\"Croustille et grignotine\",\"sl\":\"croustilles-rip-l-aneth-cremeux-13933\",\"sn\":\"croustille\",\"idxP\":0},{\"mq\":\"Old Dutch\",\"nm\":\"Croustilles Rip-L l\u00E9g\u00E8rement sal\u00E9es\",\"nme\":\"Lightly Salted Rip-L Chips\",\"attr\":\"\",\"sku\":\"13936\",\"l2\":\"Croustille et grignotine\",\"sl\":\"croustilles-rip-l-legerement-salees-13936\",\"sn\":\"croustille\",\"idxP\":0},{\"mq\":\"Old Dutch\",\"nm\":\"Croustilles Arriba fromage nacho\",\"nme\":\"Nacho Cheese Arriba Chips\",\"attr\":\"\",\"sku\":\"13937\",\"l2\":\"Croustille et grignotine\",\"sl\":\"croustilles-arriba-fromage-nacho-13937\",\"sn\":\"croustille, fromages\",\"idxP\":0},{\"mq\":\"Old Dutch\",\"nm\":\"Croustilles Crunch originales\",\"nme\":\"Original Crunch Chips\",\"attr\":\"\",\"sku\":\"13938\",\"l2\":\"Croustille et grignotine\",\"sl\":\"croustilles-crunch-originales-13938\",\"sn\":\"croustille\",\"idxP\":0},{\"mq\":\"Old Dutch\",\"nm\":\"Croustilles Arriba fromage nacho\",\"nme\":\"Nacho Cheese Arriba Chips\",\"attr\":\"\",\"sku\":\"13946\",\"l2\":\"Croustille et grignotine\",\"sl\":\"croustilles-arriba-fromage-nacho-13946\",\"sn\":\"croustille, fromages\",\"idxP\":0},{\"mq\":\"Old Dutch\",\"nm\":\"Croustilles Restaurante originales\",\"nme\":\"Original Restaurante Chips\",\"attr\":\"\",\"sku\":\"13952\",\"l2\":\"Croustille et grignotine\",\"sl\":\"croustilles-restaurante-originales-13952\",\"sn\":\"croustille\",\"idxP\":0},{\"mq\":\"Old Dutch\",\"nm\":\"Croustilles Restaurante rondelles deli\",\"nme\":\"Round Deli Restaurante Chips\",\"attr\":\"\",\"sku\":\"13957\",\"l2\":\"Croustille et grignotine\",\"sl\":\"croustilles-restaurante-rondelles-deli-13957\",\"sn\":\"croustille\",\"idxP\":0},{\"mq\":\"Old Dutch\",\"nm\":\"Croustilles Crunch BBQ Mesquite\",\"nme\":\"Mesquite BBQ Crunch Chips\",\"attr\":\"\",\"sku\":\"13961\",\"l2\":\"Croustille et grignotine\",\"sl\":\"croustilles-crunch-bbq-mesquite-13961\",\"sn\":\"croustille\",\"idxP\":0},{\"mq\":\"Old Dutch\",\"nm\":\"Croustilles Crunch originales\",\"nme\":\"Original Crunch Chips\",\"attr\":\"\",\"sku\":\"13962\",\"l2\":\"Croustille et grignotine\",\"sl\":\"croustilles-crunch-originales-13962\",\"sn\":\"croustille\",\"idxP\":0},{\"mq\":\"Old Dutch\",\"nm\":\"Croustilles Ringolo BBQ\",\"nme\":\"BBQ Ringolo Chips\",\"attr\":\"\",\"sku\":\"13965\",\"l2\":\"Croustille et grignotine\",\"sl\":\"croustilles-ringolo-bbq-13965\",\"sn\":\"croustille\",\"idxP\":0},{\"mq\":\"Old Dutch\",\"nm\":\"Croustilles M\u00E9lange Fiesta originales\",\"nme\":\"Original Party Mix Chips\",\"attr\":\"\",\"sku\":\"13966\",\"l2\":\"Croustille et grignotine\",\"sl\":\"croustilles-melange-fiesta-originales-13966\",\"sn\":\"croustille\",\"idxP\":0},{\"mq\":\"Old Dutch\",\"nm\":\"Croustilles originales\",\"nme\":\"Original Chips\",\"attr\":\"\",\"sku\":\"13967\",\"l2\":\"Croustille et grignotine\",\"sl\":\"croustilles-originales-13967\",\"sn\":\"croustille\",\"idxP\":0},{\"mq\":\"R.Fortin\",\"nm\":\"Farine de ma\u00EFs #600\",\"nme\":\"#600 Corn Flour\",\"attr\":\"\",\"sku\":\"13973\",\"l2\":\"Farine, semoule et chapelure\",\"sl\":\"farine-de-mais-600-13973\",\"sn\":\"\",\"idxP\":0},{\"mq\":\"Exotic\",\"nm\":\"Flocons d'avoine \u00E0 cuisson rapide\",\"nme\":\"Quick Oats\",\"attr\":\"\",\"sku\":\"13975\",\"l2\":\"C\u00E9r\u00E9ales et barre\",\"sl\":\"flocons-davoine-a-cuisson-rapide-13975\",\"sn\":\"\",\"idxP\":0},{\"mq\":\"Clover Leaf\",\"nm\":\"Salade de thon couscous huile d'olive\",\"nme\":\"Olive Oil Couscous Tuna Salad\",\"attr\":\"\",\"sku\":\"13977\",\"l2\":\"Poisson et viande en conserve\",\"sl\":\"salade-de-thon-couscous-huile-dolive-13977\",\"sn\":\"\",\"idxP\":0},{\"mq\":\"Clover Leaf\",\"nm\":\"Salade de thon ma\u00EFs huile d'olive\",\"nme\":\"Olive Oil Corn Tuna Salad\",\"attr\":\"\",\"sku\":\"13982\",\"l2\":\"Poisson et viande en conserve\",\"sl\":\"salade-de-thon-mais-huile-dolive-13982\",\"sn\":\"\",\"idxP\":0},{\"mq\":\"Clover Leaf\",\"nm\":\"Salade de thon quinoa huile d'olive\",\"nme\":\"Olive Oil Quinoa Tuna Salad\",\"attr\":\"\",\"sku\":\"13983\",\"l2\":\"Poisson et viande en conserve\",\"sl\":\"salade-de-thon-quinoa-huile-dolive-13983\",\"sn\":\"\",\"idxP\":0},{\"mq\":\"Old Dutch\",\"nm\":\"Croustilles Arriba fromage nacho\",\"nme\":\"Nacho Cheese Arriba Chips\",\"attr\":\"\",\"sku\":\"13984\",\"l2\":\"Croustille et grignotine\",\"sl\":\"croustilles-arriba-fromage-nacho-13984\",\"sn\":\"croustille, fromages\",\"idxP\":0},{\"mq\":\"Old Dutch\",\"nm\":\"Croustilles originales\",\"nme\":\"Original Chips\",\"attr\":\"\",\"sku\":\"13985\",\"l2\":\"Croustille et grignotine\",\"sl\":\"croustilles-originales-13985\",\"sn\":\"croustille\",\"idxP\":0},{\"mq\":\"Old Dutch\",\"nm\":\"Croustilles sel vinaigre\",\"nme\":\"Salt Vinegar Chips\",\"attr\":\"\",\"sku\":\"13992\",\"l2\":\"Croustille et grignotine\",\"sl\":\"croustilles-sel-vinaigre-13992\",\"sn\":\"croustille\",\"idxP\":0},{\"mq\":\"Old Dutch\",\"nm\":\"Croustille BBQ\",\"nme\":\"BBQ Chips\",\"attr\":\"\",\"sku\":\"13993\",\"l2\":\"Croustille et grignotine\",\"sl\":\"croustille-bbq-13993\",\"sn\":\"croustille\",\"idxP\":0},{\"mq\":\"Old Dutch\",\"nm\":\"Croustilles ketchup\",\"nme\":\"Ketchup Chips\",\"attr\":\"\",\"sku\":\"14001\",\"l2\":\"Croustille et grignotine\",\"sl\":\"croustilles-ketchup-14001\",\"sn\":\"croustille\",\"idxP\":0},{\"mq\":\"Old Dutch\",\"nm\":\"Croustilles Rip-L nature\",\"nme\":\"Plain Rip-L Chips\",\"attr\":\"\",\"sku\":\"14004\",\"l2\":\"Croustille et grignotine\",\"sl\":\"croustilles-rip-l-nature-14004\",\"sn\":\"croustille\",\"idxP\":0},{\"mq\":\"Old Dutch\",\"nm\":\"Croustilles Rip-L cr\u00E8me s\u00FBre oignon vert\",\"nme\":\"Sour Cream Grean Onion Rip-L Chips\",\"attr\":\"\",\"sku\":\"14006\",\"l2\":\"Croustille et grignotine\",\"sl\":\"croustilles-rip-l-creme-sure-oignon-vert-14006\",\"sn\":\"croustille, onions, oignons\",\"idxP\":0},{\"mq\":\"Old Dutch\",\"nm\":\"Croustilles Rip-L aneth cr\u00E9meux\",\"nme\":\"Creamy Dill Rip-L Chips\",\"attr\":\"\",\"sku\":\"14018\",\"l2\":\"Croustille et grignotine\",\"sl\":\"croustilles-rip-l-aneth-cremeux-14018\",\"sn\":\"croustille\",\"idxP\":0},{\"mq\":\"Old Dutch\",\"nm\":\"Croustilles Rip-L l\u00E9g\u00E8rement sal\u00E9es\",\"nme\":\"Lightly Salted Rip-L Chips\",\"attr\":\"\",\"sku\":\"14019\",\"l2\":\"Croustille et grignotine\",\"sl\":\"croustilles-rip-l-legerement-salees-14019\",\"sn\":\"croustille\",\"idxP\":0},{\"mq\":\"Old Dutch\",\"nm\":\"Croustilles assaisonn\u00E9es\",\"nme\":\"All-Dressed Chips\",\"attr\":\"\",\"sku\":\"14025\",\"l2\":\"Croustille et grignotine\",\"sl\":\"croustilles-assaisonnees-14025\",\"sn\":\"croustille\",\"idxP\":0},{\"mq\":\"Dare\",\"nm\":\"Biscuits Supr\u00E8me cr\u00E8me \u00E9rable\",\"nme\":\"Maple Cream Ultimate Cookies\",\"attr\":\"\",\"sku\":\"14032\",\"l2\":\"Biscuit et craquelin\",\"sl\":\"biscuits-supreme-creme-erable-14032\",\"sn\":\"\",\"idxP\":0},{\"mq\":\"Strub's\",\"nm\":\"Piments banane en rondelles\",\"nme\":\"Banana Pepper Rings\",\"attr\":\"\",\"sku\":\"14107\",\"l2\":\"Marinade\",\"sl\":\"piments-banane-en-rondelles-14107\",\"sn\":\"ananas, bananes, piments\",\"idxP\":0},{\"mq\":\"Fleur de Dijon\",\"nm\":\"Moutarde de dijon \u00E0 l'ancienne\",\"nme\":\"Grainy Dijon Mustard\",\"attr\":\"\",\"sku\":\"14108\",\"l2\":\"Condiment\",\"sl\":\"moutarde-de-dijon-a-lancienne-14108\",\"sn\":\"\",\"idxP\":0},{\"mq\":\"Fleur de Dijon\",\"nm\":\"Moutarde de dijon forte\",\"nme\":\"Strong Dijon Mustard\",\"attr\":\"\",\"sku\":\"14110\",\"l2\":\"Condiment\",\"sl\":\"moutarde-de-dijon-forte-14110\",\"sn\":\"\",\"idxP\":0},{\"mq\":\"Coronation\",\"nm\":\"Relish verte sucr\u00E9e\",\"nme\":\"Sweet Green Relish\",\"attr\":\"\",\"sku\":\"14112\",\"l2\":\"Condiment\",\"sl\":\"relish-verte-sucree-14112\",\"sn\":\"\",\"idxP\":0},{\"mq\":\"Whyte's\",\"nm\":\"Piments pepperoncini\",\"nme\":\"Pepperoncini Peppers\",\"attr\":\"\",\"sku\":\"14113\",\"l2\":\"Marinade\",\"sl\":\"piments-pepperoncini-14113\",\"sn\":\"piments\",\"idxP\":0},{\"mq\":\"Whyte's\",\"nm\":\"C\u00E2pres capucines\",\"nme\":\"Capucine Capers\",\"attr\":\"\",\"sku\":\"14120\",\"l2\":\"Marinade\",\"sl\":\"capres-capucines-14120\",\"sn\":\"\",\"idxP\":0},{\"mq\":\"Whyte's\",\"nm\":\"Piments jalapeno en rondelles\",\"nme\":\"Jalapeno Pepper Rings\",\"attr\":\"\",\"sku\":\"14121\",\"l2\":\"Marinade\",\"sl\":\"piments-jalapeno-en-rondelles-14121\",\"sn\":\"piments\",\"idxP\":0},{\"mq\":\"Whyte's\",\"nm\":\"Cerises au marasquin\",\"nme\":\"Maraschino Cherries\",\"attr\":\"\",\"sku\":\"14122\",\"l2\":\"Fruit en conserve\",\"sl\":\"cerises-au-marasquin-14122\",\"sn\":\"\",\"idxP\":0},{\"mq\":\"Whyte's\",\"nm\":\"Cerises au marasquin avec tige\",\"nme\":\"Maraschino Cherries with Stems\",\"attr\":\"\",\"sku\":\"14123\",\"l2\":\"Fruit en conserve\",\"sl\":\"cerises-au-marasquin-avec-tige-14123\",\"sn\":\"\",\"idxP\":0},{\"mq\":\"Griddlemate\",\"nm\":\"Enduit de cuisson antiadh\u00E9sif\",\"nme\":\"Food Release Spray\",\"attr\":\"\",\"sku\":\"14175\",\"l2\":\"Huile et vinaigre\",\"sl\":\"enduit-de-cuisson-antiadhesif-14175\",\"sn\":\"\",\"idxP\":0},{\"mq\":\"La Perla\",\"nm\":\"Shortening liquide\",\"nme\":\"Liquid Shortening\",\"attr\":\"\",\"sku\":\"14404\",\"l2\":\"Ingr\u00E9dient de p\u00E2tisserie\",\"sl\":\"shortening-liquide-14404\",\"sn\":\"\",\"idxP\":0},{\"mq\":\"La Perla\",\"nm\":\"Shortening tout usage\",\"nme\":\"All-Purpose Shortening\",\"attr\":\"\",\"sku\":\"14453\",\"l2\":\"Ingr\u00E9dient de p\u00E2tisserie\",\"sl\":\"shortening-tout-usage-14453\",\"sn\":\"\",\"idxP\":0}]]",
        "placeHolderProduct" : "https:\/\/341647818.fs1.hubspotusercontent-na3.net\/hubfs\/341647818\/ProductCatag\/Products\/placeHolderProduct.png"
        }
        </script>
      

        <script data-catalog-products-config="config_FR - Page de Recherche" type="application/json">
        {
        "jsonfileData" : "[[{\"nm\":\"Aubergine\",\"nme\":\"Eggplant\",\"attr\":\"\",\"sku\":\"30120\",\"l2\":\"L\u00E9gumes\",\"sl\":\"aubergine-30120\",\"sn\":\"aubergines\",\"idxP\":60},{\"mq\":\"Frutas\",\"nm\":\"Croustilles de plantain naturellement sucr\u00E9\",\"nme\":\"Naturally sweetened plantain chips\",\"attr\":\"\",\"sku\":\"17378\",\"l2\":\"Autre\",\"sl\":\"croustilles-de-plantain-naturellement-sucre-frutas-17378\",\"sn\":\"\",\"idxP\":100},{\"nm\":\"Courgette verte\",\"nme\":\"Green Zucchini Squash\",\"attr\":\"\",\"sku\":\"09111\",\"l2\":\"L\u00E9gumes\",\"sl\":\"courgette-verte-09111\",\"sn\":\"courges, courgettes\",\"idxP\":72},{\"mq\":\"Mayrand CHEF\",\"nm\":\"Graine de s\u00E9same blanche crue\",\"nme\":\"Raw White Sesame Seed\",\"attr\":\"\",\"sku\":\"27826\",\"l2\":\"Noix et fruits secs\",\"sl\":\"graine-de-sesame-blanche-crue-mayrand-chef-27826\",\"sn\":\"\",\"idxP\":88},{\"mq\":\"Mayrand CHEF\",\"nm\":\"Graine de tournesol \u00E9cal\u00E9e r\u00F4tie sal\u00E9e\",\"nme\":\"Roasted Salted Shelled Sunflower Seed\",\"attr\":\"\",\"sku\":\"27830\",\"l2\":\"Noix et fruits secs\",\"sl\":\"graine-de-tournesol-ecalee-rotie-salee-mayrand-chef-27830\",\"sn\":\"\",\"idxP\":83},{\"mq\":\"Mayrand CHEF\",\"nm\":\"Graine de tournesol en \u00E9cale crue\",\"nme\":\"Raw Inshell Sunflower Seed\",\"attr\":\"\",\"sku\":\"27835\",\"l2\":\"Noix et fruits secs\",\"sl\":\"graine-de-tournesol-en-ecale-crue-mayrand-chef-27835\",\"sn\":\"\",\"idxP\":78},{\"mq\":\"Mayrand CHEF\",\"nm\":\"Noix de Grenoble naturelle en \u00E9cale\",\"nme\":\"Raw Walnut in Shell\",\"attr\":\"\",\"sku\":\"27838\",\"l2\":\"Noix et fruits secs\",\"sl\":\"noix-de-grenoble-naturelle-en-ecale-mayrand-chef-27838\",\"sn\":\"\",\"idxP\":94},{\"mq\":\"Mayrand CHEF\",\"nm\":\"Graine de tournesol \u00E9cal\u00E9e crue\",\"nme\":\"Raw Shelled Sunflower Seed\",\"attr\":\"\",\"sku\":\"27828\",\"l2\":\"Noix et fruits secs\",\"sl\":\"graine-de-tournesol-ecalee-crue-mayrand-chef-27828\",\"sn\":\"\",\"idxP\":100},{\"mq\":\"Mayrand CHEF\",\"nm\":\"Noix de coco s\u00E9ch\u00E9e non sucr\u00E9e\",\"nme\":\"Dried Unsweetened Coconut\",\"attr\":\"\",\"sku\":\"27837\",\"l2\":\"Noix et fruits secs\",\"sl\":\"noix-de-coco-sechee-non-sucree-mayrand-chef-27837\",\"sn\":\"\",\"idxP\":89},{\"mq\":\"Mayrand CHEF\",\"nm\":\"Graine de tournesol en \u00E9cale r\u00F4tie sal\u00E9e\",\"nme\":\"Salted Roasted Inshell Sunflower Seed\",\"attr\":\"\",\"sku\":\"27834\",\"l2\":\"Noix et fruits secs\",\"sl\":\"graine-de-tournesol-en-ecale-rotie-salee-mayrand-chef-27834\",\"sn\":\"\",\"idxP\":69},{\"mq\":\"Mayrand CHEF\",\"nm\":\"Graine de s\u00E9same blanche r\u00F4tie\",\"nme\":\"Roasted White Sesame Seed\",\"attr\":\"\",\"sku\":\"27839\",\"l2\":\"Noix et fruits secs\",\"sl\":\"graine-de-sesame-blanche-rotie-mayrand-chef-27839\",\"sn\":\"\",\"idxP\":92},{\"mq\":\"Mayrand CHEF\",\"nm\":\"Pacane \u00E9cal\u00E9e demie\",\"nme\":\"Shelled Pecan Half\",\"attr\":\"\",\"sku\":\"27840\",\"l2\":\"Noix et fruits secs\",\"sl\":\"pacane-ecalee-demie-mayrand-chef-27840\",\"sn\":\"\",\"idxP\":100},{\"mq\":\"Mayrand CHEF\",\"nm\":\"Datte d\u00E9noyaut\u00E9e\",\"nme\":\"Pitted Date\",\"attr\":\"\",\"sku\":\"27841\",\"l2\":\"Noix et fruits secs\",\"sl\":\"datte-denoyautee-mayrand-chef-27841\",\"sn\":\"\",\"idxP\":77},{\"mq\":\"Mayrand CHEF\",\"nm\":\"Raisin sultana\",\"nme\":\"Sultana Raisin\",\"attr\":\"\",\"sku\":\"27844\",\"l2\":\"Noix et fruits secs\",\"sl\":\"raisin-sultana-mayrand-chef-27844\",\"sn\":\"raisins\",\"idxP\":100},{\"mq\":\"Mayrand CHEF\",\"nm\":\"Figue enti\u00E8re s\u00E9ch\u00E9e\",\"nme\":\"Whole Dried Fig\",\"attr\":\"\",\"sku\":\"27842\",\"l2\":\"Noix et fruits secs\",\"sl\":\"figue-entiere-sechee-mayrand-chef-27842\",\"sn\":\"\",\"idxP\":63},{\"mq\":\"Mayrand CHEF\",\"nm\":\"Raisin dor\u00E9\",\"nme\":\"Golden Raisin\",\"attr\":\"\",\"sku\":\"27843\",\"l2\":\"Noix et fruits secs\",\"sl\":\"raisin-dore-mayrand-chef-27843\",\"sn\":\"raisins\",\"idxP\":78},{\"mq\":\"Mayrand CHEF\",\"nm\":\"Abricot s\u00E9ch\u00E9\",\"nme\":\"Dried Apricot\",\"attr\":\"\",\"sku\":\"27848\",\"l2\":\"Noix et fruits secs\",\"sl\":\"abricot-seche-mayrand-chef-27848\",\"sn\":\"\",\"idxP\":100},{\"mq\":\"Mayrand CHEF\",\"nm\":\"Pruneau d\u00E9noyaut\u00E9\",\"nme\":\"Pitted Prune\",\"attr\":\"\",\"sku\":\"27847\",\"l2\":\"Noix et fruits secs\",\"sl\":\"pruneau-denoyaute-mayrand-chef-27847\",\"sn\":\"\",\"idxP\":88},{\"mq\":\"Mayrand CHEF\",\"nm\":\"Canneberge s\u00E9ch\u00E9e\",\"nme\":\"Dried Cranberry\",\"attr\":\"\",\"sku\":\"27850\",\"l2\":\"Noix et fruits secs\",\"sl\":\"canneberge-sechee-mayrand-chef-27850\",\"sn\":\"\",\"idxP\":100},{\"mq\":\"Mayrand CHEF\",\"nm\":\"Pruneau avec noyau\",\"nme\":\"Unpitted Prune\",\"attr\":\"\",\"sku\":\"27846\",\"l2\":\"Noix et fruits secs\",\"sl\":\"pruneau-avec-noyau-mayrand-chef-27846\",\"sn\":\"\",\"idxP\":38},{\"mq\":\"Mayrand CHEF\",\"nm\":\"Noix de cajou crue\",\"nme\":\"Raw Cashew\",\"attr\":\"\",\"sku\":\"26489\",\"l2\":\"Noix et fruits secs\",\"sl\":\"noix-de-cajou-crue-mayrand-chef-26489\",\"sn\":\"\",\"idxP\":87},{\"mq\":\"Mayrand CHEF\",\"nm\":\"Graine de tournesol \u00E9cal\u00E9e r\u00F4tie non sal\u00E9e\",\"nme\":\"Roasted Unsalted Sunflower Seed\",\"attr\":\"\",\"sku\":\"27829\",\"l2\":\"Noix et fruits secs\",\"sl\":\"graine-de-tournesol-ecalee-rotie-non-salee-mayrand-chef-27829\",\"sn\":\"\",\"idxP\":95},{\"mq\":\"Mayrand CHEF\",\"nm\":\"Noix de cajou r\u00F4tie non sal\u00E9e\",\"nme\":\"Roasted Unsalted Cashew\",\"attr\":\"\",\"sku\":\"26490\",\"l2\":\"Noix et fruits secs\",\"sl\":\"noix-de-cajou-rotie-non-salee-mayrand-chef-26490\",\"sn\":\"\",\"idxP\":99},{\"mq\":\"Mayrand CHEF\",\"nm\":\"Noix de coco r\u00E2p\u00E9e sucr\u00E9e\",\"nme\":\"Sweetened Shredded Coconut\",\"attr\":\"\",\"sku\":\"27836\",\"l2\":\"Noix et fruits secs\",\"sl\":\"noix-de-coco-rapee-sucree-mayrand-chef-27836\",\"sn\":\"\",\"idxP\":83},{\"mq\":\"Mayrand CHEF\",\"nm\":\"Ananas s\u00E9ch\u00E9 en cube\",\"nme\":\"Dried Diced Pineapple\",\"attr\":\"\",\"sku\":\"27849\",\"l2\":\"Noix et fruits secs\",\"sl\":\"ananas-seche-en-cube-mayrand-chef-27849\",\"sn\":\"apples, ananas\",\"idxP\":45},{\"mq\":\"Mayrand CHEF\",\"nm\":\"Arachide BBQ\",\"nme\":\"BBQ Peanut\",\"attr\":\"\",\"sku\":\"26492\",\"l2\":\"Noix et fruits secs\",\"sl\":\"arachide-bbq-mayrand-chef-26492\",\"sn\":\"\",\"idxP\":78},{\"mq\":\"Mayrand CHEF\",\"nm\":\"Raisin thompson\",\"nme\":\"Thompson Raisin\",\"attr\":\"\",\"sku\":\"27845\",\"l2\":\"Noix et fruits secs\",\"sl\":\"raisin-thompson-mayrand-chef-27845\",\"sn\":\"raisins\",\"idxP\":90},{\"mq\":\"Mayrand CHEF\",\"nm\":\"Arachide espagnole r\u00F4tie sal\u00E9e\",\"nme\":\"Roasted Salted Spanish Peanut\",\"attr\":\"\",\"sku\":\"26494\",\"l2\":\"Noix et fruits secs\",\"sl\":\"arachide-espagnole-rotie-salee-mayrand-chef-26494\",\"sn\":\"\",\"idxP\":89},{\"mq\":\"Mayrand CHEF\",\"nm\":\"Arachide sucr\u00E9e\",\"nme\":\"Sweetened Peanut\",\"attr\":\"\",\"sku\":\"26499\",\"l2\":\"Noix et fruits secs\",\"sl\":\"arachide-sucree-mayrand-chef-26499\",\"sn\":\"\",\"idxP\":67},{\"mq\":\"Mayrand CHEF\",\"nm\":\"Arachide blanche r\u00F4tie sal\u00E9e\",\"nme\":\"Roasted Salted White Peanut\",\"attr\":\"\",\"sku\":\"26497\",\"l2\":\"Noix et fruits secs\",\"sl\":\"arachide-blanche-rotie-salee-mayrand-chef-26497\",\"sn\":\"\",\"idxP\":90},{\"mq\":\"Mayrand CHEF\",\"nm\":\"M\u00E9lange sentier\",\"nme\":\"Trail Mix\",\"attr\":\"\",\"sku\":\"26506\",\"l2\":\"Noix et fruits secs\",\"sl\":\"melange-sentier-mayrand-chef-26506\",\"sn\":\"\",\"idxP\":99},{\"mq\":\"Mayrand CHEF\",\"nm\":\"Arachide en \u00E9cale r\u00F4tie non sal\u00E9e\",\"nme\":\"Roasted Unsalted Inshell Peanut\",\"attr\":\"\",\"sku\":\"26509\",\"l2\":\"Noix et fruits secs\",\"sl\":\"arachide-en-ecale-rotie-non-salee-mayrand-chef-26509\",\"sn\":\"\",\"idxP\":58},{\"mq\":\"Mayrand CHEF\",\"nm\":\"Arachide r\u00F4tie non sal\u00E9e jumbo\",\"nme\":\"Jumbo Unsalted Roasted Peanut\",\"attr\":\"\",\"sku\":\"26496\",\"l2\":\"Noix et fruits secs\",\"sl\":\"arachide-rotie-non-salee-jumbo-mayrand-chef-26496\",\"sn\":\"\",\"idxP\":100},{\"mq\":\"Mayrand CHEF\",\"nm\":\"Croustille de ma\u00EFs avec graine de lin\",\"nme\":\"Salted Corn Chip with Flax Seed\",\"attr\":\"\",\"sku\":\"26502\",\"l2\":\"Noix et fruits secs\",\"sl\":\"croustille-de-mais-avec-graine-de-lin-mayrand-chef-26502\",\"sn\":\"croustille\",\"idxP\":90},{\"mq\":\"Mayrand CHEF\",\"nm\":\"Arachide \u00E9miett\u00E9e non sal\u00E9e\",\"nme\":\"Unsalted Crumbled Peanut\",\"attr\":\"\",\"sku\":\"26493\",\"l2\":\"Noix et fruits secs\",\"sl\":\"arachide-emiettee-non-salee-mayrand-chef-26493\",\"sn\":\"\",\"idxP\":52},{\"mq\":\"Mayrand CHEF\",\"nm\":\"M\u00E9lange des bois\",\"nme\":\"Mistral Mix\",\"attr\":\"\",\"sku\":\"26505\",\"l2\":\"Noix et fruits secs\",\"sl\":\"melange-des-bois-mayrand-chef-26505\",\"sn\":\"\",\"idxP\":85},{\"mq\":\"Mayrand CHEF\",\"nm\":\"Bretzel mini en coeur\",\"nme\":\"Mini Heart-Shaped Pretzel\",\"attr\":\"\",\"sku\":\"26507\",\"l2\":\"Noix et fruits secs\",\"sl\":\"bretzel-mini-en-coeur-mayrand-chef-26507\",\"sn\":\"\",\"idxP\":88},{\"mq\":\"Mayrand CHEF\",\"nm\":\"B\u00E2tonnet de s\u00E9same\",\"nme\":\"Sesame Stick\",\"attr\":\"\",\"sku\":\"26508\",\"l2\":\"Noix et fruits secs\",\"sl\":\"batonnet-de-sesame-mayrand-chef-26508\",\"sn\":\"\",\"idxP\":99},{\"mq\":\"Mayrand CHEF\",\"nm\":\"Ma\u00EFs \u00E0 \u00E9clater\",\"nme\":\"Popcorn\",\"attr\":\"\",\"sku\":\"26501\",\"l2\":\"Noix et fruits secs\",\"sl\":\"mais-a-eclater-mayrand-chef-26501\",\"sn\":\"\",\"idxP\":71},{\"mq\":\"Mayrand CHEF\",\"nm\":\"M\u00E9lange de noix et arachides r\u00F4ties sal\u00E9es\",\"nme\":\"Salted Roasted Nuts and Peanuts Mix\",\"attr\":\"\",\"sku\":\"26553\",\"l2\":\"Noix et fruits secs\",\"sl\":\"melange-de-noix-et-arachides-roties-salees-mayrand-chef-26553\",\"sn\":\"\",\"idxP\":66},{\"mq\":\"Mayrand CHEF\",\"nm\":\"Banane s\u00E9ch\u00E9e tranch\u00E9e\",\"nme\":\"Sliced Dried Banana\",\"attr\":\"\",\"sku\":\"26500\",\"l2\":\"Noix et fruits secs\",\"sl\":\"banane-sechee-tranchee-mayrand-chef-26500\",\"sn\":\"ananas, bananes\",\"idxP\":85},{\"mq\":\"Mayrand CHEF\",\"nm\":\"M\u00E9lange californien\",\"nme\":\"Californian Mix\",\"attr\":\"\",\"sku\":\"26503\",\"l2\":\"Noix et fruits secs\",\"sl\":\"melange-californien-mayrand-chef-26503\",\"sn\":\"\",\"idxP\":84},{\"mq\":\"Mayrand CHEF\",\"nm\":\"Arachide sal\u00E9e r\u00F4tie jumbo\",\"nme\":\"Jumbo Salted Roasted Peanut\",\"attr\":\"\",\"sku\":\"26498\",\"l2\":\"Noix et fruits secs\",\"sl\":\"arachide-salee-rotie-jumbo-mayrand-chef-26498\",\"sn\":\"\",\"idxP\":85},{\"mq\":\"Mayrand CHEF\",\"nm\":\"Amande enrob\u00E9e de chocolat au lait\",\"nme\":\"Milk Chocolate Coated Almond\",\"attr\":\"\",\"sku\":\"26511\",\"l2\":\"Noix et fruits secs\",\"sl\":\"amande-enrobee-de-chocolat-au-lait-mayrand-chef-26511\",\"sn\":\"amandes\",\"idxP\":70},{\"mq\":\"Mayrand CHEF\",\"nm\":\"M\u00E9lange noix de luxe sal\u00E9es\",\"nme\":\"Salted Deluxe Nuts Mix\",\"attr\":\"\",\"sku\":\"26504\",\"l2\":\"Noix et fruits secs\",\"sl\":\"melange-noix-de-luxe-salees-mayrand-chef-26504\",\"sn\":\"\",\"idxP\":87},{\"mq\":\"Mayrand CHEF\",\"nm\":\"Raisin enrob\u00E9 de chocolat au lait\",\"nme\":\"Milk Chocolate Coated Raisin\",\"attr\":\"\",\"sku\":\"26550\",\"l2\":\"Noix et fruits secs\",\"sl\":\"raisin-enrobe-de-chocolat-au-lait-mayrand-chef-26550\",\"sn\":\"raisins\",\"idxP\":74},{\"mq\":\"Mayrand CHEF\",\"nm\":\"Pistache r\u00F4tie non sal\u00E9e\",\"nme\":\"Unsalted Roasted Pistachio\",\"attr\":\"\",\"sku\":\"26560\",\"l2\":\"Noix et fruits secs\",\"sl\":\"pistache-rotie-non-salee-mayrand-chef-26560\",\"sn\":\"\",\"idxP\":86},{\"mq\":\"Mayrand CHEF\",\"nm\":\"Noix de cajou r\u00F4tie sal\u00E9e\",\"nme\":\"Roasted Salted Cashew\",\"attr\":\"\",\"sku\":\"26491\",\"l2\":\"Noix et fruits secs\",\"sl\":\"noix-de-cajou-rotie-salee-mayrand-chef-26491\",\"sn\":\"\",\"idxP\":100},{\"mq\":\"Mayrand CHEF\",\"nm\":\"Pistache r\u00F4tie sal\u00E9e\",\"nme\":\"Salted Roasted Pistachio\",\"attr\":\"\",\"sku\":\"26561\",\"l2\":\"Noix et fruits secs\",\"sl\":\"pistache-rotie-salee-mayrand-chef-26561\",\"sn\":\"\",\"idxP\":89},{\"mq\":\"Mayrand CHEF\",\"nm\":\"M\u00E9lange de noix et arachides non sal\u00E9es\",\"nme\":\"Unsalted Nuts and Peanuts Mix\",\"attr\":\"\",\"sku\":\"26551\",\"l2\":\"Noix et fruits secs\",\"sl\":\"melange-de-noix-et-arachides-non-salees-mayrand-chef-26551\",\"sn\":\"\",\"idxP\":66},{\"mq\":\"Mayrand CHEF\",\"nm\":\"Amande naturelle enti\u00E8re\",\"nme\":\"Whole Natural Almond\",\"attr\":\"\",\"sku\":\"27802\",\"l2\":\"Noix et fruits secs\",\"sl\":\"amande-naturelle-entiere-mayrand-chef-27802\",\"sn\":\"amandes\",\"idxP\":100},{\"mq\":\"Mayrand CHEF\",\"nm\":\"Amande naturelle moulue\",\"nme\":\"Natural Ground Almond\",\"attr\":\"\",\"sku\":\"27809\",\"l2\":\"Noix et fruits secs\",\"sl\":\"amande-naturelle-moulue-mayrand-chef-27809\",\"sn\":\"amandes\",\"idxP\":51},{\"mq\":\"Mayrand CHEF\",\"nm\":\"Noix de Grenoble en morceaux\",\"nme\":\"Walnut Pieces\",\"attr\":\"\",\"sku\":\"27817\",\"l2\":\"Noix et fruits secs\",\"sl\":\"noix-de-grenoble-en-morceaux-mayrand-chef-27817\",\"sn\":\"\",\"idxP\":97},{\"mq\":\"Mayrand CHEF\",\"nm\":\"Aveline blanche enti\u00E8re\",\"nme\":\"Whole White Hazelnut\",\"attr\":\"\",\"sku\":\"27812\",\"l2\":\"Noix et fruits secs\",\"sl\":\"aveline-blanche-entiere-mayrand-chef-27812\",\"sn\":\"\",\"idxP\":78},{\"mq\":\"Mayrand CHEF\",\"nm\":\"Noix de Grenoble demies\",\"nme\":\"Walnut Halves\",\"attr\":\"\",\"sku\":\"27818\",\"l2\":\"Noix et fruits secs\",\"sl\":\"noix-de-grenoble-demies-mayrand-chef-27818\",\"sn\":\"\",\"idxP\":100},{\"mq\":\"Mayrand CHEF\",\"nm\":\"Graine de chia noire\",\"nme\":\"Black Chia Seed\",\"attr\":\"Sans gluten\",\"sku\":\"27821\",\"l2\":\"Noix et fruits secs\",\"sl\":\"graine-de-chia-noire-mayrand-chef-27821\",\"sn\":\"\",\"idxP\":82},{\"mq\":\"Mayrand CHEF\",\"nm\":\"Aveline nature \u00E9cal\u00E9e\",\"nme\":\"Natural Shelled Hazelnut\",\"attr\":\"\",\"sku\":\"27813\",\"l2\":\"Noix et fruits secs\",\"sl\":\"aveline-nature-ecalee-mayrand-chef-27813\",\"sn\":\"\",\"idxP\":84},{\"mq\":\"Mayrand CHEF\",\"nm\":\"Graine de lin dor\u00E9\",\"nme\":\"Golden Flax Seed\",\"attr\":\"\",\"sku\":\"27823\",\"l2\":\"Noix et fruits secs\",\"sl\":\"graine-de-lin-dore-mayrand-chef-27823\",\"sn\":\"\",\"idxP\":53},{\"mq\":\"Mayrand CHEF\",\"nm\":\"Amande blanche moulue\",\"nme\":\"White Ground Almond\",\"attr\":\"\",\"sku\":\"27807\",\"l2\":\"Noix et fruits secs\",\"sl\":\"amande-blanche-moulue-mayrand-chef-27807\",\"sn\":\"amandes\",\"idxP\":76},{\"mq\":\"Mayrand CHEF\",\"nm\":\"Noix de Grenoble \u00E9cal\u00E9e crue\",\"nme\":\"Raw Shelled Walnut\",\"attr\":\"\",\"sku\":\"27815\",\"l2\":\"Noix et fruits secs\",\"sl\":\"noix-de-grenoble-ecalee-crue-mayrand-chef-27815\",\"sn\":\"\",\"idxP\":99},{\"mq\":\"Mayrand CHEF\",\"nm\":\"Mangue s\u00E9ch\u00E9e tranch\u00E9e\",\"nme\":\"Sliced Dried Mango\",\"attr\":\"\",\"sku\":\"27853\",\"l2\":\"Noix et fruits secs\",\"sl\":\"mangue-sechee-tranchee-mayrand-chef-27853\",\"sn\":\"mangues\",\"idxP\":82},{\"mq\":\"Mayrand CHEF\",\"nm\":\"Graine de citrouille en \u00E9cale\",\"nme\":\"Inshell Pumpkin Seed\",\"attr\":\"\",\"sku\":\"27819\",\"l2\":\"Noix et fruits secs\",\"sl\":\"graine-de-citrouille-en-ecale-mayrand-chef-27819\",\"sn\":\"\",\"idxP\":73},{\"mq\":\"Mayrand CHEF\",\"nm\":\"Graine de lin moulue\",\"nme\":\"Ground Flax Seed\",\"attr\":\"\",\"sku\":\"27824\",\"l2\":\"Noix et fruits secs\",\"sl\":\"graine-de-lin-moulue-mayrand-chef-27824\",\"sn\":\"\",\"idxP\":91},{\"mq\":\"Mayrand CHEF\",\"nm\":\"Amande blanche tranch\u00E9e\",\"nme\":\"White Sliced Almond\",\"attr\":\"\",\"sku\":\"27808\",\"l2\":\"Noix et fruits secs\",\"sl\":\"amande-blanche-tranchee-mayrand-chef-27808\",\"sn\":\"amandes\",\"idxP\":90},{\"mq\":\"Mayrand CHEF\",\"nm\":\"Graine de lin\",\"nme\":\"Flax Seed\",\"attr\":\"\",\"sku\":\"27822\",\"l2\":\"Noix et fruits secs\",\"sl\":\"graine-de-lin-mayrand-chef-27822\",\"sn\":\"\",\"idxP\":100},{\"mq\":\"Mayrand CHEF\",\"nm\":\"Gingembre cristallis\u00E9 tranch\u00E9\",\"nme\":\"Crystallized Sliced Ginger\",\"attr\":\"\",\"sku\":\"27852\",\"l2\":\"Noix et fruits secs\",\"sl\":\"gingembre-cristallise-tranche-mayrand-chef-27852\",\"sn\":\"\",\"idxP\":65},{\"mq\":\"Mayrand CHEF\",\"nm\":\"Graine de millet crue\",\"nme\":\"Raw Millet Seed\",\"attr\":\"\",\"sku\":\"27825\",\"l2\":\"Noix et fruits secs\",\"sl\":\"graine-de-millet-crue-mayrand-chef-27825\",\"sn\":\"\",\"idxP\":42},{\"mq\":\"Mayrand CHEF\",\"nm\":\"M\u00E9lange de fruits glac\u00E9s en d\u00E9s\",\"nme\":\"Diced Glazed Fruit Mix\",\"attr\":\"\",\"sku\":\"27858\",\"l2\":\"Noix et fruits secs\",\"sl\":\"melange-de-fruits-glaces-en-des-mayrand-chef-27858\",\"sn\":\"\",\"idxP\":96},{\"mq\":\"Mayrand CHEF\",\"nm\":\"Cerise verte glac\u00E9e\",\"nme\":\"Glazed Green Cherry\",\"attr\":\"\",\"sku\":\"27857\",\"l2\":\"Noix et fruits secs\",\"sl\":\"cerise-verte-glacee-mayrand-chef-27857\",\"sn\":\"\",\"idxP\":49},{\"mq\":\"Mayrand CHEF\",\"nm\":\"Cerise rouge glac\u00E9e\",\"nme\":\"Glazed Red Cherry\",\"attr\":\"\",\"sku\":\"27856\",\"l2\":\"Noix et fruits secs\",\"sl\":\"cerise-rouge-glacee-mayrand-chef-27856\",\"sn\":\"\",\"idxP\":65},{\"mq\":\"Mayrand CHEF\",\"nm\":\"Graine de citrouille \u00E9cal\u00E9e crue\",\"nme\":\"Raw Shelled Pumpkin Seed\",\"attr\":\"\",\"sku\":\"27820\",\"l2\":\"Noix et fruits secs\",\"sl\":\"graine-de-citrouille-ecalee-crue-mayrand-chef-27820\",\"sn\":\"\",\"idxP\":98},{\"mq\":\"Mayrand CHEF\",\"nm\":\"Caroube brisure\",\"nme\":\"Carob Chip\",\"attr\":\"\",\"sku\":\"27854\",\"l2\":\"Noix et fruits secs\",\"sl\":\"caroube-brisure-mayrand-chef-27854\",\"sn\":\"croustille\",\"idxP\":50},{\"mq\":\"Mayrand CHEF\",\"nm\":\"Chocolat compos\u00E9 brisure\",\"nme\":\"Chocolate Flavored Chip\",\"attr\":\"\",\"sku\":\"27855\",\"l2\":\"Noix et fruits secs\",\"sl\":\"chocolat-compose-brisure-mayrand-chef-27855\",\"sn\":\"croustille\",\"idxP\":87},{\"mq\":\"Mayrand CHEF\",\"nm\":\"Amande blanche enti\u00E8re\",\"nme\":\"Unsalted Roasted Almond\",\"attr\":\"\",\"sku\":\"27805\",\"l2\":\"Noix et fruits secs\",\"sl\":\"amande-blanche-entiere-mayrand-chef-27805\",\"sn\":\"amandes\",\"idxP\":83},{\"nm\":\"Patate blanche\",\"nme\":\"White Potato\",\"attr\":\"Produit local\",\"sku\":\"05219\",\"l2\":\"L\u00E9gumes\",\"sl\":\"patate-blanche-05219\",\"sn\":\"pommes\",\"idxP\":100},{\"mq\":\"Frutas\",\"nm\":\"Croustilles de plantain \u00E9pic\u00E9es\",\"nme\":\"Spicy Plantain Chips\",\"attr\":\"\",\"sku\":\"17377\",\"l2\":\"Autre\",\"sl\":\"croustilles-de-plantain-epicees-frutas-17377\",\"sn\":\"croustille\",\"idxP\":100},{\"mq\":\"Frutas\",\"nm\":\"Croustilles de plantain sal\u00E9es\",\"nme\":\"Salted Plantain Chips\",\"attr\":\"\",\"sku\":\"17376\",\"l2\":\"Autre\",\"sl\":\"croustilles-de-plantain-salees-frutas-17376\",\"sn\":\"croustille\",\"idxP\":100},{\"nm\":\"Brocoli x2\",\"nme\":\"Broccoli x2\",\"attr\":\"Produit local\",\"sku\":\"04060\",\"l2\":\"L\u00E9gumes\",\"sl\":\"brocoli-x2-04060\",\"sn\":\"\",\"idxP\":100},{\"mq\":\"Morrison farms\",\"nm\":\"Ma\u00EFs \u00E0 \u00E9clater\",\"nme\":\"Pop Corn\",\"attr\":\"\",\"sku\":\"10193\",\"l2\":\"Noix et fruits secs\",\"sl\":\"mais-a-eclater-morrison-farms-10193\",\"sn\":\"\",\"idxP\":28},{\"nm\":\"Asperge\",\"nme\":\"Asparagus\",\"attr\":\"\",\"sku\":\"04080\",\"l2\":\"L\u00E9gumes\",\"sl\":\"asperge-04080\",\"sn\":\"\",\"idxP\":51},{\"mq\":\"Balsa\u00EF\",\"nm\":\"Ail noir biologique bulbe\",\"nme\":\"Organic Black Garlic Bulb\",\"attr\":\"Biologique, Aliment du Qu\u00E9bec, Produit local\",\"sku\":\"27580\",\"l2\":\"L\u00E9gumes\",\"sl\":\"ail-noir-biologique-bulbe-balsai-27580\",\"sn\":\"biologique, bio, organic, organique\",\"idxP\":21},{\"mq\":\"Balsa\u00EF\",\"nm\":\"Ail noir biologique p\u00E2te\",\"nme\":\"Organic Black Garlic Paste\",\"attr\":\"Biologique, Aliment du Qu\u00E9bec, Produit local\",\"sku\":\"27579\",\"l2\":\"L\u00E9gumes\",\"sl\":\"ail-noir-biologique-pate-balsai-27579\",\"sn\":\"biologique, bio, organic, organique\",\"idxP\":25},{\"mq\":\"Attitude\",\"nm\":\"\u00C9chalote fran\u00E7aise\",\"nme\":\"Dry Shallot\",\"attr\":\"Aliment du Qu\u00E9bec, Produit local\",\"sku\":\"52710\",\"l2\":\"L\u00E9gumes\",\"sl\":\"echalote-francaise-attitude-52710\",\"sn\":\"\",\"idxP\":100},{\"mq\":\"Renato\",\"nm\":\"Pesto aux tomates s\u00E9ch\u00E9es\",\"nme\":\"Dried Tomatoes Pesto\",\"attr\":\"\",\"sku\":\"13998\",\"l2\":\"Fines herbes et vinaigrette\",\"sl\":\"pesto-aux-tomates-sechees-renato-13998\",\"sn\":\"tomates\",\"idxP\":24},{\"mq\":\"Renato\",\"nm\":\"Pesto au basilic frais\",\"nme\":\"Fresh Basil Pesto\",\"attr\":\"Produit local\",\"sku\":\"49289\",\"l2\":\"Fines herbes et vinaigrette\",\"sl\":\"pesto-au-basilic-frais-renato-49289\",\"sn\":\"\",\"idxP\":63},{\"nm\":\"Tomate italienne\",\"nme\":\"Italian Tomato\",\"attr\":\"\",\"sku\":\"09278\",\"l2\":\"L\u00E9gumes\",\"sl\":\"tomate-italienne-09278\",\"sn\":\"tomates\",\"idxP\":73},{\"nm\":\"Carotte\",\"nme\":\"Carrot\",\"attr\":\"Produit local\",\"sku\":\"26943\",\"l2\":\"L\u00E9gumes\",\"sl\":\"carotte-26943\",\"sn\":\"carottes\",\"idxP\":100},{\"nm\":\"Laitue boston duo\",\"nme\":\"Boston Lettuce Duo\",\"attr\":\"Aliment du Qu\u00E9bec, Produit local\",\"sku\":\"80044\",\"l2\":\"L\u00E9gumes\",\"sl\":\"laitue-boston-duo-80044\",\"sn\":\"\",\"idxP\":74},{\"nm\":\"Champignon blanc entier\",\"nme\":\"Whole White Mushroom\",\"attr\":\"\",\"sku\":\"15305\",\"l2\":\"L\u00E9gumes\",\"sl\":\"champignon-blanc-entier-15305\",\"sn\":\"\",\"idxP\":100},{\"nm\":\"Poivron vert\",\"nme\":\"Green Bell Pepper\",\"attr\":\"\",\"sku\":\"40792\",\"l2\":\"L\u00E9gumes\",\"sl\":\"poivron-vert-40792\",\"sn\":\"\",\"idxP\":65},{\"nm\":\"Carambole\",\"nme\":\"Starfruit\",\"attr\":\"\",\"sku\":\"04256\",\"l2\":\"Fruits\",\"sl\":\"carambole-04256\",\"sn\":\"\",\"idxP\":1},{\"nm\":\"Laitue iceberg\",\"nme\":\"Iceberg Lettuces\",\"attr\":\"\",\"sku\":\"04061\",\"l2\":\"L\u00E9gumes\",\"sl\":\"laitue-iceberg-04061\",\"sn\":\"\",\"idxP\":100},{\"mq\":\"D\u00E9lices de la For\u00EAt\",\"nm\":\"Tomate s\u00E9ch\u00E9e\",\"nme\":\"Dried Tomato\",\"attr\":\"\",\"sku\":\"40671\",\"l2\":\"Noix et fruits secs\",\"sl\":\"tomate-sechee-delices-de-la-foret-40671\",\"sn\":\"tomates\",\"idxP\":71},{\"mq\":\"Mayrand CHEF\",\"nm\":\"Chocolat blanc pastille\",\"nme\":\"White Chocolate Chip\",\"attr\":\"\",\"sku\":\"28219\",\"l2\":\"Noix et fruits secs\",\"sl\":\"chocolat-blanc-pastille-mayrand-chef-28219\",\"sn\":\"\",\"idxP\":92},{\"mq\":\"Mayrand CHEF\",\"nm\":\"Chocolat noir pastille\",\"nme\":\"Dark Chocolate Chip\",\"attr\":\"\",\"sku\":\"28222\",\"l2\":\"Noix et fruits secs\",\"sl\":\"chocolat-noir-pastille-mayrand-chef-28222\",\"sn\":\"\",\"idxP\":98},{\"mq\":\"Mayrand CHEF\",\"nm\":\"Chocolat au lait pastille\",\"nme\":\"Milk Chocolate Chip\",\"attr\":\"\",\"sku\":\"28220\",\"l2\":\"Noix et fruits secs\",\"sl\":\"chocolat-au-lait-pastille-mayrand-chef-28220\",\"sn\":\"\",\"idxP\":100},{\"nm\":\"Cantaloup\",\"nme\":\"Cantaloupe\",\"attr\":\"\",\"sku\":\"04050\",\"l2\":\"Fruits\",\"sl\":\"cantaloup-04050\",\"sn\":\"\",\"idxP\":96},{\"nm\":\"Chou-fleur\",\"nme\":\"Cauliflower\",\"attr\":\"\",\"sku\":\"04079\",\"l2\":\"L\u00E9gumes\",\"sl\":\"chou-fleur-04079\",\"sn\":\"\",\"idxP\":100},{\"nm\":\"Oignon jaune\",\"nme\":\"Yellow Onion\",\"attr\":\"\",\"sku\":\"04667\",\"l2\":\"L\u00E9gumes\",\"sl\":\"oignon-jaune-04667\",\"sn\":\"onions, oignons\",\"idxP\":91},{\"nm\":\"Graine de chia noir\",\"nme\":\"Black chia seed\",\"attr\":\"Sans gluten\",\"sku\":\"37840\",\"l2\":\"Noix et fruits secs\",\"sl\":\"graine-de-chia-noir-37840\",\"sn\":\"\",\"idxP\":0},{\"nm\":\"Tomate italienne\",\"nme\":\"Italian tomato\",\"attr\":\"\",\"sku\":\"04087\",\"l2\":\"L\u00E9gumes\",\"sl\":\"tomate-italienne-04087\",\"sn\":\"tomates\",\"idxP\":-123},{\"nm\":\"Graine de s\u00E9same blanche crue\",\"nme\":\"White seed sesame\",\"attr\":\"\",\"sku\":\"23550\",\"l2\":\"Noix et fruits secs\",\"sl\":\"graine-de-sesame-blanche-crue-23550\",\"sn\":\"\",\"idxP\":0},{\"nm\":\"Fruit du dragon\",\"nme\":\"Dragonfruit\",\"attr\":\"\",\"sku\":\"03040\",\"l2\":\"Fruits\",\"sl\":\"fruit-du-dragon-03040\",\"sn\":\"\",\"idxP\":73},{\"nm\":\"Laitue arcadienne\",\"nme\":\"Arcadian Lettuce\",\"attr\":\"\",\"sku\":\"80045\",\"l2\":\"L\u00E9gumes\",\"sl\":\"laitue-arcadienne-80045\",\"sn\":\"\",\"idxP\":94},{\"nm\":\"Oignon vert x3\",\"nme\":\"Green Onion x3\",\"attr\":\"\",\"sku\":\"80009\",\"l2\":\"L\u00E9gumes\",\"sl\":\"oignon-vert-x3-80009\",\"sn\":\"onions, oignons\",\"idxP\":-15},{\"nm\":\"Pain de sucre d'\u00E9rable du Qu\u00E9bec\",\"nme\":\"Quebec Maple Sugar Block\",\"attr\":\"Produit local\",\"sku\":\"40196\",\"l2\":\"Autre\",\"sl\":\"pain-de-sucre-derable-du-quebec-40196\",\"sn\":\"\",\"idxP\":4},{\"nm\":\"Popcorn au sirop d'\u00E9rable du Qu\u00E9bec\",\"nme\":\"Quebec Maple Syrup Popcorn\",\"attr\":\"Produit local\",\"sku\":\"40208\",\"l2\":\"Autre\",\"sl\":\"popcorn-au-sirop-derable-du-quebec-40208\",\"sn\":\"\",\"idxP\":9},{\"nm\":\"Barbe \u00E0 papa \u00E0 l'\u00E9rable du Qu\u00E9bec\",\"nme\":\"Quebec Maple Cotton Candy\",\"attr\":\"Produit local\",\"sku\":\"40209\",\"l2\":\"Autre\",\"sl\":\"barbe-a-papa-a-lerable-du-quebec-40209\",\"sn\":\"\",\"idxP\":49},{\"nm\":\"Caramel \u00E0 l'\u00E9rable et fleur de sel du Qu\u00E9bec\",\"nme\":\"Quebec Maple Taffy and Salt Flower\",\"attr\":\"Produit local\",\"sku\":\"40195\",\"l2\":\"Autre\",\"sl\":\"caramel-a-lerable-et-fleur-de-sel-du-quebec-40195\",\"sn\":\"\",\"idxP\":11},{\"nm\":\"Bonbon \u00E0 la tire d'\u00E9rable du Qu\u00E9bec\",\"nme\":\"Quebec Maple Taffy Candy\",\"attr\":\"Produit local\",\"sku\":\"40206\",\"l2\":\"Autre\",\"sl\":\"bonbon-a-la-tire-derable-du-quebec-40206\",\"sn\":\"\",\"idxP\":31},{\"nm\":\"Beurre d'\u00E9rable du Qu\u00E9bec\",\"nme\":\"Quebec Maple Butter\",\"attr\":\"Produit local\",\"sku\":\"40197\",\"l2\":\"Autre\",\"sl\":\"beurre-derable-du-quebec-40197\",\"sn\":\"\",\"idxP\":67},{\"nm\":\"Vinaigrette sucr\u00E9e \u00E0 l'\u00E9rable du Qu\u00E9bec\",\"nme\":\"Quebec Sweet Maple Vinaigrette\",\"attr\":\"Produit local\",\"sku\":\"40199\",\"l2\":\"Autre\",\"sl\":\"vinaigrette-sucree-a-lerable-du-quebec-40199\",\"sn\":\"\",\"idxP\":6},{\"nm\":\"Tire d'\u00E9rable du Qu\u00E9bec\",\"nme\":\"Quebec Maple Taffy\",\"attr\":\"\",\"sku\":\"40192\",\"l2\":\"Autre\",\"sl\":\"tire-derable-du-quebec-40192\",\"sn\":\"\",\"idxP\":45},{\"nm\":\"Alo\u00E8s\",\"nme\":\"Aloe Vera\",\"attr\":\"\",\"sku\":\"03064\",\"l2\":\"L\u00E9gumes\",\"sl\":\"aloes-03064\",\"sn\":\"\",\"idxP\":7},{\"nm\":\"Papaye\",\"nme\":\"Papaya\",\"attr\":\"\",\"sku\":\"03111\",\"l2\":\"Fruits\",\"sl\":\"papaye-03111\",\"sn\":\"\",\"idxP\":76},{\"nm\":\"Betterave jaune\",\"nme\":\"Yellow Beet\",\"attr\":\"Produit local\",\"sku\":\"03273\",\"l2\":\"L\u00E9gumes\",\"sl\":\"betterave-jaune-03273\",\"sn\":\"\",\"idxP\":71},{\"nm\":\"Ail tress\u00E9\",\"nme\":\"Braided Garlic\",\"attr\":\"\",\"sku\":\"03052\",\"l2\":\"L\u00E9gumes\",\"sl\":\"ail-tresse-03052\",\"sn\":\"\",\"idxP\":100},{\"nm\":\"Orange navel\",\"nme\":\"Navel Orange\",\"attr\":\"\",\"sku\":\"04012\",\"l2\":\"Fruits\",\"sl\":\"orange-navel-04012\",\"sn\":\"\",\"idxP\":76},{\"nm\":\"Kiwi\",\"nme\":\"Kiwi\",\"attr\":\"\",\"sku\":\"04030\",\"l2\":\"Fruits\",\"sl\":\"kiwi-04030\",\"sn\":\"\",\"idxP\":100},{\"nm\":\"Melon d'eau\",\"nme\":\"Watermelon\",\"attr\":\"\",\"sku\":\"04032\",\"l2\":\"Fruits\",\"sl\":\"melon-deau-04032\",\"sn\":\"\",\"idxP\":67},{\"nm\":\"Framboise\",\"nme\":\"Raspberry\",\"attr\":\"\",\"sku\":\"04054\",\"l2\":\"Fruits\",\"sl\":\"framboise-04054\",\"sn\":\"framboises\",\"idxP\":100},{\"nm\":\"Fraise\",\"nme\":\"Strawberry\",\"attr\":\"\",\"sku\":\"04028\",\"l2\":\"Fruits\",\"sl\":\"fraise-04028\",\"sn\":\"fraises\",\"idxP\":100},{\"nm\":\"Patate douce orange\",\"nme\":\"Orange Sweet Potato\",\"attr\":\"\",\"sku\":\"04091\",\"l2\":\"L\u00E9gumes\",\"sl\":\"patate-douce-orange-04091\",\"sn\":\"patates\",\"idxP\":30},{\"nm\":\"P\u00EAche\",\"nme\":\"Peach\",\"attr\":\"\",\"sku\":\"04038\",\"l2\":\"Fruits\",\"sl\":\"peche-04038\",\"sn\":\"\",\"idxP\":27},{\"nm\":\"C\u00E9leri\",\"nme\":\"Celery\",\"attr\":\"\",\"sku\":\"04070\",\"l2\":\"L\u00E9gumes\",\"sl\":\"celeri-04070\",\"sn\":\"\",\"idxP\":100},{\"nm\":\"M\u00FBre\",\"nme\":\"Blackberry\",\"attr\":\"\",\"sku\":\"04239\",\"l2\":\"Fruits\",\"sl\":\"mure-04239\",\"sn\":\"\",\"idxP\":100},{\"nm\":\"Fruit de la passion\",\"nme\":\"Passion Fruit\",\"attr\":\"\",\"sku\":\"03312\",\"l2\":\"Fruits\",\"sl\":\"fruit-de-la-passion-03312\",\"sn\":\"\",\"idxP\":72},{\"nm\":\"Bleuet\",\"nme\":\"Blueberry\",\"attr\":\"\",\"sku\":\"04240\",\"l2\":\"Fruits\",\"sl\":\"bleuet-04240\",\"sn\":\"\",\"idxP\":95},{\"nm\":\"Laitue feuille verte\",\"nme\":\"Green Leaf Lettuce\",\"attr\":\"\",\"sku\":\"04076\",\"l2\":\"L\u00E9gumes\",\"sl\":\"laitue-feuille-verte-04076\",\"sn\":\"\",\"idxP\":91},{\"nm\":\"Cerise de terre\",\"nme\":\"Physalis\",\"attr\":\"\",\"sku\":\"04259\",\"l2\":\"Fruits\",\"sl\":\"cerise-de-terre-04259\",\"sn\":\"\",\"idxP\":81},{\"nm\":\"Anis\",\"nme\":\"Anise\",\"attr\":\"\",\"sku\":\"04515\",\"l2\":\"L\u00E9gumes\",\"sl\":\"anis-04515\",\"sn\":\"\",\"idxP\":85},{\"nm\":\"Rapini\",\"nme\":\"Rapini\",\"attr\":\"\",\"sku\":\"04547\",\"l2\":\"L\u00E9gumes\",\"sl\":\"rapini-04547\",\"sn\":\"\",\"idxP\":62},{\"nm\":\"F\u00E8ve germ\u00E9e\",\"nme\":\"Bean Sprout\",\"attr\":\"\",\"sku\":\"04536\",\"l2\":\"L\u00E9gumes\",\"sl\":\"feve-germee-04536\",\"sn\":\"\",\"idxP\":78},{\"nm\":\"Concombre anglais\",\"nme\":\"English Cucumber\",\"attr\":\"\",\"sku\":\"04593\",\"l2\":\"L\u00E9gumes\",\"sl\":\"concombre-anglais-04593\",\"sn\":\"concombres\",\"idxP\":100},{\"nm\":\"Gingembre racine\",\"nme\":\"Fresh Ginger\",\"attr\":\"\",\"sku\":\"04612\",\"l2\":\"L\u00E9gumes\",\"sl\":\"gingembre-racine-04612\",\"sn\":\"\",\"idxP\":66},{\"nm\":\"F\u00E8ve jaune\",\"nme\":\"Yellow Bean\",\"attr\":\"\",\"sku\":\"04533\",\"l2\":\"L\u00E9gumes\",\"sl\":\"feve-jaune-04533\",\"sn\":\"\",\"idxP\":26},{\"nm\":\"Tomate vigne rouge\",\"nme\":\"Red Vine Tomato\",\"attr\":\"\",\"sku\":\"04664\",\"l2\":\"L\u00E9gumes\",\"sl\":\"tomate-vigne-rouge-04664\",\"sn\":\"tomates\",\"idxP\":-154},{\"nm\":\"Pamplemousse rouge\",\"nme\":\"Red Grapefruit\",\"attr\":\"\",\"sku\":\"04288\",\"l2\":\"Fruits\",\"sl\":\"pamplemousse-rouge-04288\",\"sn\":\"\",\"idxP\":100},{\"nm\":\"Courge butternut\",\"nme\":\"Butternut Squash\",\"attr\":\"\",\"sku\":\"04759\",\"l2\":\"L\u00E9gumes\",\"sl\":\"courge-butternut-04759\",\"sn\":\"courges\",\"idxP\":1},{\"nm\":\"Champignon pleurote frais\",\"nme\":\"Fresh Oyster Mushroom\",\"attr\":\"\",\"sku\":\"04649\",\"l2\":\"L\u00E9gumes\",\"sl\":\"champignon-pleurote-frais-04649\",\"sn\":\"\",\"idxP\":29},{\"nm\":\"Tomate rouge de serre\",\"nme\":\"Greenhouse Red Tomato\",\"attr\":\"Produit local\",\"sku\":\"04799\",\"l2\":\"L\u00E9gumes\",\"sl\":\"tomate-rouge-de-serre-04799\",\"sn\":\"tomates\",\"idxP\":-51},{\"nm\":\"Bok choy shangai\",\"nme\":\"Baby Bok Choy\",\"attr\":\"\",\"sku\":\"04544\",\"l2\":\"L\u00E9gumes\",\"sl\":\"bok-choy-shangai-04544\",\"sn\":\"\",\"idxP\":72},{\"nm\":\"Courge buttercup\",\"nme\":\"Buttercup Squash\",\"attr\":\"\",\"sku\":\"04769\",\"l2\":\"L\u00E9gumes\",\"sl\":\"courge-buttercup-04769\",\"sn\":\"courges\",\"idxP\":29},{\"nm\":\"Piment fort jalapeno\",\"nme\":\"Jalapeno Pepper\",\"attr\":\"\",\"sku\":\"04693\",\"l2\":\"L\u00E9gumes\",\"sl\":\"piment-fort-jalapeno-04693\",\"sn\":\"piments\",\"idxP\":68},{\"nm\":\"Piment fort habanero\",\"nme\":\"Habanero Pepper\",\"attr\":\"\",\"sku\":\"04710\",\"l2\":\"L\u00E9gumes\",\"sl\":\"piment-fort-habanero-04710\",\"sn\":\"piments\",\"idxP\":19},{\"nm\":\"Courge spaghetti\",\"nme\":\"Spaghetti Squash\",\"attr\":\"\",\"sku\":\"04776\",\"l2\":\"L\u00E9gumes\",\"sl\":\"courge-spaghetti-04776\",\"sn\":\"courges\",\"idxP\":58},{\"nm\":\"Champignon blanc\",\"nme\":\"White Mushroom\",\"attr\":\"\",\"sku\":\"04645\",\"l2\":\"L\u00E9gumes\",\"sl\":\"champignon-blanc-04645\",\"sn\":\"\",\"idxP\":73},{\"nm\":\"Okra\",\"nme\":\"Okra\",\"attr\":\"\",\"sku\":\"04655\",\"l2\":\"L\u00E9gumes\",\"sl\":\"okra-04655\",\"sn\":\"\",\"idxP\":15},{\"nm\":\"Piment fort poblano\",\"nme\":\"Poblano Pepper\",\"attr\":\"\",\"sku\":\"04705\",\"l2\":\"L\u00E9gumes\",\"sl\":\"piment-fort-poblano-04705\",\"sn\":\"piments\",\"idxP\":17},{\"nm\":\"Courgette blanche\",\"nme\":\"White Zucchini\",\"attr\":\"\",\"sku\":\"04785\",\"l2\":\"L\u00E9gumes\",\"sl\":\"courgette-blanche-04785\",\"sn\":\"courges, courgettes\",\"idxP\":69},{\"nm\":\"Navet\",\"nme\":\"Turnip\",\"attr\":\"\",\"sku\":\"04747\",\"l2\":\"L\u00E9gumes\",\"sl\":\"navet-04747\",\"sn\":\"\",\"idxP\":30},{\"nm\":\"Betterave\",\"nme\":\"Beet\",\"attr\":\"Produit local\",\"sku\":\"04965\",\"l2\":\"L\u00E9gumes\",\"sl\":\"betterave-04965\",\"sn\":\"\",\"idxP\":72},{\"nm\":\"Chayotte\",\"nme\":\"Chayote\",\"attr\":\"\",\"sku\":\"04761\",\"l2\":\"L\u00E9gumes\",\"sl\":\"chayotte-04761\",\"sn\":\"\",\"idxP\":16},{\"nm\":\"Chou vert\",\"nme\":\"Green Cabbage\",\"attr\":\"\",\"sku\":\"04997\",\"l2\":\"L\u00E9gumes\",\"sl\":\"chou-vert-04997\",\"sn\":\"\",\"idxP\":21},{\"nm\":\"Tomate rouge de champ\",\"nme\":\"Red field Tomato\",\"attr\":\"\",\"sku\":\"04800\",\"l2\":\"L\u00E9gumes\",\"sl\":\"tomate-rouge-de-champ-04800\",\"sn\":\"tomates\",\"idxP\":-5},{\"nm\":\"Tomate raisin\",\"nme\":\"Grape tomato\",\"attr\":\"\",\"sku\":\"05039\",\"l2\":\"L\u00E9gumes\",\"sl\":\"tomate-raisin-05039\",\"sn\":\"raisins, tomates\",\"idxP\":100},{\"nm\":\"Oignon moyen gros\",\"nme\":\"Medium Large Onion\",\"attr\":\"\",\"sku\":\"05021\",\"l2\":\"L\u00E9gumes\",\"sl\":\"oignon-moyen-gros-05021\",\"sn\":\"onions, oignons\",\"idxP\":100},{\"nm\":\"Champignon blanc entier biologique\",\"nme\":\"Whole White Organic Mushroom\",\"attr\":\"Biologique\",\"sku\":\"05031\",\"l2\":\"L\u00E9gumes\",\"sl\":\"champignon-blanc-entier-biologique-05031\",\"sn\":\"biologique, bio, organic, organique\",\"idxP\":46},{\"nm\":\"Carotte jumbo\",\"nme\":\"Jumbo Carrot\",\"attr\":\"Produit local\",\"sku\":\"04986\",\"l2\":\"L\u00E9gumes\",\"sl\":\"carotte-jumbo-04986\",\"sn\":\"carottes\",\"idxP\":57},{\"nm\":\"Orange filet\",\"nme\":\"Orange Bag\",\"attr\":\"\",\"sku\":\"05079\",\"l2\":\"Fruits\",\"sl\":\"orange-filet-05079\",\"sn\":\"\",\"idxP\":100},{\"nm\":\"Courge poivr\u00E9e\",\"nme\":\"Pepper Squash\",\"attr\":\"\",\"sku\":\"04750\",\"l2\":\"L\u00E9gumes\",\"sl\":\"courge-poivree-04750\",\"sn\":\"courges\",\"idxP\":32},{\"nm\":\"Navet\",\"nme\":\"Turnip\",\"attr\":\"\",\"sku\":\"05017\",\"l2\":\"L\u00E9gumes\",\"sl\":\"navet-05017\",\"sn\":\"\",\"idxP\":13},{\"nm\":\"Patate rouge\",\"nme\":\"Red Potato\",\"attr\":\"Produit local\",\"sku\":\"05215\",\"l2\":\"L\u00E9gumes\",\"sl\":\"patate-rouge-05215\",\"sn\":\"pommes\",\"idxP\":89},{\"nm\":\"Yucca\",\"nme\":\"Yuca\",\"attr\":\"\",\"sku\":\"04819\",\"l2\":\"L\u00E9gumes\",\"sl\":\"yucca-04819\",\"sn\":\"\",\"idxP\":17},{\"nm\":\"Champignon portabella t\u00EAte\",\"nme\":\"Portabella Mushroom Cap\",\"attr\":\"\",\"sku\":\"05000\",\"l2\":\"L\u00E9gumes\",\"sl\":\"champignon-portabella-tete-05000\",\"sn\":\"\",\"idxP\":26},{\"nm\":\"F\u00E8ve jaune\",\"nme\":\"Yellow Bean\",\"attr\":\"\",\"sku\":\"07776\",\"l2\":\"L\u00E9gumes\",\"sl\":\"feve-jaune-07776\",\"sn\":\"\",\"idxP\":-1},{\"nm\":\"Ch\u00E2taigne\",\"nme\":\"Peeled Chestnut\",\"attr\":\"\",\"sku\":\"05168\",\"l2\":\"Fruits\",\"sl\":\"chataigne-05168\",\"sn\":\"\",\"idxP\":100},{\"nm\":\"Patate blanche\",\"nme\":\"White Potato\",\"attr\":\"Produit local\",\"sku\":\"07516\",\"l2\":\"L\u00E9gumes\",\"sl\":\"patate-blanche-07516\",\"sn\":\"pommes\",\"idxP\":71},{\"nm\":\"Orange navel\",\"nme\":\"Navel Orange\",\"attr\":\"\",\"sku\":\"07822\",\"l2\":\"Fruits\",\"sl\":\"orange-navel-07822\",\"sn\":\"\",\"idxP\":65},{\"nm\":\"Patate jaune\",\"nme\":\"Yellow Potato\",\"attr\":\"Produit local\",\"sku\":\"07514\",\"l2\":\"L\u00E9gumes\",\"sl\":\"patate-jaune-07514\",\"sn\":\"pommes\",\"idxP\":86},{\"nm\":\"Orange bo\u00EEte\",\"nme\":\"Orange Box\",\"attr\":\"\",\"sku\":\"07826\",\"l2\":\"Fruits\",\"sl\":\"orange-boite-07826\",\"sn\":\"\",\"idxP\":71},{\"nm\":\"Patate pel\u00E9e b\u00E2ton\",\"nme\":\"Peeled Potato Stick\",\"attr\":\"\",\"sku\":\"07523\",\"l2\":\"Fruits et l\u00E9gumes coup\u00E9s\",\"sl\":\"patate-pelee-baton-07523\",\"sn\":\"pommes\",\"idxP\":39},{\"nm\":\"Poire rocha\",\"nme\":\"Rocha Pear\",\"attr\":\"\",\"sku\":\"08034\",\"l2\":\"Fruits\",\"sl\":\"poire-rocha-08034\",\"sn\":\"poires\",\"idxP\":100},{\"nm\":\"Chou vert sac\",\"nme\":\"Green Cabbage in Bag\",\"attr\":\"\",\"sku\":\"09140\",\"l2\":\"L\u00E9gumes\",\"sl\":\"chou-vert-sac-09140\",\"sn\":\"\",\"idxP\":51},{\"nm\":\"Avocat en filet\",\"nme\":\"Avocado Mesh Bag\",\"attr\":\"\",\"sku\":\"09190\",\"l2\":\"L\u00E9gumes\",\"sl\":\"avocat-en-filet-09190\",\"sn\":\"avocats\",\"idxP\":100},{\"nm\":\"Oignon rouge\",\"nme\":\"Red Onion\",\"attr\":\"\",\"sku\":\"09226\",\"l2\":\"L\u00E9gumes\",\"sl\":\"oignon-rouge-09226\",\"sn\":\"onions, oignons\",\"idxP\":51},{\"nm\":\"Pomme mcintosh\",\"nme\":\"McIntosh Apple\",\"attr\":\"\",\"sku\":\"10887\",\"l2\":\"Fruits\",\"sl\":\"pomme-mcintosh-10887\",\"sn\":\"apples, pommes\",\"idxP\":93},{\"mq\":\"Renato\",\"nm\":\"Ail extra \u00E9minc\u00E9\",\"nme\":\"Extra Fine Chopped Garlic\",\"attr\":\"Produit local\",\"sku\":\"13719\",\"l2\":\"Fines herbes et vinaigrette\",\"sl\":\"ail-extra-emince-renato-13719\",\"sn\":\"\",\"idxP\":27},{\"nm\":\"Pomme empire\",\"nme\":\"Empire Apple\",\"attr\":\"\",\"sku\":\"08083\",\"l2\":\"Fruits\",\"sl\":\"pomme-empire-08083\",\"sn\":\"apples, pommes\",\"idxP\":86},{\"mq\":\"Ren\u00E9e's\",\"nm\":\"Vinaigrette miel et Dijon\",\"nme\":\"Honey Dijon Dressing\",\"attr\":\"\",\"sku\":\"13562\",\"l2\":\"Fines herbes et vinaigrette\",\"sl\":\"vinaigrette-miel-et-dijon-renees-13562\",\"sn\":\"\",\"idxP\":14},{\"nm\":\"Ail hach\u00E9\",\"nme\":\"Chopped Garlic\",\"attr\":\"\",\"sku\":\"13729\",\"l2\":\"L\u00E9gumes\",\"sl\":\"ail-hache-13729\",\"sn\":\"\",\"idxP\":16},{\"nm\":\"Carotte nantaise orange\",\"nme\":\"Orange Nante Carrot\",\"attr\":\"Produit local\",\"sku\":\"09116\",\"l2\":\"L\u00E9gumes\",\"sl\":\"carotte-nantaise-orange-09116\",\"sn\":\"carottes\",\"idxP\":63},{\"nm\":\"Courge poivr\u00E9e\",\"nme\":\"Pepper Squash\",\"attr\":\"\",\"sku\":\"09296\",\"l2\":\"L\u00E9gumes\",\"sl\":\"courge-poivree-09296\",\"sn\":\"courges\",\"idxP\":3},{\"nm\":\"Banane\",\"nme\":\"Banana\",\"attr\":\"\",\"sku\":\"15119\",\"l2\":\"Fruits\",\"sl\":\"banane-15119\",\"sn\":\"ananas, bananes\",\"idxP\":65},{\"nm\":\"Patate douce orange\",\"nme\":\"Sweet Potato\",\"attr\":\"\",\"sku\":\"05225\",\"l2\":\"L\u00E9gumes\",\"sl\":\"patate-douce-orange-05225\",\"sn\":\"patates\",\"idxP\":25},{\"nm\":\"Patate pel\u00E9e ronde\",\"nme\":\"Round Peeled Potato\",\"attr\":\"\",\"sku\":\"07519\",\"l2\":\"Fruits et l\u00E9gumes coup\u00E9s\",\"sl\":\"patate-pelee-ronde-07519\",\"sn\":\"pommes\",\"idxP\":45},{\"nm\":\"Bok choy shangai\",\"nme\":\"Shangai Bok Choy\",\"attr\":\"\",\"sku\":\"09311\",\"l2\":\"L\u00E9gumes\",\"sl\":\"bok-choy-shangai-09311\",\"sn\":\"\",\"idxP\":0},{\"mq\":\"Renato\",\"nm\":\"Ail fleur \u00E9minc\u00E9 du Qu\u00E9bec\",\"nme\":\"Minced Garlic Flower QC\",\"attr\":\"Produit local\",\"sku\":\"13999\",\"l2\":\"Fines herbes et vinaigrette\",\"sl\":\"ail-fleur-emince-du-quebec-renato-13999\",\"sn\":\"\",\"idxP\":14},{\"mq\":\"Chant-o-vent\",\"nm\":\"Ail entier aux fines herbes\",\"nme\":\"Peeled Garlic with Herbs\",\"attr\":\"Aliment du Qu\u00E9bec, Produit local\",\"sku\":\"14046\",\"l2\":\"L\u00E9gumes\",\"sl\":\"ail-entier-aux-fines-herbes-chant-o-vent-14046\",\"sn\":\"\",\"idxP\":25},{\"nm\":\"Poivron suntan\",\"nme\":\"Suntan bell pepper\",\"attr\":\"\",\"sku\":\"13763\",\"l2\":\"L\u00E9gumes\",\"sl\":\"poivron-suntan-13763\",\"sn\":\"\",\"idxP\":58},{\"nm\":\"Oignon rouge\",\"nme\":\"Red Onion\",\"attr\":\"\",\"sku\":\"22023\",\"l2\":\"L\u00E9gumes\",\"sl\":\"oignon-rouge-22023\",\"sn\":\"onions, oignons\",\"idxP\":62},{\"nm\":\"Patate chef blanche\",\"nme\":\"Jumbo White Potato\",\"attr\":\"Produit local\",\"sku\":\"22058\",\"l2\":\"L\u00E9gumes\",\"sl\":\"patate-chef-blanche-22058\",\"sn\":\"pommes\",\"idxP\":95},{\"nm\":\"Poivron jaune\",\"nme\":\"Yellow Bell Pepper\",\"attr\":\"\",\"sku\":\"17011\",\"l2\":\"L\u00E9gumes\",\"sl\":\"poivron-jaune-17011\",\"sn\":\"\",\"idxP\":34},{\"mq\":\"du Bas-du-Fleuve\",\"nm\":\"Herbes sal\u00E9es en pot\",\"nme\":\"Salted Herbs\",\"attr\":\"Produit local\",\"sku\":\"17624\",\"l2\":\"Fines herbes et vinaigrette\",\"sl\":\"herbes-salees-en-pot-du-bas-du-fleuve-17624\",\"sn\":\"\",\"idxP\":56},{\"mq\":\"Chant-o-vent\",\"nm\":\"Ail \u00E9minc\u00E9 du Qu\u00E9bec\",\"nme\":\"Minced Garlic QC\",\"attr\":\"Aliment du Qu\u00E9bec, Produit local\",\"sku\":\"13928\",\"l2\":\"L\u00E9gumes\",\"sl\":\"ail-emince-du-quebec-chant-o-vent-13928\",\"sn\":\"\",\"idxP\":32},{\"mq\":\"Chant-o-vent\",\"nm\":\"Ail entier pel\u00E9 marin\u00E9\",\"nme\":\"Whole Peeled Garlic\",\"attr\":\"Aliment du Qu\u00E9bec, Produit local\",\"sku\":\"14002\",\"l2\":\"L\u00E9gumes\",\"sl\":\"ail-entier-pele-marine-chant-o-vent-14002\",\"sn\":\"\",\"idxP\":23},{\"mq\":\"du Bas-du-Fleuve\",\"nm\":\"Herbes sal\u00E9es en pot\",\"nme\":\"Salted Herbs\",\"attr\":\"\",\"sku\":\"17626\",\"l2\":\"Fines herbes et vinaigrette\",\"sl\":\"herbes-salees-en-pot-du-bas-du-fleuve-17626\",\"sn\":\"\",\"idxP\":54},{\"mq\":\"Renato\",\"nm\":\"Ail frais \u00E9minc\u00E9\",\"nme\":\"Minced Fresh Garlic\",\"attr\":\"Produit local\",\"sku\":\"17179\",\"l2\":\"L\u00E9gumes\",\"sl\":\"ail-frais-emince-renato-17179\",\"sn\":\"\",\"idxP\":22},{\"nm\":\"Patate rouge\",\"nme\":\"Red Potato\",\"attr\":\"Produit local\",\"sku\":\"22060\",\"l2\":\"L\u00E9gumes\",\"sl\":\"patate-rouge-22060\",\"sn\":\"pommes\",\"idxP\":84},{\"nm\":\"Courge butternut\",\"nme\":\"Butternut Squash\",\"attr\":\"\",\"sku\":\"22069\",\"l2\":\"L\u00E9gumes\",\"sl\":\"courge-butternut-22069\",\"sn\":\"courges\",\"idxP\":8},{\"mq\":\"La Jardini\u00E8re\",\"nm\":\"\u00C9pices pour salades et l\u00E9gumes Louisiane\",\"nme\":\"Louisiana Salad and Vegetable Spices\",\"attr\":\"\",\"sku\":\"26662\",\"l2\":\"Fines herbes et vinaigrette\",\"sl\":\"epices-pour-salades-et-legumes-louisiane-la-jardiniere-26662\",\"sn\":\"\",\"idxP\":28},{\"mq\":\"La Jardini\u00E8re\",\"nm\":\"\u00C9pices pour l\u00E9gumes Patates \u00E0 la grecque\",\"nme\":\"Greek Style Potatoes Vegetable Spices\",\"attr\":\"\",\"sku\":\"26665\",\"l2\":\"Fines herbes et vinaigrette\",\"sl\":\"epices-pour-legumes-patates-a-la-grecque-la-jardiniere-26665\",\"sn\":\"patates\",\"idxP\":32},{\"mq\":\"La Jardini\u00E8re\",\"nm\":\"\u00C9pices pour l\u00E9gumes Patates rissol\u00E9es\",\"nme\":\"Roasted Potatoes Vegetable Spices\",\"attr\":\"\",\"sku\":\"26672\",\"l2\":\"Fines herbes et vinaigrette\",\"sl\":\"epices-pour-legumes-patates-rissolees-la-jardiniere-26672\",\"sn\":\"patates\",\"idxP\":4},{\"nm\":\"Patate jaune\",\"nme\":\"Yellow Potato\",\"attr\":\"Produit local\",\"sku\":\"26659\",\"l2\":\"L\u00E9gumes\",\"sl\":\"patate-jaune-26659\",\"sn\":\"pommes\",\"idxP\":100},{\"mq\":\"La Jardini\u00E8re\",\"nm\":\"\u00C9pices pour l\u00E9gumes Patates simili bacon\",\"nme\":\"Mock Bacon Potatoes Vegetable Spices\",\"attr\":\"\",\"sku\":\"26666\",\"l2\":\"Fines herbes et vinaigrette\",\"sl\":\"epices-pour-legumes-patates-simili-bacon-la-jardiniere-26666\",\"sn\":\"pommes\",\"idxP\":10},{\"mq\":\"La Jardini\u00E8re\",\"nm\":\"\u00C9pices pour l\u00E9gumes Patates \u00E0 la grecque\",\"nme\":\"Greek Style Potatoes Vegetable Spices\",\"attr\":\"\",\"sku\":\"26671\",\"l2\":\"Fines herbes et vinaigrette\",\"sl\":\"epices-pour-legumes-patates-a-la-grecque-la-jardiniere-26671\",\"sn\":\"patates\",\"idxP\":11},{\"mq\":\"Chant-o-vent\",\"nm\":\"Ail \u00E9minc\u00E9 du Qu\u00E9bec\",\"nme\":\"Minced Garlic QC\",\"attr\":\"Aliment du Qu\u00E9bec, Produit local\",\"sku\":\"17381\",\"l2\":\"L\u00E9gumes\",\"sl\":\"ail-emince-du-quebec-chant-o-vent-17381\",\"sn\":\"\",\"idxP\":41},{\"nm\":\"Arachide \u00E9miett\u00E9e\",\"nme\":\"Crumbled Peanut\",\"attr\":\"\",\"sku\":\"24902\",\"l2\":\"Noix et fruits secs\",\"sl\":\"arachide-emiettee-24902\",\"sn\":\"\",\"idxP\":0},{\"mq\":\"La Jardini\u00E8re\",\"nm\":\"\u00C9pices pour salades et l\u00E9gumes Classique\",\"nme\":\"Classic Salad and Vegetable Spices\",\"attr\":\"\",\"sku\":\"26661\",\"l2\":\"Fines herbes et vinaigrette\",\"sl\":\"epices-pour-salades-et-legumes-classique-la-jardiniere-26661\",\"sn\":\"\",\"idxP\":45},{\"mq\":\"La Jardini\u00E8re\",\"nm\":\"\u00C9pices pour salades et l\u00E9gumes Saveur naturelle\",\"nme\":\"Natural Taste Salad and Vegetable Spices\",\"attr\":\"Produit local\",\"sku\":\"26663\",\"l2\":\"Fines herbes et vinaigrette\",\"sl\":\"epices-pour-salades-et-legumes-saveur-naturelle-la-jardiniere-26663\",\"sn\":\"\",\"idxP\":38},{\"nm\":\"Ail\",\"nme\":\"Garlic\",\"attr\":\"\",\"sku\":\"13712\",\"l2\":\"L\u00E9gumes\",\"sl\":\"ail-13712\",\"sn\":\"\",\"idxP\":2},{\"mq\":\"La Jardini\u00E8re\",\"nm\":\"\u00C9pices pour l\u00E9gumes Bruschettaaah!\",\"nme\":\"Bruschettaaah! Vegetable Spices\",\"attr\":\"\",\"sku\":\"26664\",\"l2\":\"Fines herbes et vinaigrette\",\"sl\":\"epices-pour-legumes-bruschettaaah-la-jardiniere-26664\",\"sn\":\"\",\"idxP\":35},{\"mq\":\"La Jardini\u00E8re\",\"nm\":\"\u00C9pices pour salades et l\u00E9gumes Classique\",\"nme\":\"Classic Salad and Vegetable Spices\",\"attr\":\"\",\"sku\":\"26670\",\"l2\":\"Fines herbes et vinaigrette\",\"sl\":\"epices-pour-salades-et-legumes-classique-la-jardiniere-26670\",\"sn\":\"\",\"idxP\":14},{\"nm\":\"Carotte mini pel\u00E9e\",\"nme\":\"Peeled Baby Carrot\",\"attr\":\"\",\"sku\":\"26726\",\"l2\":\"L\u00E9gumes\",\"sl\":\"carotte-mini-pelee-26726\",\"sn\":\"carottes\",\"idxP\":100},{\"nm\":\"Tomate vigne rouge cs\",\"nme\":\"Vine Tomato\",\"attr\":\"\",\"sku\":\"26785\",\"l2\":\"L\u00E9gumes\",\"sl\":\"tomate-vigne-rouge-cs-26785\",\"sn\":\"tomates\",\"idxP\":100},{\"nm\":\"Champignon mini bella entier\",\"nme\":\"Whole Mini Bella Mushroom\",\"attr\":\"\",\"sku\":\"26934\",\"l2\":\"L\u00E9gumes\",\"sl\":\"champignon-mini-bella-entier-26934\",\"sn\":\"\",\"idxP\":26},{\"nm\":\"Ail pel\u00E9\",\"nme\":\"Peeled Garlic\",\"attr\":\"\",\"sku\":\"27286\",\"l2\":\"L\u00E9gumes\",\"sl\":\"ail-pele-27286\",\"sn\":\"\",\"idxP\":86},{\"nm\":\"Poire asiatique\",\"nme\":\"Asian Pear\",\"attr\":\"\",\"sku\":\"27377\",\"l2\":\"Fruits\",\"sl\":\"poire-asiatique-27377\",\"sn\":\"poires\",\"idxP\":2},{\"mq\":\"La Jardini\u00E8re\",\"nm\":\"\u00C9pices pour l\u00E9gumes Patates rissol\u00E9es\",\"nme\":\"Roasted Potatoes Spices\",\"attr\":\"\",\"sku\":\"26667\",\"l2\":\"Fines herbes et vinaigrette\",\"sl\":\"epices-pour-legumes-patates-rissolees-la-jardiniere-26667\",\"sn\":\"pommes\",\"idxP\":25},{\"mq\":\"La Jardini\u00E8re\",\"nm\":\"\u00C9pices pour Bloody Caesar\",\"nme\":\"Bloody Caesar Spices\",\"attr\":\"\",\"sku\":\"26678\",\"l2\":\"Fines herbes et vinaigrette\",\"sl\":\"epices-pour-bloody-caesar-la-jardiniere-26678\",\"sn\":\"\",\"idxP\":12},{\"nm\":\"Cerise rouge enti\u00E8re confite\",\"nme\":\"Glazed Red Cherry\",\"attr\":\"\",\"sku\":\"16045\",\"l2\":\"Noix et fruits secs\",\"sl\":\"cerise-rouge-entiere-confite-16045\",\"sn\":\"\",\"idxP\":0},{\"nm\":\"Patate chef jaune\",\"nme\":\"Jumbo Yellow Potato\",\"attr\":\"Produit local\",\"sku\":\"27372\",\"l2\":\"L\u00E9gumes\",\"sl\":\"patate-chef-jaune-27372\",\"sn\":\"pommes\",\"idxP\":80},{\"mq\":\"Mayrand CHEF\",\"nm\":\"Pistache bris\u00E9e\",\"nme\":\"Broken Pistachio\",\"attr\":\"\",\"sku\":\"27515\",\"l2\":\"Noix et fruits secs\",\"sl\":\"pistache-brisee-mayrand-chef-27515\",\"sn\":\"\",\"idxP\":79},{\"mq\":\"La Jardini\u00E8re\",\"nm\":\"Vanille naturelle en gousse\",\"nme\":\"Natural Vanilla Bean\",\"attr\":\"\",\"sku\":\"26668\",\"l2\":\"Fruits\",\"sl\":\"vanille-naturelle-en-gousse-la-jardiniere-26668\",\"sn\":\"\",\"idxP\":50},{\"nm\":\"Patate pel\u00E9e cube\",\"nme\":\"Cubed Peeled Potato\",\"attr\":\"\",\"sku\":\"27375\",\"l2\":\"Fruits et l\u00E9gumes coup\u00E9s\",\"sl\":\"patate-pelee-cube-27375\",\"sn\":\"pommes\",\"idxP\":44},{\"mq\":\"Mayrand CHEF\",\"nm\":\"Raisin Corinthe\",\"nme\":\"Corinthe Raisin\",\"attr\":\"\",\"sku\":\"27513\",\"l2\":\"Noix et fruits secs\",\"sl\":\"raisin-corinthe-mayrand-chef-27513\",\"sn\":\"raisins\",\"idxP\":58},{\"nm\":\"Champignon shimeji frais\",\"nme\":\"Fresh Shimeji Mushroom\",\"attr\":\"\",\"sku\":\"22466\",\"l2\":\"L\u00E9gumes\",\"sl\":\"champignon-shimeji-frais-22466\",\"sn\":\"\",\"idxP\":41},{\"mq\":\"Mayrand CHEF\",\"nm\":\"Amande r\u00F4tie sal\u00E9e\",\"nme\":\"Roasted and Salted Almond\",\"attr\":\"\",\"sku\":\"27769\",\"l2\":\"Noix et fruits secs\",\"sl\":\"amande-rotie-salee-mayrand-chef-27769\",\"sn\":\"amandes\",\"idxP\":79},{\"mq\":\"La Jardini\u00E8re\",\"nm\":\"\u00C9pices pour salades et l\u00E9gumes Saveur naturelle\",\"nme\":\"Natural Flavour Salad and Vegetable Spices\",\"attr\":\"\",\"sku\":\"26946\",\"l2\":\"Fines herbes et vinaigrette\",\"sl\":\"epices-pour-salades-et-legumes-saveur-naturelle-la-jardiniere-26946\",\"sn\":\"\",\"idxP\":4},{\"mq\":\"Mayrand CHEF\",\"nm\":\"Graine de citrouille r\u00F4tie non sal\u00E9e\",\"nme\":\"Roasted and Unsalted Pumkin Seed\",\"attr\":\"\",\"sku\":\"27518\",\"l2\":\"Noix et fruits secs\",\"sl\":\"graine-de-citrouille-rotie-non-salee-mayrand-chef-27518\",\"sn\":\"\",\"idxP\":80},{\"mq\":\"La Jardini\u00E8re\",\"nm\":\"\u00C9pices pour salades et l\u00E9gumes \u00C0 la grecque\",\"nme\":\"Greek Style Salad and Vegetable Spices\",\"attr\":\"\",\"sku\":\"26669\",\"l2\":\"Fines herbes et vinaigrette\",\"sl\":\"epices-pour-salades-et-legumes-la-grecque-la-jardiniere-26669\",\"sn\":\"\",\"idxP\":29},{\"nm\":\"\u00C9pinard cello\",\"nme\":\"Cello Spinach\",\"attr\":\"\",\"sku\":\"27359\",\"l2\":\"L\u00E9gumes\",\"sl\":\"epinard-cello-27359\",\"sn\":\"\",\"idxP\":78},{\"mq\":\"The Little Potato Company\",\"nm\":\"Patate grelot Trio Terrifique\",\"nme\":\"Terrific Trio Bell Potato\",\"attr\":\"\",\"sku\":\"27711\",\"l2\":\"L\u00E9gumes\",\"sl\":\"patate-grelot-trio-terrifique-the-little-potato-company-27711\",\"sn\":\"pommes\",\"idxP\":69},{\"mq\":\"Mayrand CHEF\",\"nm\":\"Amande tamari\",\"nme\":\"Tamari Almond\",\"attr\":\"\",\"sku\":\"27770\",\"l2\":\"Noix et fruits secs\",\"sl\":\"amande-tamari-mayrand-chef-27770\",\"sn\":\"amandes\",\"idxP\":79},{\"mq\":\"Mayrand CHEF\",\"nm\":\"Quinoa blanc\",\"nme\":\"White Quinoa\",\"attr\":\"\",\"sku\":\"27773\",\"l2\":\"Noix et fruits secs\",\"sl\":\"quinoa-blanc-mayrand-chef-27773\",\"sn\":\"\",\"idxP\":52},{\"nm\":\"Courge buttercup\",\"nme\":\"Buttercup Squash\",\"attr\":\"\",\"sku\":\"30094\",\"l2\":\"L\u00E9gumes\",\"sl\":\"courge-buttercup-30094\",\"sn\":\"courges\",\"idxP\":1},{\"nm\":\"Prune panier\",\"nme\":\"Plum Basket\",\"attr\":\"\",\"sku\":\"30540\",\"l2\":\"Fruits\",\"sl\":\"prune-noire-panier-30540\",\"sn\":\"\",\"idxP\":100},{\"mq\":\"The Little Potato Company\",\"nm\":\"Patate grelot jaune\",\"nme\":\"Yellow Bell Potato\",\"attr\":\"\",\"sku\":\"27706\",\"l2\":\"L\u00E9gumes\",\"sl\":\"patate-grelot-jaune-the-little-potato-company-27706\",\"sn\":\"pommes\",\"idxP\":69},{\"mq\":\"Mayrand CHEF\",\"nm\":\"Noix du Br\u00E9sil\",\"nme\":\"Brazil Nut\",\"attr\":\"\",\"sku\":\"27774\",\"l2\":\"Noix et fruits secs\",\"sl\":\"noix-du-bresil-mayrand-chef-27774\",\"sn\":\"\",\"idxP\":68},{\"mq\":\"Mayrand CHEF\",\"nm\":\"Amande blanche en b\u00E2tonnet\",\"nme\":\"Blanched Silvered Almond\",\"attr\":\"\",\"sku\":\"28467\",\"l2\":\"Noix et fruits secs\",\"sl\":\"amande-blanche-en-batonnet-mayrand-chef-28467\",\"sn\":\"amandes\",\"idxP\":71},{\"mq\":\"Mayrand CHEF\",\"nm\":\"Graine de citrouille r\u00F4tie sal\u00E9e\",\"nme\":\"Roasted and Salted Pumkin Seed\",\"attr\":\"\",\"sku\":\"27517\",\"l2\":\"Noix et fruits secs\",\"sl\":\"graine-de-citrouille-rotie-salee-mayrand-chef-27517\",\"sn\":\"\",\"idxP\":87},{\"nm\":\"Cerise rouge\",\"nme\":\"Red Cherry\",\"attr\":\"\",\"sku\":\"30025\",\"l2\":\"Fruits\",\"sl\":\"cerise-rouge-30025\",\"sn\":\"\",\"idxP\":0},{\"mq\":\"Mayrand CHEF\",\"nm\":\"Graine de pavot\",\"nme\":\"Poppy Seed\",\"attr\":\"\",\"sku\":\"27771\",\"l2\":\"Noix et fruits secs\",\"sl\":\"graine-de-pavot-mayrand-chef-27771\",\"sn\":\"\",\"idxP\":58},{\"mq\":\"Mayrand CHEF\",\"nm\":\"Amande r\u00F4tie non sal\u00E9e\",\"nme\":\"Unsalted Roasted Almonds\",\"attr\":\"\",\"sku\":\"27811\",\"l2\":\"Noix et fruits secs\",\"sl\":\"amande-rotie-non-salee-mayrand-chef-27811\",\"sn\":\"amandes\",\"idxP\":83},{\"nm\":\"Poivron orange\",\"nme\":\"Orange Bell Pepper\",\"attr\":\"\",\"sku\":\"30310\",\"l2\":\"L\u00E9gumes\",\"sl\":\"poivron-orange-30310\",\"sn\":\"\",\"idxP\":29},{\"nm\":\"Patate grelot fingerling\",\"nme\":\"Fingerling Bell Potato\",\"attr\":\"\",\"sku\":\"27726\",\"l2\":\"L\u00E9gumes\",\"sl\":\"patate-grelot-fingerling-the-little-potato-company-27726\",\"sn\":\"pommes\",\"idxP\":96},{\"mq\":\"Litehouse\",\"nm\":\"Trempette \u00E0 l'oignon\",\"nme\":\"French Onion Dip\",\"attr\":\"\",\"sku\":\"39472\",\"l2\":\"Fines herbes et vinaigrette\",\"sl\":\"trempette-a-loignon-litehouse-39472\",\"sn\":\"onions, oignons\",\"idxP\":23},{\"mq\":\"Ren\u00E9e's\",\"nm\":\"Vinaigrette asiatique au s\u00E9same\",\"nme\":\"Asian Style Dressing\",\"attr\":\"\",\"sku\":\"40048\",\"l2\":\"Fines herbes et vinaigrette\",\"sl\":\"vinaigrette-asiatique-au-sesame-renees-40048\",\"sn\":\"\",\"idxP\":16},{\"mq\":\"Litehouse\",\"nm\":\"Trempette ranch style maison\",\"nme\":\"Homestyle Ranch Dip\",\"attr\":\"\",\"sku\":\"39470\",\"l2\":\"Fines herbes et vinaigrette\",\"sl\":\"trempette-ranch-style-maison-litehouse-39470\",\"sn\":\"\",\"idxP\":18},{\"mq\":\"Cesares\",\"nm\":\"Gingembre hach\u00E9\",\"nme\":\"Minced Ginger\",\"attr\":\"\",\"sku\":\"40086\",\"l2\":\"L\u00E9gumes\",\"sl\":\"gingembre-hache-cesares-40086\",\"sn\":\"\",\"idxP\":59},{\"nm\":\"Champignon m\u00E9lange pour saut\u00E9\",\"nme\":\"Saute Blend Mushroom\",\"attr\":\"\",\"sku\":\"40096\",\"l2\":\"L\u00E9gumes\",\"sl\":\"champignon-melange-pour-saute-40096\",\"sn\":\"\",\"idxP\":25},{\"mq\":\"Ren\u00E9e's\",\"nm\":\"Vinaigrette ranch fa\u00E7on maison\",\"nme\":\"Homemade Ranch Dressing\",\"attr\":\"\",\"sku\":\"40057\",\"l2\":\"Fines herbes et vinaigrette\",\"sl\":\"vinaigrette-ranch-facon-maison-renees-40057\",\"sn\":\"\",\"idxP\":19},{\"nm\":\"Champignon blanc tranch\u00E9\",\"nme\":\"Sliced White Mushroom\",\"attr\":\"\",\"sku\":\"40078\",\"l2\":\"L\u00E9gumes\",\"sl\":\"champignon-blanc-tranche-40078\",\"sn\":\"\",\"idxP\":76},{\"nm\":\"Champignon blanc entier\",\"nme\":\"Whole White Mushroom\",\"attr\":\"\",\"sku\":\"40089\",\"l2\":\"L\u00E9gumes\",\"sl\":\"champignon-blanc-entier-40089\",\"sn\":\"\",\"idxP\":100},{\"mq\":\"Mayrand CHEF\",\"nm\":\"Graine de s\u00E9same noire\",\"nme\":\"Black Sesame Seed\",\"attr\":\"\",\"sku\":\"27772\",\"l2\":\"Noix et fruits secs\",\"sl\":\"graine-de-sesame-noire-mayrand-chef-27772\",\"sn\":\"\",\"idxP\":68},{\"nm\":\"Ail hach\u00E9\",\"nme\":\"Minced Garlic\",\"attr\":\"\",\"sku\":\"40162\",\"l2\":\"Fines herbes et vinaigrette\",\"sl\":\"ail-hache-40162\",\"sn\":\"\",\"idxP\":67},{\"nm\":\"Patate chef rouge\",\"nme\":\"Jumbo Red Potato\",\"attr\":\"Produit local\",\"sku\":\"40011\",\"l2\":\"L\u00E9gumes\",\"sl\":\"patate-chef-rouge-40011\",\"sn\":\"pommes\",\"idxP\":83},{\"mq\":\"Ren\u00E9e's\",\"nm\":\"Vinaigrette graines de pavot\",\"nme\":\"Poppy Seed Dressing\",\"attr\":\"\",\"sku\":\"40056\",\"l2\":\"Fines herbes et vinaigrette\",\"sl\":\"vinaigrette-graines-de-pavot-renees-40056\",\"sn\":\"\",\"idxP\":14},{\"mq\":\"Ren\u00E9e's\",\"nm\":\"Vinaigrette l\u00E9g\u00E8re c\u00E9sar\",\"nme\":\"Caesar Light Dressing\",\"attr\":\"\",\"sku\":\"40148\",\"l2\":\"Fines herbes et vinaigrette\",\"sl\":\"vinaigrette-legere-cesar-renees-40148\",\"sn\":\"\",\"idxP\":24},{\"mq\":\"The Little Potato Company\",\"nm\":\"Patate grelot rouge\",\"nme\":\"Red Bell Potato\",\"attr\":\"\",\"sku\":\"27707\",\"l2\":\"L\u00E9gumes\",\"sl\":\"patate-grelot-rouge-the-little-potato-company-27707\",\"sn\":\"pommes\",\"idxP\":80},{\"mq\":\"Litehouse\",\"nm\":\"Trempette ranch l\u00E9g\u00E8re\",\"nme\":\"Light Dip Ranch\",\"attr\":\"\",\"sku\":\"39471\",\"l2\":\"Fines herbes et vinaigrette\",\"sl\":\"trempette-ranch-legere-litehouse-39471\",\"sn\":\"\",\"idxP\":21},{\"mq\":\"Renato\",\"nm\":\"Pesto au basilic frais\",\"nme\":\"Fresh Basil Pesto\",\"attr\":\"Produit local\",\"sku\":\"39368\",\"l2\":\"Fines herbes et vinaigrette\",\"sl\":\"pesto-au-basilic-frais-renato-39368\",\"sn\":\"\",\"idxP\":46},{\"nm\":\"Champignon blanc entier #2\",\"nme\":\"Whole White Mushroom\",\"attr\":\"\",\"sku\":\"40092\",\"l2\":\"L\u00E9gumes\",\"sl\":\"champignon-blanc-entier-2-40092\",\"sn\":\"\",\"idxP\":99},{\"nm\":\"Courgette blanche\",\"nme\":\"White Zucchini\",\"attr\":\"\",\"sku\":\"40093\",\"l2\":\"L\u00E9gumes\",\"sl\":\"courgette-blanche-40093\",\"sn\":\"courges, courgettes\",\"idxP\":1},{\"mq\":\"Ren\u00E9e's\",\"nm\":\"Vinaigrette salade de chou\",\"nme\":\"Coleslaw Dressing\",\"attr\":\"\",\"sku\":\"40144\",\"l2\":\"Fines herbes et vinaigrette\",\"sl\":\"vinaigrette-salade-de-chou-renees-40144\",\"sn\":\"\",\"idxP\":15},{\"mq\":\"Ren\u00E9e's\",\"nm\":\"Vinaigrette grecque avec f\u00E9ta\",\"nme\":\"Greek Feta Dressing\",\"attr\":\"\",\"sku\":\"40145\",\"l2\":\"Fines herbes et vinaigrette\",\"sl\":\"vinaigrette-grecque-avec-feta-renees-40145\",\"sn\":\"\",\"idxP\":12},{\"mq\":\"Golden Valley\",\"nm\":\"Datte medjoul\",\"nme\":\"Medjool Date\",\"attr\":\"\",\"sku\":\"40522\",\"l2\":\"Noix et fruits secs\",\"sl\":\"datte-medjoul-golden-valley-40522\",\"sn\":\"\",\"idxP\":54},{\"nm\":\"Champignon shiitake\",\"nme\":\"Shiitake Mushroom\",\"attr\":\"\",\"sku\":\"40095\",\"l2\":\"L\u00E9gumes\",\"sl\":\"champignon-shiitake-40095\",\"sn\":\"\",\"idxP\":35},{\"mq\":\"Ren\u00E9e's\",\"nm\":\"Vinaigrette m\u00E9dit\u00E9rran\u00E9enne grecque\",\"nme\":\"Greek Mediterranean Dressing\",\"attr\":\"\",\"sku\":\"40153\",\"l2\":\"Fines herbes et vinaigrette\",\"sl\":\"vinaigrette-mediterraneenne-grecque-renees-40153\",\"sn\":\"\",\"idxP\":15},{\"mq\":\"Golden Valley\",\"nm\":\"Datte rotab sukkari\",\"nme\":\"Sukkari Rotab Date\",\"attr\":\"\",\"sku\":\"40527\",\"l2\":\"Noix et fruits secs\",\"sl\":\"datte-rotab-sukkari-golden-valley-40527\",\"sn\":\"\",\"idxP\":12},{\"mq\":\"Ren\u00E9e's\",\"nm\":\"Vinaigrette balsamique\",\"nme\":\"Balsamic Dressing\",\"attr\":\"\",\"sku\":\"40055\",\"l2\":\"Fines herbes et vinaigrette\",\"sl\":\"vinaigrette-balsamique-renees-40055\",\"sn\":\"\",\"idxP\":15},{\"nm\":\"Datte khudri\",\"nme\":\"Khudri Date\",\"attr\":\"\",\"sku\":\"40496\",\"l2\":\"Noix et fruits secs\",\"sl\":\"datte-khudri-40496\",\"sn\":\"\",\"idxP\":33},{\"nm\":\"Poivron couleur sac\",\"nme\":\"Color Bell Pepper in Bag\",\"attr\":\"\",\"sku\":\"40564\",\"l2\":\"L\u00E9gumes\",\"sl\":\"poivron-couleur-sac-40564\",\"sn\":\"\",\"idxP\":72},{\"mq\":\"Golden Valley\",\"nm\":\"Datte mazafati\",\"nme\":\"Mazafati Date\",\"attr\":\"\",\"sku\":\"40498\",\"l2\":\"Noix et fruits secs\",\"sl\":\"datte-mazafati-golden-valley-40498\",\"sn\":\"\",\"idxP\":38},{\"mq\":\"King Solomon\",\"nm\":\"Datte medjoul biologique\",\"nme\":\"Organic Medjool Date\",\"attr\":\"Biologique\",\"sku\":\"40528\",\"l2\":\"Noix et fruits secs\",\"sl\":\"datte-medjoul-biologique-king-solomon-40528\",\"sn\":\"biologique, bio, organic, organique\",\"idxP\":70},{\"mq\":\"Golden Valley\",\"nm\":\"Datte deglet nour d\u00E9noyaut\u00E9e\",\"nme\":\"Pitted Deglet Noor Datte\",\"attr\":\"\",\"sku\":\"40506\",\"l2\":\"Noix et fruits secs\",\"sl\":\"datte-deglet-nour-denoyautee-golden-valley-40506\",\"sn\":\"\",\"idxP\":81},{\"mq\":\"Golden Valley\",\"nm\":\"Datte amari\",\"nme\":\"Amari Date\",\"attr\":\"\",\"sku\":\"40529\",\"l2\":\"Noix et fruits secs\",\"sl\":\"datte-amari-golden-valley-40529\",\"sn\":\"\",\"idxP\":0},{\"mq\":\"Chant-o-vent\",\"nm\":\"Ail entier aux fines herbes\",\"nme\":\"Peeled Garlic with Herbs\",\"attr\":\"Aliment du Qu\u00E9bec, Produit local\",\"sku\":\"40594\",\"l2\":\"L\u00E9gumes\",\"sl\":\"ail-entier-aux-fines-herbes-chant-o-vent-40594\",\"sn\":\"\",\"idxP\":14},{\"mq\":\"Renato\",\"nm\":\"Ail extra \u00E9minc\u00E9\",\"nme\":\"Extra Minced Garlic\",\"attr\":\"Produit local\",\"sku\":\"40738\",\"l2\":\"Fines herbes et vinaigrette\",\"sl\":\"ail-extra-emince-renato-40738\",\"sn\":\"\",\"idxP\":42},{\"nm\":\"Patate idaho\",\"nme\":\"Idaho Potatoes\",\"attr\":\"\",\"sku\":\"40810\",\"l2\":\"L\u00E9gumes\",\"sl\":\"patate-idaho-40810\",\"sn\":\"pommes\",\"idxP\":78},{\"nm\":\"Champignon portobellini\",\"nme\":\"Mini Portabella Mushroom\",\"attr\":\"\",\"sku\":\"40099\",\"l2\":\"L\u00E9gumes\",\"sl\":\"champignon-portobellini-40099\",\"sn\":\"\",\"idxP\":30},{\"nm\":\"Chou de savoie\",\"nme\":\"Savoy Cabbage\",\"attr\":\"\",\"sku\":\"40345\",\"l2\":\"L\u00E9gumes\",\"sl\":\"chou-de-savoie-40345\",\"sn\":\"\",\"idxP\":7},{\"mq\":\"City Snacks\",\"nm\":\"Collation aux bananes\",\"nme\":\"Banana Snack\",\"attr\":\"\",\"sku\":\"40502\",\"l2\":\"Noix et fruits secs\",\"sl\":\"collation-aux-bananes-city-snacks-40502\",\"sn\":\"ananas, bananes\",\"idxP\":11},{\"mq\":\"Renato\",\"nm\":\"Ail frais \u00E9minc\u00E9\",\"nme\":\"Fresh Minced Garlic\",\"attr\":\"Produit local\",\"sku\":\"40737\",\"l2\":\"Fines herbes et vinaigrette\",\"sl\":\"ail-frais-emince-renato-40737\",\"sn\":\"\",\"idxP\":41},{\"mq\":\"Cesares\",\"nm\":\"Gingembre biologique\",\"nme\":\"Organic Ginger\",\"attr\":\"Biologique\",\"sku\":\"40691\",\"l2\":\"L\u00E9gumes\",\"sl\":\"gingembre-biologique-cesares-40691\",\"sn\":\"biologique, bio, organic, organique\",\"idxP\":64},{\"nm\":\"Laitue romaine coeur\",\"nme\":\"Romaine Lettuce Heart\",\"attr\":\"\",\"sku\":\"40917\",\"l2\":\"L\u00E9gumes\",\"sl\":\"laitue-romaine-coeur-40917\",\"sn\":\"\",\"idxP\":100},{\"mq\":\"Renato\",\"nm\":\"Coriandre broy\u00E9e\",\"nme\":\"Ground Cilantro\",\"attr\":\"Produit local\",\"sku\":\"43498\",\"l2\":\"Fines herbes et vinaigrette\",\"sl\":\"coriandre-broyee-renato-43498\",\"sn\":\"\",\"idxP\":19},{\"mq\":\"Renato\",\"nm\":\"Basilic broy\u00E9\",\"nme\":\"Ground Basil\",\"attr\":\"Produit local\",\"sku\":\"49299\",\"l2\":\"Fines herbes et vinaigrette\",\"sl\":\"basilic-broye-renato-49299\",\"sn\":\"\",\"idxP\":28},{\"nm\":\"Carotte nantaise orange\",\"nme\":\"Orange Nantes Carrot\",\"attr\":\"Produit local\",\"sku\":\"60037\",\"l2\":\"L\u00E9gumes\",\"sl\":\"carotte-nantaise-orange-60037\",\"sn\":\"carottes\",\"idxP\":8},{\"mq\":\"Chant-o-vent\",\"nm\":\"Ail \u00E9minc\u00E9 aux fines herbes\",\"nme\":\"Minced Garlic with Herbs\",\"attr\":\"Aliment du Qu\u00E9bec, Produit local\",\"sku\":\"40595\",\"l2\":\"Fines herbes et vinaigrette\",\"sl\":\"ail-emince-aux-fines-herbes-chant-o-vent-40595\",\"sn\":\"\",\"idxP\":17},{\"nm\":\"Tomate rouge de serre\",\"nme\":\"Greenhouse Red Tomato\",\"attr\":\"Produit local\",\"sku\":\"40734\",\"l2\":\"L\u00E9gumes\",\"sl\":\"tomate-rouge-de-serre-40734\",\"sn\":\"tomates\",\"idxP\":95},{\"mq\":\"Renato\",\"nm\":\"Aneth broy\u00E9\",\"nme\":\"Ground Dill\",\"attr\":\"Produit local\",\"sku\":\"43497\",\"l2\":\"Fines herbes et vinaigrette\",\"sl\":\"aneth-broye-renato-43497\",\"sn\":\"\",\"idxP\":14},{\"nm\":\"Oignon colossal\",\"nme\":\"Jumbo Onion\",\"attr\":\"\",\"sku\":\"50005\",\"l2\":\"L\u00E9gumes\",\"sl\":\"oignon-colossal-50005\",\"sn\":\"onions, oignons\",\"idxP\":58},{\"nm\":\"Betterave rouge QC\",\"nme\":\"Red Beet QC\",\"attr\":\"Produit local\",\"sku\":\"60095\",\"l2\":\"L\u00E9gumes\",\"sl\":\"betterave-rouge-qc-60095\",\"sn\":\"\",\"idxP\":54},{\"nm\":\"Champignon mini bella entier\",\"nme\":\"Whole Mini Bella Mushroom\",\"attr\":\"\",\"sku\":\"40996\",\"l2\":\"L\u00E9gumes\",\"sl\":\"champignon-mini-bella-entier-40996\",\"sn\":\"\",\"idxP\":55},{\"mq\":\"Valli\",\"nm\":\"Champignon porcini s\u00E9ch\u00E9\",\"nme\":\"Dried Porcini Mushroom\",\"attr\":\"\",\"sku\":\"49047\",\"l2\":\"Fines herbes et vinaigrette\",\"sl\":\"champignon-porcini-seche-valli-49047\",\"sn\":\"\",\"idxP\":12},{\"nm\":\"Chou vert\",\"nme\":\"Green Cabbage\",\"attr\":\"\",\"sku\":\"04069\",\"l2\":\"L\u00E9gumes\",\"sl\":\"chou-vert-04069\",\"sn\":\"\",\"idxP\":25},{\"nm\":\"Chou rouge\",\"nme\":\"Red Cabbage\",\"attr\":\"\",\"sku\":\"04554\",\"l2\":\"L\u00E9gumes\",\"sl\":\"chou-rouge-04554\",\"sn\":\"\",\"idxP\":2},{\"nm\":\"Poire asiatique\",\"nme\":\"Asian Pear\",\"attr\":\"\",\"sku\":\"04407\",\"l2\":\"Fruits\",\"sl\":\"poire-asiatique-04407\",\"sn\":\"poires\",\"idxP\":34},{\"nm\":\"Chou de bruxelles\",\"nme\":\"Brussel Sprout\",\"attr\":\"\",\"sku\":\"04550\",\"l2\":\"L\u00E9gumes\",\"sl\":\"chou-de-bruxelles-04550\",\"sn\":\"\",\"idxP\":69},{\"nm\":\"Chou nappa\",\"nme\":\"Napa Cabbage\",\"attr\":\"\",\"sku\":\"04552\",\"l2\":\"L\u00E9gumes\",\"sl\":\"chou-nappa-04552\",\"sn\":\"\",\"idxP\":59},{\"nm\":\"Poire bartlett\",\"nme\":\"Bartlett Pears\",\"attr\":\"\",\"sku\":\"04024\",\"l2\":\"Fruits\",\"sl\":\"poire-bartlett-04024\",\"sn\":\"poires\",\"idxP\":-42},{\"nm\":\"Banane plantain\",\"nme\":\"Plantain Banana\",\"attr\":\"\",\"sku\":\"04235\",\"l2\":\"Fruits\",\"sl\":\"banane-plantain-04235\",\"sn\":\"bananes\",\"idxP\":66},{\"nm\":\"Rabiole\",\"nme\":\"Turnip\",\"attr\":\"\",\"sku\":\"04811\",\"l2\":\"L\u00E9gumes\",\"sl\":\"rabiole-04811\",\"sn\":\"biologique\",\"idxP\":52},{\"nm\":\"Chou de savoie\",\"nme\":\"Savoy Cabbage\",\"attr\":\"\",\"sku\":\"04555\",\"l2\":\"L\u00E9gumes\",\"sl\":\"chou-de-savoie-04555\",\"sn\":\"\",\"idxP\":32},{\"nm\":\"Banane biologique\",\"nme\":\"Organic Banana\",\"attr\":\"Biologique\",\"sku\":\"94011\",\"l2\":\"Fruits\",\"sl\":\"banane-biologique-94011\",\"sn\":\"ananas, biologique, bananes, bio, organic, organique\",\"idxP\":55},{\"nm\":\"Radicchio\",\"nme\":\"Radicchio\",\"attr\":\"\",\"sku\":\"04738\",\"l2\":\"L\u00E9gumes\",\"sl\":\"radicchio-04738\",\"sn\":\"\",\"idxP\":98},{\"nm\":\"C\u00E9leri-rave\",\"nme\":\"Celeriac\",\"attr\":\"\",\"sku\":\"04585\",\"l2\":\"L\u00E9gumes\",\"sl\":\"celeri-rave-04585\",\"sn\":\"\",\"idxP\":59},{\"nm\":\"Banane biologique\",\"nme\":\"Organic Banana\",\"attr\":\"Biologique\",\"sku\":\"05059\",\"l2\":\"Fruits\",\"sl\":\"banane-biologique-05059\",\"sn\":\"ananas, biologique, bananes, bio, organic, organique\",\"idxP\":5},{\"mq\":\"Frutas\",\"nm\":\"Croustilles de patate douce sal\u00E9es\",\"nme\":\"Salted Sweet Potato Chips\",\"attr\":\"\",\"sku\":\"31721\",\"l2\":\"Noix et fruits secs\",\"sl\":\"croustilles-de-patate-douce-salees-frutas-31721\",\"sn\":\"croustille, patates\",\"idxP\":46},{\"mq\":\"Frutas\",\"nm\":\"Sucre brun panela pur de canne\",\"nme\":\"Panela cane brown sugar\",\"attr\":\"\",\"sku\":\"31725\",\"l2\":\"Autre\",\"sl\":\"sucre-brun-panela-pur-de-canne-frutas-31725\",\"sn\":\"\",\"idxP\":25},{\"mq\":\"Frutas\",\"nm\":\"Croustilles de yuca jalapeno\",\"nme\":\"Jalapeno Yuca Crisps\",\"attr\":\"\",\"sku\":\"31723\",\"l2\":\"Noix et fruits secs\",\"sl\":\"croustilles-de-yuca-jalapeno-frutas-31723\",\"sn\":\"croustille\",\"idxP\":81},{\"mq\":\"Mayrand CHEF\",\"nm\":\"Granule de framboise\",\"nme\":\"Raspberry Granule\",\"attr\":\"\",\"sku\":\"32380\",\"l2\":\"Noix et fruits secs\",\"sl\":\"granule-de-framboise-mayrand-chef-32380\",\"sn\":\"framboises\",\"idxP\":28},{\"mq\":\"Chant-o-vent\",\"nm\":\"Ail marin\u00E9\",\"nme\":\"Pickled Garlic\",\"attr\":\"Aliment du Qu\u00E9bec, Produit local\",\"sku\":\"04098\",\"l2\":\"L\u00E9gumes\",\"sl\":\"ail-marine-chant-o-vent-04098\",\"sn\":\"\",\"idxP\":33},{\"nm\":\"Noix de coco\",\"nme\":\"Coconut\",\"attr\":\"\",\"sku\":\"04262\",\"l2\":\"Fruits\",\"sl\":\"noix-de-coco-04262\",\"sn\":\"\",\"idxP\":68},{\"mq\":\"Mayrand CHEF\",\"nm\":\"Granule de mangue\",\"nme\":\"mango granules\",\"attr\":\"\",\"sku\":\"05069\",\"l2\":\"Noix et fruits secs\",\"sl\":\"granule-de-mangue-mayrand-chef-05069\",\"sn\":\"mangues\",\"idxP\":18},{\"mq\":\"Mayrand CHEF\",\"nm\":\"Granule de fraise\",\"nme\":\"strawberry granules\",\"attr\":\"\",\"sku\":\"05037\",\"l2\":\"Noix et fruits secs\",\"sl\":\"granule-de-fraise-mayrand-chef-05037\",\"sn\":\"fraises\",\"idxP\":28},{\"nm\":\"Poire rocha\",\"nme\":\"Rocha Pear\",\"attr\":\"\",\"sku\":\"26796\",\"l2\":\"Fruits\",\"sl\":\"poire-rocha-26796\",\"sn\":\"poires\",\"idxP\":41},{\"nm\":\"Carotte nantaise orange\",\"nme\":\"Orange Nantes Carrot\",\"attr\":\"Produit local\",\"sku\":\"04560\",\"l2\":\"L\u00E9gumes\",\"sl\":\"carotte-nantaise-orange-04560\",\"sn\":\"carottes\",\"idxP\":75},{\"nm\":\"Carotte nantaise couleur\",\"nme\":\"Coloured Nantes Carrot\",\"attr\":\"Produit local\",\"sku\":\"40375\",\"l2\":\"L\u00E9gumes\",\"sl\":\"carotte-nantaise-couleur-40375\",\"sn\":\"carottes\",\"idxP\":84},{\"mq\":\"Mayrand CHEF\",\"nm\":\"Bretzel enrob\u00E9 de chocolat au lait\",\"nme\":\"Milk Chocolate Coated Pretzel\",\"attr\":\"\",\"sku\":\"33495\",\"l2\":\"Noix et fruits secs\",\"sl\":\"bretzel-enrobe-de-chocolat-au-lait-mayrand-chef-33495\",\"sn\":\"\",\"idxP\":51},{\"mq\":\"Mayrand CHEF\",\"nm\":\"Noix de pin\",\"nme\":\"Pine Nut\",\"attr\":\"\",\"sku\":\"33532\",\"l2\":\"Noix et fruits secs\",\"sl\":\"noix-de-pin-mayrand-chef-33532\",\"sn\":\"\",\"idxP\":58},{\"nm\":\"Cl\u00E9mentine bo\u00EEte\",\"nme\":\"Clementine\",\"attr\":\"\",\"sku\":\"07808\",\"l2\":\"Fruits\",\"sl\":\"clementine-boite-07808\",\"sn\":\"\",\"idxP\":100},{\"mq\":\"Mayrand CHEF\",\"nm\":\"Amande moulue en farine extra fine\",\"nme\":\"Extra Fine Ground Almond Flour\",\"attr\":\"\",\"sku\":\"33498\",\"l2\":\"Noix et fruits secs\",\"sl\":\"amande-moulue-en-farine-extra-fine-mayrand-chef-33498\",\"sn\":\"amandes\",\"idxP\":53},{\"nm\":\"Cl\u00E9mentine\",\"nme\":\"Clementine\",\"attr\":\"\",\"sku\":\"05703\",\"l2\":\"Fruits\",\"sl\":\"clementine-05703\",\"sn\":\"\",\"idxP\":6},{\"mq\":\"Mayrand CHEF\",\"nm\":\"Noix de macadam en morceaux\",\"nme\":\"Macadamia Nut Pieces\",\"attr\":\"\",\"sku\":\"33494\",\"l2\":\"Noix et fruits secs\",\"sl\":\"noix-de-macadam-en-morceaux-mayrand-chef-33494\",\"sn\":\"\",\"idxP\":12},{\"mq\":\"Mayrand CHEF\",\"nm\":\"Arachide au miel\",\"nme\":\"Honey Peanut\",\"attr\":\"\",\"sku\":\"33533\",\"l2\":\"Noix et fruits secs\",\"sl\":\"arachide-au-miel-mayrand-chef-33533\",\"sn\":\"\",\"idxP\":55},{\"mq\":\"Mayrand CHEF\",\"nm\":\"Ma\u00EFs r\u00F4ti sal\u00E9\",\"nme\":\"Salted Roasted Corn\",\"attr\":\"\",\"sku\":\"33479\",\"l2\":\"Noix et fruits secs\",\"sl\":\"mais-roti-sale-mayrand-chef-33479\",\"sn\":\"\",\"idxP\":76},{\"mq\":\"Mayrand CHEF\",\"nm\":\"Ma\u00EFs BBQ\",\"nme\":\"BBQ Corn\",\"attr\":\"\",\"sku\":\"33481\",\"l2\":\"Noix et fruits secs\",\"sl\":\"mais-bbq-mayrand-chef-33481\",\"sn\":\"\",\"idxP\":69},{\"mq\":\"Golden Valley\",\"nm\":\"Pruneaux d\u00E9noyaut\u00E9s\",\"nme\":\"Pitted Prunes\",\"attr\":\"\",\"sku\":\"33489\",\"l2\":\"Noix et fruits secs\",\"sl\":\"pruneaux-denoyautes-golden-valley-33489\",\"sn\":\"\",\"idxP\":68},{\"mq\":\"Mayrand CHEF\",\"nm\":\"Amande enrob\u00E9e de chocolat noir\",\"nme\":\"Dark Chocolate Coated Almond\",\"attr\":\"\",\"sku\":\"33504\",\"l2\":\"Noix et fruits secs\",\"sl\":\"amande-enrobee-de-chocolat-noir-mayrand-chef-33504\",\"sn\":\"amandes\",\"idxP\":88},{\"nm\":\"Grenadilla\",\"nme\":\"Grenadilla\",\"attr\":\"\",\"sku\":\"03038\",\"l2\":\"Fruits\",\"sl\":\"grenadilla-03038\",\"sn\":\"\",\"idxP\":65},{\"nm\":\"Pomelo\",\"nme\":\"Pomelo\",\"attr\":\"\",\"sku\":\"04279\",\"l2\":\"Fruits\",\"sl\":\"pomelo-04279\",\"sn\":\"\",\"idxP\":54},{\"mq\":\"Mayrand CHEF\",\"nm\":\"Arachide enrob\u00E9e de chocolat au lait\",\"nme\":\"Milk Chocolate Peanut\",\"attr\":\"\",\"sku\":\"29465\",\"l2\":\"Noix et fruits secs\",\"sl\":\"arachide-enrobee-de-chocolat-au-lait-mayrand-chef-29465\",\"sn\":\"\",\"idxP\":66},{\"nm\":\"Piment fort vert long\",\"nme\":\"Green Hot Long Pepper\",\"attr\":\"\",\"sku\":\"04696\",\"l2\":\"L\u00E9gumes\",\"sl\":\"piment-fort-vert-long-04696\",\"sn\":\"piments\",\"idxP\":30},{\"nm\":\"Cerise rouge\",\"nme\":\"Red Cherry\",\"attr\":\"\",\"sku\":\"04045\",\"l2\":\"Fruits\",\"sl\":\"cerise-rouge-04045\",\"sn\":\"\",\"idxP\":66},{\"nm\":\"Piment fort finger vert\",\"nme\":\"Green Hot Finger Pepper\",\"attr\":\"\",\"sku\":\"17020\",\"l2\":\"L\u00E9gumes\",\"sl\":\"piment-fort-finger-vert-17020\",\"sn\":\"piments\",\"idxP\":12},{\"nm\":\"Piment fort cubanelle\",\"nme\":\"Cubanelle Pepper\",\"attr\":\"\",\"sku\":\"04687\",\"l2\":\"L\u00E9gumes\",\"sl\":\"piment-fort-cubanelle-04687\",\"sn\":\"piments\",\"idxP\":42},{\"nm\":\"Piment fort hongrois\",\"nme\":\"Hot Hungarian Pepper\",\"attr\":\"\",\"sku\":\"04690\",\"l2\":\"L\u00E9gumes\",\"sl\":\"piment-fort-hongrois-04690\",\"sn\":\"piments\",\"idxP\":12},{\"nm\":\"Panais\",\"nme\":\"Parsnip\",\"attr\":\"\",\"sku\":\"04672\",\"l2\":\"L\u00E9gumes\",\"sl\":\"panais-04672\",\"sn\":\"\",\"idxP\":73},{\"nm\":\"Tomatillo\",\"nme\":\"Tomatillo\",\"attr\":\"\",\"sku\":\"04801\",\"l2\":\"L\u00E9gumes\",\"sl\":\"tomatillo-04801\",\"sn\":\"\",\"idxP\":2},{\"nm\":\"Poivron rouge\",\"nme\":\"Red Bell Pepper\",\"attr\":\"\",\"sku\":\"40188\",\"l2\":\"L\u00E9gumes\",\"sl\":\"poivron-rouge-40188\",\"sn\":\"\",\"idxP\":55},{\"nm\":\"Poivron mini doux\",\"nme\":\"Sweet Mini Pepper\",\"attr\":\"\",\"sku\":\"09248\",\"l2\":\"L\u00E9gumes\",\"sl\":\"poivron-mini-doux-09248\",\"sn\":\"\",\"idxP\":100},{\"nm\":\"Fraise QC\",\"nme\":\"Strawberry QC\",\"attr\":\"Produit local\",\"sku\":\"30121\",\"l2\":\"Fruits\",\"sl\":\"fraise-qc-30121\",\"sn\":\"fraises\",\"idxP\":67},{\"nm\":\"Bleuet chopine\",\"nme\":\"Blueberry Pint\",\"attr\":\"\",\"sku\":\"27310\",\"l2\":\"Fruits\",\"sl\":\"bleuet-chopine-27310\",\"sn\":\"\",\"idxP\":100},{\"nm\":\"Ma\u00EFs bicolore sac\",\"nme\":\"Bicolor Corn Bag\",\"attr\":\"\",\"sku\":\"10111\",\"l2\":\"L\u00E9gumes\",\"sl\":\"mais-bicolore-sac-10111\",\"sn\":\"\",\"idxP\":67},{\"nm\":\"Raisin bleu panier\",\"nme\":\"Blue Grape Basket\",\"attr\":\"\",\"sku\":\"10160\",\"l2\":\"Fruits\",\"sl\":\"raisin-bleu-panier-10160\",\"sn\":\"raisins\",\"idxP\":0},{\"mq\":\"Balsa\u00EF\",\"nm\":\"Ail fleur biologique flocon\",\"nme\":\"Organic Garlic Scape Powder\",\"attr\":\"Biologique, Produit local\",\"sku\":\"10352\",\"l2\":\"L\u00E9gumes\",\"sl\":\"ail-fleur-biologique-flocon-balsai-10352\",\"sn\":\"biologique, bio, organic, organique\",\"idxP\":10},{\"mq\":\"La Jardini\u00E8re\",\"nm\":\"\u00C9pices pour salades et l\u00E9gumes Louisiane\",\"nme\":\"Louisiana Salad and Vegetable Spices\",\"attr\":\"Produit local\",\"sku\":\"10353\",\"l2\":\"Fines herbes et vinaigrette\",\"sl\":\"epices-pour-salades-et-legumes-louisiane-la-jardiniere-10353\",\"sn\":\"\",\"idxP\":2},{\"mq\":\"Vespucci\",\"nm\":\"Jus de raisin \u00E0 vin Alicante\",\"nme\":\"Wine Juice Alicante\",\"attr\":\"\",\"sku\":\"45010\",\"l2\":\"Fruits\",\"sl\":\"jus-de-raisin-a-vin-alicante-vespucci-45010\",\"sn\":\"raisins\",\"idxP\":39},{\"mq\":\"Vespucci\",\"nm\":\"Jus de raisin \u00E0 vin Cabernet Sauvignon\",\"nme\":\"Wine Juice Cabernet Sauvignon\",\"attr\":\"\",\"sku\":\"45003\",\"l2\":\"Fruits\",\"sl\":\"jus-de-raisin-a-vin-cabernet-sauvignon-vespucci-45003\",\"sn\":\"raisins\",\"idxP\":56},{\"mq\":\"Vespucci\",\"nm\":\"Jus de raisin \u00E0 vin Zinfandel\",\"nme\":\"Wine Juice Zinfandel\",\"attr\":\"\",\"sku\":\"45018\",\"l2\":\"Fruits\",\"sl\":\"jus-de-raisin-a-vin-zinfandel-vespucci-45018\",\"sn\":\"raisins\",\"idxP\":48},{\"mq\":\"Vespucci\",\"nm\":\"Jus de raisin \u00E0 vin Chardonnay\",\"nme\":\"Chardonnay Wine Juice\",\"attr\":\"\",\"sku\":\"40704\",\"l2\":\"Fruits\",\"sl\":\"jus-de-raisin-a-vin-chardonnay-vespucci-40704\",\"sn\":\"raisins\",\"idxP\":50},{\"mq\":\"Vespucci\",\"nm\":\"Jus de raisin \u00E0 vin Merlot\",\"nme\":\"Wine Juice Merlot\",\"attr\":\"\",\"sku\":\"45000\",\"l2\":\"Fruits\",\"sl\":\"jus-de-raisin-a-vin-merlot-vespucci-45000\",\"sn\":\"raisins\",\"idxP\":46},{\"mq\":\"Vespucci\",\"nm\":\"Jus de raisin \u00E0 vin Grenache ros\u00E9\",\"nme\":\"Wine Juice Pink Grenache\",\"attr\":\"\",\"sku\":\"45013\",\"l2\":\"Fruits\",\"sl\":\"jus-de-raisin-a-vin-grenache-rose-vespucci-45013\",\"sn\":\"raisins\",\"idxP\":39},{\"mq\":\"Vespucci\",\"nm\":\"Jus de raisin \u00E0 vin Ruby Caber\",\"nme\":\"Wine Juice Ruby Cabernet\",\"attr\":\"\",\"sku\":\"45011\",\"l2\":\"Fruits\",\"sl\":\"jus-de-raisin-a-vin-ruby-caber-vespucci-45011\",\"sn\":\"raisins\",\"idxP\":39},{\"mq\":\"Vespucci\",\"nm\":\"Jus de raisin \u00E0 vin Pinot noir\",\"nme\":\"Wine Juice Black Pinot\",\"attr\":\"\",\"sku\":\"45017\",\"l2\":\"Fruits\",\"sl\":\"jus-de-raisin-a-vin-pinot-noir-vespucci-45017\",\"sn\":\"raisins\",\"idxP\":49},{\"mq\":\"Vespucci\",\"nm\":\"Jus de raisin \u00E0 vin Sauvignon blanc\",\"nme\":\"Wine Juice White Sauvignon\",\"attr\":\"\",\"sku\":\"45014\",\"l2\":\"Fruits\",\"sl\":\"jus-de-raisin-a-vin-sauvignon-blanc-vespucci-45014\",\"sn\":\"raisins\",\"idxP\":43},{\"mq\":\"Vespucci\",\"nm\":\"Jus de raisin \u00E0 vin Thompson mix\",\"nme\":\"Wine Juice Thompson Mix\",\"attr\":\"\",\"sku\":\"45016\",\"l2\":\"Fruits\",\"sl\":\"jus-de-raisin-a-vin-thompson-mix-vespucci-45016\",\"sn\":\"raisins\",\"idxP\":31},{\"mq\":\"Vespucci\",\"nm\":\"Jus de raisin \u00E0 vin Carrignane\",\"nme\":\"Wine Juice Carrignane\",\"attr\":\"\",\"sku\":\"45012\",\"l2\":\"Fruits\",\"sl\":\"jus-de-raisin-a-vin-carrignane-vespucci-45012\",\"sn\":\"raisins\",\"idxP\":35}], [{\"mq\":\"Vespucci\",\"nm\":\"Jus de raisin \u00E0 vin Muscat\",\"nme\":\"Wine Juice Muscat\",\"attr\":\"\",\"sku\":\"45015\",\"l2\":\"Fruits\",\"sl\":\"jus-de-raisin-a-vin-muscat-vespucci-45015\",\"sn\":\"raisins\",\"idxP\":40},{\"nm\":\"Laitue romaine\",\"nme\":\"Romaine Lettuce\",\"attr\":\"\",\"sku\":\"04640\",\"l2\":\"L\u00E9gumes\",\"sl\":\"laitue-romaine-04640\",\"sn\":\"\",\"idxP\":23},{\"nm\":\"Melon miel\",\"nme\":\"Honeydew Melon\",\"attr\":\"\",\"sku\":\"04329\",\"l2\":\"Fruits\",\"sl\":\"melon-miel-04329\",\"sn\":\"\",\"idxP\":100},{\"nm\":\"Pamplemousse rose\",\"nme\":\"Pink Grapefruit\",\"attr\":\"\",\"sku\":\"07869\",\"l2\":\"Fruits\",\"sl\":\"pamplemousse-rose-07869\",\"sn\":\"\",\"idxP\":81},{\"mq\":\"Mayrand CHEF\",\"nm\":\"Mac\u00E9doine \u00E0 spaghetti\",\"nme\":\"Mixed Vegetables for Spaghetti\",\"attr\":\"\",\"sku\":\"00249\",\"l2\":\"L\u00E9gumes\",\"sl\":\"macedoine-a-spaghetti-mayrand-chef-00249\",\"sn\":\"\",\"idxP\":67},{\"mq\":\"Mayrand CHEF\",\"nm\":\"M\u00E9lange l\u00E9gumes \u00E0 saut\u00E9\",\"nme\":\"Stir-fry vegetable mix\",\"attr\":\"\",\"sku\":\"00257\",\"l2\":\"L\u00E9gumes\",\"sl\":\"melange-legumes-a-saute-mayrand-chef-00257\",\"sn\":\"\",\"idxP\":24},{\"mq\":\"Mayrand CHEF\",\"nm\":\"Plateau de crudit\u00E9s\",\"nme\":\"Raw Vegetables Platter\",\"attr\":\"\",\"sku\":\"00314\",\"l2\":\"Fruits et l\u00E9gumes coup\u00E9s\",\"sl\":\"plateau-de-crudites-mayrand-chef-00314\",\"sn\":\"plateau\",\"idxP\":22},{\"mq\":\"Mayrand CHEF\",\"nm\":\"Carotte r\u00E2p\u00E9e\",\"nme\":\"Shredded Carrot\",\"attr\":\"\",\"sku\":\"00248\",\"l2\":\"L\u00E9gumes\",\"sl\":\"carotte-rapee-mayrand-chef-00248\",\"sn\":\"carottes\",\"idxP\":45},{\"mq\":\"Mayrand CHEF\",\"nm\":\"Plateau de fruits\",\"nme\":\"Fruit Platter\",\"attr\":\"\",\"sku\":\"00315\",\"l2\":\"Fruits et l\u00E9gumes coup\u00E9s\",\"sl\":\"plateau-de-fruits-mayrand-chef-00315\",\"sn\":\"plateau\",\"idxP\":23},{\"mq\":\"Mayrand CHEF\",\"nm\":\"M\u00E9lange \u00E0 spirale\",\"nme\":\"Spiral Mix\",\"attr\":\"\",\"sku\":\"00250\",\"l2\":\"L\u00E9gumes\",\"sl\":\"melange-a-spirale-mayrand-chef-00250\",\"sn\":\"\",\"idxP\":40},{\"mq\":\"Mayrand CHEF\",\"nm\":\"M\u00E9lange pok\u00E9\",\"nme\":\"Poke Mix\",\"attr\":\"\",\"sku\":\"00251\",\"l2\":\"L\u00E9gumes\",\"sl\":\"melange-poke-mayrand-chef-00251\",\"sn\":\"\",\"idxP\":70},{\"mq\":\"Mayrand CHEF\",\"nm\":\"Chou et carotte r\u00E2p\u00E9s\",\"nme\":\"Shredded Cabbage and Carrot\",\"attr\":\"\",\"sku\":\"00247\",\"l2\":\"L\u00E9gumes\",\"sl\":\"chou-et-carotte-rapes-mayrand-chef-00247\",\"sn\":\"carottes\",\"idxP\":75},{\"mq\":\"Mayrand CHEF\",\"nm\":\"Chou \u00E9minc\u00E9\",\"nme\":\"Minced Cabbage\",\"attr\":\"\",\"sku\":\"00333\",\"l2\":\"L\u00E9gumes\",\"sl\":\"chou-emince-mayrand-chef-00333\",\"sn\":\"\",\"idxP\":72},{\"mq\":\"Mayrand CHEF\",\"nm\":\"Chou r\u00E2p\u00E9\",\"nme\":\"Shredded Cabbage\",\"attr\":\"\",\"sku\":\"00332\",\"l2\":\"L\u00E9gumes\",\"sl\":\"chou-rape-mayrand-chef-00332\",\"sn\":\"\",\"idxP\":58},{\"nm\":\"Grenade\",\"nme\":\"Pomegranate\",\"attr\":\"\",\"sku\":\"03127\",\"l2\":\"Fruits\",\"sl\":\"grenade-03127\",\"sn\":\"\",\"idxP\":65},{\"nm\":\"F\u00E8ve germ\u00E9e\",\"nme\":\"Bean Sprout\",\"attr\":\"\",\"sku\":\"05014\",\"l2\":\"L\u00E9gumes\",\"sl\":\"feve-germee-05014\",\"sn\":\"\",\"idxP\":9},{\"nm\":\"\u00C9pinard jeune\",\"nme\":\"Baby Spinach\",\"attr\":\"\",\"sku\":\"03332\",\"l2\":\"L\u00E9gumes\",\"sl\":\"epinard-jeune-03332\",\"sn\":\"\u00E9pinards\",\"idxP\":62},{\"nm\":\"Betterave sous-vide\",\"nme\":\"Vacuum Sealed Beet\",\"attr\":\"\",\"sku\":\"40039\",\"l2\":\"L\u00E9gumes\",\"sl\":\"betterave-sous-vide-40039\",\"sn\":\"\",\"idxP\":87},{\"nm\":\"Gingembre racine\",\"nme\":\"Ginger Root\",\"attr\":\"\",\"sku\":\"27358\",\"l2\":\"L\u00E9gumes\",\"sl\":\"gingembre-racine-27358\",\"sn\":\"\",\"idxP\":7},{\"mq\":\"Valli\",\"nm\":\"Champignon assorti s\u00E9ch\u00E9\",\"nme\":\"Dried Assorted Mushroom\",\"attr\":\"\",\"sku\":\"27142\",\"l2\":\"Fines herbes et vinaigrette\",\"sl\":\"champignon-assorti-seche-valli-27142\",\"sn\":\"\",\"idxP\":39},{\"mq\":\"D\u00E9lices de la For\u00EAt\",\"nm\":\"Tomate s\u00E9ch\u00E9e\",\"nme\":\"Dried Tomato\",\"attr\":\"\",\"sku\":\"23415\",\"l2\":\"Noix et fruits secs\",\"sl\":\"tomate-sechee-delices-de-la-foret-23415\",\"sn\":\"tomates\",\"idxP\":37},{\"mq\":\"Valli\",\"nm\":\"Champignon shiitake s\u00E9ch\u00E9\",\"nme\":\"Dried Shiitake Mushroom\",\"attr\":\"\",\"sku\":\"23039\",\"l2\":\"Fines herbes et vinaigrette\",\"sl\":\"champignon-shiitake-seche-valli-23039\",\"sn\":\"\",\"idxP\":17},{\"nm\":\"Oignon vert\",\"nme\":\"Green Onion\",\"attr\":\"\",\"sku\":\"04068\",\"l2\":\"L\u00E9gumes\",\"sl\":\"oignon-vert-04068\",\"sn\":\"onions, oignons\",\"idxP\":100},{\"nm\":\"Cl\u00E9mentine\",\"nme\":\"Clementine\",\"attr\":\"\",\"sku\":\"04450\",\"l2\":\"Fruits\",\"sl\":\"clementine-04450\",\"sn\":\"\",\"idxP\":56},{\"nm\":\"Datte deglet nour sur branche\",\"nme\":\"Deglet Noor Date on Branch\",\"attr\":\"\",\"sku\":\"40499\",\"l2\":\"Noix et fruits secs\",\"sl\":\"datte-deglet-nour-sur-branche-40499\",\"sn\":\"\",\"idxP\":8},{\"nm\":\"Oignon vert x6\",\"nme\":\"Green Onion x6\",\"attr\":\"\",\"sku\":\"80007\",\"l2\":\"L\u00E9gumes\",\"sl\":\"oignon-vert-x6-80007\",\"sn\":\"onions, oignons\",\"idxP\":93},{\"nm\":\"Laurier\",\"nme\":\"Laurier\",\"attr\":\"\",\"sku\":\"03062\",\"l2\":\"Fines herbes et vinaigrette\",\"sl\":\"laurier-03062\",\"sn\":\"\",\"idxP\":0},{\"nm\":\"Poire bartlett\",\"nme\":\"Bartlett Pear\",\"attr\":\"\",\"sku\":\"27611\",\"l2\":\"Fruits\",\"sl\":\"poire-bartlett-27611\",\"sn\":\"poires\",\"idxP\":14},{\"mq\":\"Litehouse\",\"nm\":\"Trempette ranch sud-ouest\",\"nme\":\"Southwest Ranch Dip\",\"attr\":\"\",\"sku\":\"01674\",\"l2\":\"Fines herbes et vinaigrette\",\"sl\":\"trempette-ranch-sud-ouest-litehouse-01674\",\"sn\":\"\",\"idxP\":30},{\"mq\":\"Litehouse\",\"nm\":\"Trempette aux \u00E9pinards et parmesan\",\"nme\":\"Spinach and Parmesan Dip\",\"attr\":\"\",\"sku\":\"01673\",\"l2\":\"Fines herbes et vinaigrette\",\"sl\":\"trempette-aux-epinards-et-parmesan-litehouse-01673\",\"sn\":\"\u00E9pinards\",\"idxP\":17},{\"mq\":\"Litehouse\",\"nm\":\"Trempette ranch avocat\",\"nme\":\"Avocado Ranch Dip\",\"attr\":\"\",\"sku\":\"01675\",\"l2\":\"Fines herbes et vinaigrette\",\"sl\":\"trempette-ranch-avocat-litehouse-01675\",\"sn\":\"avocats\",\"idxP\":23},{\"nm\":\"Raisin noir\",\"nme\":\"Black Grape\",\"attr\":\"\",\"sku\":\"04056\",\"l2\":\"Fruits\",\"sl\":\"raisin-noir-04056\",\"sn\":\"raisins\",\"idxP\":48},{\"nm\":\"Raisin noir\",\"nme\":\"Black Grape\",\"attr\":\"\",\"sku\":\"27321\",\"l2\":\"Fruits\",\"sl\":\"raisin-noir-27321\",\"sn\":\"raisins\",\"idxP\":2},{\"nm\":\"Citronnelle\",\"nme\":\"Lemongrass\",\"attr\":\"\",\"sku\":\"26885\",\"l2\":\"Fines herbes et vinaigrette\",\"sl\":\"citronnelle-26885\",\"sn\":\"citrons\",\"idxP\":17},{\"nm\":\"Laitue fleur de mirabel duo\",\"nme\":\"Duo Mirabel Lettuce Flower\",\"attr\":\"Aliment du Qu\u00E9bec, Produit local\",\"sku\":\"09908\",\"l2\":\"L\u00E9gumes\",\"sl\":\"laitue-fleur-de-mirabel-duo-09908\",\"sn\":\"\",\"idxP\":30},{\"nm\":\"Cl\u00E9mentine filet\",\"nme\":\"Clementine Bag\",\"attr\":\"\",\"sku\":\"07809\",\"l2\":\"Fruits\",\"sl\":\"clementine-filet-07809\",\"sn\":\"\",\"idxP\":100},{\"nm\":\"Carotte\",\"nme\":\"Carrot\",\"attr\":\"\",\"sku\":\"09121\",\"l2\":\"L\u00E9gumes\",\"sl\":\"carotte-09121\",\"sn\":\"carottes\",\"idxP\":85},{\"nm\":\"Mineola\",\"nme\":\"Mineola\",\"attr\":\"\",\"sku\":\"04456\",\"l2\":\"Fruits\",\"sl\":\"mineola-04456\",\"sn\":\"\",\"idxP\":32},{\"nm\":\"Carotte nantaise couleur\",\"nme\":\"Coloured Nantes Carrot\",\"attr\":\"\",\"sku\":\"09115\",\"l2\":\"L\u00E9gumes\",\"sl\":\"carotte-nantaise-couleur-09115\",\"sn\":\"carottes\",\"idxP\":67},{\"nm\":\"Canneberge fra\u00EEche\",\"nme\":\"Fresh Cranberry\",\"attr\":\"\",\"sku\":\"05091\",\"l2\":\"Fruits\",\"sl\":\"canneberge-fraiche-05091\",\"sn\":\"\",\"idxP\":42},{\"nm\":\"Nectarine panier\",\"nme\":\"Nectarine Basket\",\"attr\":\"\",\"sku\":\"33738\",\"l2\":\"Fruits\",\"sl\":\"nectarine-panier-33738\",\"sn\":\"\",\"idxP\":84},{\"nm\":\"Oignon rouge\",\"nme\":\"Red Onion\",\"attr\":\"\",\"sku\":\"05029\",\"l2\":\"L\u00E9gumes\",\"sl\":\"oignon-rouge-05029\",\"sn\":\"onions, oignons\",\"idxP\":73},{\"nm\":\"Prune jaune panier\",\"nme\":\"Yellow Plum Basket\",\"attr\":\"\",\"sku\":\"04444\",\"l2\":\"Fruits\",\"sl\":\"prune-jaune-panier-04444\",\"sn\":\"\",\"idxP\":0},{\"nm\":\"Prune bleue\",\"nme\":\"Blue Plum\",\"attr\":\"\",\"sku\":\"22528\",\"l2\":\"Fruits\",\"sl\":\"prune-bleue-22528\",\"sn\":\"\",\"idxP\":0},{\"nm\":\"Oignon blanc\",\"nme\":\"White Onion\",\"attr\":\"\",\"sku\":\"04663\",\"l2\":\"L\u00E9gumes\",\"sl\":\"oignon-blanc-04663\",\"sn\":\"onions, oignons\",\"idxP\":55},{\"nm\":\"Oignon jaune\",\"nme\":\"Yellow Onion\",\"attr\":\"\",\"sku\":\"04666\",\"l2\":\"L\u00E9gumes\",\"sl\":\"oignon-jaune-04666\",\"sn\":\"onions, oignons\",\"idxP\":100},{\"nm\":\"Oignon blanc\",\"nme\":\"White Onion\",\"attr\":\"\",\"sku\":\"40801\",\"l2\":\"L\u00E9gumes\",\"sl\":\"oignon-blanc-40801\",\"sn\":\"onions, oignons\",\"idxP\":21},{\"nm\":\"Curcuma racine\",\"nme\":\"Tumeric Root\",\"attr\":\"Biologique\",\"sku\":\"07364\",\"l2\":\"L\u00E9gumes\",\"sl\":\"curcuma-racine-07364\",\"sn\":\"biologique, bio, organic, organique, turmeric, safran des indes\",\"idxP\":62},{\"nm\":\"Grenade\",\"nme\":\"Pomegranate\",\"attr\":\"\",\"sku\":\"10608\",\"l2\":\"Fruits\",\"sl\":\"grenade-10608\",\"sn\":\"\",\"idxP\":17},{\"mq\":\"Mayrand CHEF\",\"nm\":\"Plateau Tout Arachide\",\"nme\":\"All Peanut Tray\",\"attr\":\"\",\"sku\":\"10610\",\"l2\":\"Noix et fruits secs\",\"sl\":\"plateau-tout-arachide-mayrand-chef-10610\",\"sn\":\"plateau\",\"idxP\":28},{\"mq\":\"Mayrand CHEF\",\"nm\":\"Roquette\",\"nme\":\"Arugula\",\"attr\":\"\",\"sku\":\"10650\",\"l2\":\"L\u00E9gumes\",\"sl\":\"roquette-mayrand-chef-10650\",\"sn\":\"\",\"idxP\":68},{\"mq\":\"Mayrand CHEF\",\"nm\":\"Plateau grignotines sal\u00E9es 5 \u00E0 7\",\"nme\":\"Salted Party Mix Tray\",\"attr\":\"\",\"sku\":\"10612\",\"l2\":\"Noix et fruits secs\",\"sl\":\"plateau-grignotines-salees-5-a-7-mayrand-chef-10612\",\"sn\":\"\",\"idxP\":46},{\"mq\":\"Mayrand CHEF\",\"nm\":\"\u00C9pinard jeune\",\"nme\":\"Baby Spinach\",\"attr\":\"Produit local\",\"sku\":\"10654\",\"l2\":\"L\u00E9gumes\",\"sl\":\"epinard-jeune-mayrand-chef-10654\",\"sn\":\"\u00E9pinards\",\"idxP\":81},{\"mq\":\"Mayrand CHEF\",\"nm\":\"Mesclun arcadian\",\"nme\":\"Arcadian Lettuce\",\"attr\":\"Produit local\",\"sku\":\"10652\",\"l2\":\"L\u00E9gumes\",\"sl\":\"mesclun-arcadian-mayrand-chef-10652\",\"sn\":\"\",\"idxP\":79},{\"mq\":\"Mayrand CHEF\",\"nm\":\"Plateau Choco Noix\",\"nme\":\"Choco Nuts Tray\",\"attr\":\"\",\"sku\":\"10611\",\"l2\":\"Noix et fruits secs\",\"sl\":\"plateau-choco-noix-mayrand-chef-10611\",\"sn\":\"plateau\",\"idxP\":32},{\"nm\":\"Cl\u00E9mentine feuille\",\"nme\":\"Clementine with Leaf\",\"attr\":\"\",\"sku\":\"10668\",\"l2\":\"Fruits\",\"sl\":\"clementine-feuille-10668\",\"sn\":\"\",\"idxP\":-16},{\"mq\":\"Mayrand CHEF\",\"nm\":\"Mangue en cubes\",\"nme\":\"Diced Mango\",\"attr\":\"\",\"sku\":\"10669\",\"l2\":\"Fruits\",\"sl\":\"mangue-en-cubes-mayrand-chef-10669\",\"sn\":\"mangues\",\"idxP\":17},{\"nm\":\"Noix m\u00E9lang\u00E9es en \u00E9cale\",\"nme\":\"Mixed Nuts in Shell\",\"attr\":\"\",\"sku\":\"10648\",\"l2\":\"Noix et fruits secs\",\"sl\":\"noix-melangees-en-ecale-10648\",\"sn\":\"\",\"idxP\":0},{\"mq\":\"Mayrand CHEF\",\"nm\":\"Salade de fruits classique sans melon\",\"nme\":\"Original Fruit Salad Without Melon\",\"attr\":\"\",\"sku\":\"10671\",\"l2\":\"Fruits\",\"sl\":\"salade-de-fruits-classique-sans-melon-mayrand-chef-10671\",\"sn\":\"\",\"idxP\":22},{\"mq\":\"Mayrand CHEF\",\"nm\":\"Salade de fruits buffet\",\"nme\":\"Buffet Fruit Salad\",\"attr\":\"\",\"sku\":\"10670\",\"l2\":\"Fruits\",\"sl\":\"salade-de-fruits-buffet-mayrand-chef-10670\",\"sn\":\"\",\"idxP\":10},{\"mq\":\"Mayrand CHEF\",\"nm\":\"Section d'orange et pamplemousse\",\"nme\":\"Orange and Grapefruit Section\",\"attr\":\"\",\"sku\":\"10672\",\"l2\":\"Fruits\",\"sl\":\"section-dorange-et-pamplemousse-mayrand-chef-10672\",\"sn\":\"\",\"idxP\":20},{\"mq\":\"Mayrand CHEF\",\"nm\":\"M\u00E9lange de fruits tropicaux\",\"nme\":\"Tropical Fruit Mix\",\"attr\":\"\",\"sku\":\"27776\",\"l2\":\"Noix et fruits secs\",\"sl\":\"melange-de-fruits-tropicaux-mayrand-chef-27776\",\"sn\":\"exotic, exotique, tropical\",\"idxP\":72},{\"nm\":\"Tomate cerise\",\"nme\":\"Cherry Tomato\",\"attr\":\"\",\"sku\":\"27936\",\"l2\":\"L\u00E9gumes\",\"sl\":\"tomate-cerise-27936\",\"sn\":\"tomates\",\"idxP\":82},{\"nm\":\"Radis frais\",\"nme\":\"Fresh Radish\",\"attr\":\"\",\"sku\":\"27799\",\"l2\":\"L\u00E9gumes\",\"sl\":\"radis-frais-27799\",\"sn\":\"\",\"idxP\":70},{\"nm\":\"Noix de grenoble naturelle en \u00E9cale\",\"nme\":\"Raw Walnut in Shell\",\"attr\":\"\",\"sku\":\"13591\",\"l2\":\"Noix et fruits secs\",\"sl\":\"noix-de-grenoble-naturelle-en-ecale-13591\",\"sn\":\"\",\"idxP\":0},{\"mq\":\"Mayrand CHEF\",\"nm\":\"Bleuet s\u00E9ch\u00E9\",\"nme\":\"Dried Blueberry\",\"attr\":\"\",\"sku\":\"10687\",\"l2\":\"Noix et fruits secs\",\"sl\":\"bleuet-seche-mayrand-chef-10687\",\"sn\":\"\",\"idxP\":27},{\"mq\":\"Mayrand CHEF\",\"nm\":\"M\u00E9lange samoura\u00EF\",\"nme\":\"Samurai Rice Craker Mix\",\"attr\":\"\",\"sku\":\"10690\",\"l2\":\"Noix et fruits secs\",\"sl\":\"melange-samourai-mayrand-chef-10690\",\"sn\":\"\",\"idxP\":41},{\"mq\":\"Mayrand CHEF\",\"nm\":\"Pacane \u00E0 l'\u00E9rable\",\"nme\":\"Maple Pecan\",\"attr\":\"\",\"sku\":\"10694\",\"l2\":\"Noix et fruits secs\",\"sl\":\"pacane-a-lerable-mayrand-chef-10694\",\"sn\":\"\",\"idxP\":63},{\"mq\":\"Mayrand CHEF\",\"nm\":\"Amande \u00E0 l'\u00E9rable\",\"nme\":\"Maple Almond\",\"attr\":\"\",\"sku\":\"10696\",\"l2\":\"Noix et fruits secs\",\"sl\":\"amande-a-lerable-mayrand-chef-10696\",\"sn\":\"amandes\",\"idxP\":63},{\"mq\":\"Mayrand CHEF\",\"nm\":\"Kiwi s\u00E9ch\u00E9 tranch\u00E9\",\"nme\":\"Dried Sliced Kiwi\",\"attr\":\"\",\"sku\":\"10685\",\"l2\":\"Noix et fruits secs\",\"sl\":\"kiwi-seche-tranche-mayrand-chef-10685\",\"sn\":\"\",\"idxP\":39},{\"mq\":\"Mayrand CHEF\",\"nm\":\"Arachide au beurre\",\"nme\":\"Butter Sugared Peanut\",\"attr\":\"\",\"sku\":\"10698\",\"l2\":\"Noix et fruits secs\",\"sl\":\"arachide-au-beurre-mayrand-chef-10698\",\"sn\":\"\",\"idxP\":19},{\"mq\":\"Mayrand CHEF\",\"nm\":\"M\u00E9lange oriental\",\"nme\":\"Oriental Rice Cracker Mix\",\"attr\":\"\",\"sku\":\"10693\",\"l2\":\"Noix et fruits secs\",\"sl\":\"melange-oriental-mayrand-chef-10693\",\"sn\":\"\",\"idxP\":45},{\"nm\":\"Poivron suntan\",\"nme\":\"Suntan Bell Pepper\",\"attr\":\"\",\"sku\":\"05032\",\"l2\":\"L\u00E9gumes\",\"sl\":\"poivron-suntan-05032\",\"sn\":\"\",\"idxP\":32},{\"mq\":\"Frutas\",\"nm\":\"Croustilles de yuca ranch\",\"nme\":\"Ranch Yuca Crisps\",\"attr\":\"\",\"sku\":\"10700\",\"l2\":\"Autre\",\"sl\":\"croustilles-de-yuca-ranch-frutas-10700\",\"sn\":\"\",\"idxP\":69},{\"mq\":\"Frutas\",\"nm\":\"Croustilles de yuca cr\u00E8me s\u00FBre et oignon\",\"nme\":\"Sour Cream and Onion Yuca Crisps\",\"attr\":\"\",\"sku\":\"10703\",\"l2\":\"Noix et fruits secs\",\"sl\":\"croustilles-de-yuca-creme-sure-et-oignon-frutas-10703\",\"sn\":\"onions, oignons\",\"idxP\":75},{\"mq\":\"Golden Valley\",\"nm\":\"Abricot s\u00E9ch\u00E9\",\"nme\":\"Dried Apricot\",\"attr\":\"\",\"sku\":\"27252\",\"l2\":\"Noix et fruits secs\",\"sl\":\"abricot-seche-golden-valley-27252\",\"sn\":\"\",\"idxP\":76},{\"nm\":\"Concombre libanais\",\"nme\":\"Lebanese Cucumber\",\"attr\":\"\",\"sku\":\"09083\",\"l2\":\"L\u00E9gumes\",\"sl\":\"concombre-libanais-09083\",\"sn\":\"concombres\",\"idxP\":100},{\"nm\":\"Ma\u00EFs bicolore\",\"nme\":\"Bicolor Corn\",\"attr\":\"\",\"sku\":\"04966\",\"l2\":\"L\u00E9gumes\",\"sl\":\"mais-bicolore-04966\",\"sn\":\"\",\"idxP\":100},{\"nm\":\"Melon d'eau en quartier (sangria)\",\"nme\":\"Sliced Watermelon (sangria)\",\"attr\":\"\",\"sku\":\"15770\",\"l2\":\"Fruits\",\"sl\":\"melon-deau-en-quartier-sangria-15770\",\"sn\":\"\",\"idxP\":14},{\"nm\":\"Pomme Lobo\",\"nme\":\"Lobo Apple\",\"attr\":\"\",\"sku\":\"08108\",\"l2\":\"Fruits\",\"sl\":\"pomme-lobo-08108\",\"sn\":\"apples, pommes\",\"idxP\":5},{\"nm\":\"Poivron orange\",\"nme\":\"Orange Bell Pepper\",\"attr\":\"\",\"sku\":\"13956\",\"l2\":\"L\u00E9gumes\",\"sl\":\"poivron-orange-13956\",\"sn\":\"\",\"idxP\":0},{\"nm\":\"Poivron jaune\",\"nme\":\"Yellow Bell Pepper\",\"attr\":\"\",\"sku\":\"27349\",\"l2\":\"L\u00E9gumes\",\"sl\":\"poivron-jaune-27349\",\"sn\":\"\",\"idxP\":1},{\"nm\":\"Pomme rouge d\u00E9licieuse\",\"nme\":\"Red Delicious Apple\",\"attr\":\"\",\"sku\":\"10882\",\"l2\":\"Fruits\",\"sl\":\"pomme-rouge-delicieuse-10882\",\"sn\":\"apples, pommes\",\"idxP\":83},{\"nm\":\"Pomme granny smith\",\"nme\":\"Granny Smith Apple\",\"attr\":\"\",\"sku\":\"10881\",\"l2\":\"Fruits\",\"sl\":\"pomme-granny-smith-10881\",\"sn\":\"apples, pommes\",\"idxP\":89},{\"nm\":\"Pomme jaune d\u00E9licieuse\",\"nme\":\"Yellow Delicious Apple\",\"attr\":\"\",\"sku\":\"10886\",\"l2\":\"Fruits\",\"sl\":\"pomme-jaune-delicieuse-10886\",\"sn\":\"apples, pommes\",\"idxP\":80},{\"nm\":\"Pomme honey crisp\",\"nme\":\"Honey Crisp Apple\",\"attr\":\"\",\"sku\":\"10890\",\"l2\":\"Fruits\",\"sl\":\"pomme-honey-crisp-10890\",\"sn\":\"apples, pommes\",\"idxP\":88},{\"nm\":\"Pomme gala\",\"nme\":\"Gala Apple\",\"attr\":\"\",\"sku\":\"10883\",\"l2\":\"Fruits\",\"sl\":\"pomme-gala-10883\",\"sn\":\"apples, pommes\",\"idxP\":80},{\"nm\":\"Persil fris\u00E9\\\/italien\",\"nme\":\"Curly\\\/italian parsley\",\"attr\":\"\",\"sku\":\"03616\",\"l2\":\"Fines herbes et vinaigrette\",\"sl\":\"persil-friseitalien-03616\",\"sn\":\"\",\"idxP\":67},{\"nm\":\"Pomme cortland\",\"nme\":\"Cortland Apple\",\"attr\":\"\",\"sku\":\"10889\",\"l2\":\"Fruits\",\"sl\":\"pomme-cortland-10889\",\"sn\":\"apples, pommes\",\"idxP\":95},{\"nm\":\"Raisin vert\",\"nme\":\"Green grape\",\"attr\":\"\",\"sku\":\"03618\",\"l2\":\"Fruits\",\"sl\":\"raisin-vert-03618\",\"sn\":\"raisins\",\"idxP\":100},{\"nm\":\"Pomme spartan\",\"nme\":\"Spartan Apple\",\"attr\":\"\",\"sku\":\"05160\",\"l2\":\"Fruits\",\"sl\":\"pomme-spartan-05160\",\"sn\":\"apples, pommes\",\"idxP\":86},{\"nm\":\"Kaki\",\"nme\":\"Persimmon\",\"attr\":\"\",\"sku\":\"60013\",\"l2\":\"Fruits\",\"sl\":\"kaki-vanille-60013\",\"sn\":\"\",\"idxP\":42},{\"mq\":\"Golden Valley\",\"nm\":\"Raisin thompson\",\"nme\":\"Thompson Raisin\",\"attr\":\"\",\"sku\":\"33474\",\"l2\":\"Noix et fruits secs\",\"sl\":\"raisin-thompson-golden-valley-33474\",\"sn\":\"raisins\",\"idxP\":28},{\"mq\":\"Sublima\",\"nm\":\"Fraises tranch\u00E9es lyophilis\u00E9es\",\"nme\":\"Freeze-dried sliced strawberries\",\"attr\":\"\",\"sku\":\"03638\",\"l2\":\"Noix et fruits secs\",\"sl\":\"fraises-tranchees-lyophilisees-sublima-03638\",\"sn\":\"fraises\",\"idxP\":21},{\"nm\":\"Kiwi\",\"nme\":\"Kiwi\",\"attr\":\"\",\"sku\":\"03635\",\"l2\":\"Fruits\",\"sl\":\"kiwi-03635\",\"sn\":\"\",\"idxP\":58},{\"mq\":\"Sublima\",\"nm\":\"Mangues tranch\u00E9es lyophilis\u00E9es\",\"nme\":\"Freeze-dried sliced mangoes\",\"attr\":\"\",\"sku\":\"03639\",\"l2\":\"Noix et fruits secs\",\"sl\":\"mangues-tranchees-lyophilisees-sublima-03639\",\"sn\":\"mangues\",\"idxP\":19},{\"mq\":\"Golden Valley\",\"nm\":\"Raisin sultana\",\"nme\":\"Sultana Grape\",\"attr\":\"\",\"sku\":\"33476\",\"l2\":\"Noix et fruits secs\",\"sl\":\"raisin-sultana-golden-valley-33476\",\"sn\":\"raisins\",\"idxP\":18},{\"mq\":\"Golden Valley\",\"nm\":\"Raisin dor\u00E9\",\"nme\":\"Golden Raisin\",\"attr\":\"\",\"sku\":\"33473\",\"l2\":\"Noix et fruits secs\",\"sl\":\"raisin-dore-golden-valley-33473\",\"sn\":\"raisins\",\"idxP\":19},{\"mq\":\"Frutas\",\"nm\":\"Croustilles de yuca sal\u00E9es\",\"nme\":\"Salted Yuca Crisps\",\"attr\":\"\",\"sku\":\"03636\",\"l2\":\"Noix et fruits secs\",\"sl\":\"croustilles-de-yuca-salees-frutas-03636\",\"sn\":\"\",\"idxP\":0},{\"mq\":\"Morille Qu\u00E9bec\",\"nm\":\"Champignons bolets s\u00E9ch\u00E9s\",\"nme\":\"Dried boletus mushroom\",\"attr\":\"\",\"sku\":\"03674\",\"l2\":\"Fines herbes et vinaigrette\",\"sl\":\"champignons-bolets-seches-morille-quebec-03674\",\"sn\":\"\",\"idxP\":4},{\"mq\":\"Morille Qu\u00E9bec\",\"nm\":\"Champignons m\u00E9lange sauvage s\u00E9ch\u00E9s\",\"nme\":\"Dried wild mix mushroom\",\"attr\":\"\",\"sku\":\"03673\",\"l2\":\"Fines herbes et vinaigrette\",\"sl\":\"champignons-melange-sauvage-seches-morille-quebec-03673\",\"sn\":\"\",\"idxP\":7},{\"nm\":\"Lime filet\",\"nme\":\"Lime Bag\",\"attr\":\"\",\"sku\":\"03427\",\"l2\":\"Fruits\",\"sl\":\"lime-filet-03427\",\"sn\":\"\",\"idxP\":100},{\"mq\":\"Morille Qu\u00E9bec\",\"nm\":\"Champignons shiitakes s\u00E9ch\u00E9s\",\"nme\":\"Dried shiitake mushroom\",\"attr\":\"\",\"sku\":\"03678\",\"l2\":\"Fines herbes et vinaigrette\",\"sl\":\"champignons-shiitakes-seches-morille-quebec-03678\",\"sn\":\"\",\"idxP\":6},{\"mq\":\"Morille Qu\u00E9bec\",\"nm\":\"Champignons m\u00E9lange forestier s\u00E9ch\u00E9s\",\"nme\":\"Dried forest mix mushroom\",\"attr\":\"\",\"sku\":\"03676\",\"l2\":\"Fines herbes et vinaigrette\",\"sl\":\"champignons-melange-forestier-seches-morille-quebec-03676\",\"sn\":\"\",\"idxP\":8},{\"mq\":\"Morille Qu\u00E9bec\",\"nm\":\"Champignons pleurotes s\u00E9ch\u00E9s\",\"nme\":\"Dried oyster mushroom\",\"attr\":\"\",\"sku\":\"03675\",\"l2\":\"Fines herbes et vinaigrette\",\"sl\":\"champignons-pleurotes-seches-morille-quebec-03675\",\"sn\":\"\",\"idxP\":7},{\"mq\":\"Morille Qu\u00E9bec\",\"nm\":\"Champignons morilles s\u00E9ch\u00E9s\",\"nme\":\"Dried morel Mushroom\",\"attr\":\"\",\"sku\":\"03672\",\"l2\":\"Fines herbes et vinaigrette\",\"sl\":\"champignons-morilles-seches-morille-quebec-03672\",\"sn\":\"\",\"idxP\":4},{\"nm\":\"Lime filet\",\"nme\":\"Lime Bag\",\"attr\":\"\",\"sku\":\"40170\",\"l2\":\"Fruits\",\"sl\":\"lime-filet-40170\",\"sn\":\"\",\"idxP\":100},{\"mq\":\"Morille Qu\u00E9bec\",\"nm\":\"Champignons m\u00E9lange \u00E9conomique s\u00E9ch\u00E9s\",\"nme\":\"Dried economic mix mushroom\",\"attr\":\"\",\"sku\":\"03677\",\"l2\":\"Fines herbes et vinaigrette\",\"sl\":\"champignons-melange-economique-seches-morille-quebec-03677\",\"sn\":\"\",\"idxP\":7},{\"nm\":\"Avocat filet gros calibre\",\"nme\":\"Large Avocado Mesh Bag\",\"attr\":\"\",\"sku\":\"03679\",\"l2\":\"L\u00E9gumes\",\"sl\":\"avocat-filet-gros-calibre-03679\",\"sn\":\"avocats\",\"idxP\":68},{\"mq\":\"Mayrand CHEF\",\"nm\":\"M\u00E9lange 5 \u00E0 7\",\"nme\":\"5 a 7 Mix\",\"attr\":\"\",\"sku\":\"03682\",\"l2\":\"Noix et fruits secs\",\"sl\":\"melange-5-a-7-mayrand-chef-03682\",\"sn\":\"\",\"idxP\":62},{\"mq\":\"Mayrand CHEF\",\"nm\":\"Arachide jumbo peau rouge\",\"nme\":\"Red skin jumbo Peanut\",\"attr\":\"\",\"sku\":\"03683\",\"l2\":\"Noix et fruits secs\",\"sl\":\"arachide-jumbo-peau-rouge-mayrand-chef-03683\",\"sn\":\"\",\"idxP\":29},{\"nm\":\"Mangue ataulfo\",\"nme\":\"Ataulfo Mango\",\"attr\":\"\",\"sku\":\"04961\",\"l2\":\"Fruits\",\"sl\":\"mangue-ataulfo-04961\",\"sn\":\"mangues\",\"idxP\":100},{\"nm\":\"Duo kale et bette \u00E0 carde\",\"nme\":\"Duo kale and swisschard\",\"attr\":\"\",\"sku\":\"03650\",\"l2\":\"L\u00E9gumes\",\"sl\":\"duo-kale-et-bette-a-carde-03650\",\"sn\":\"\",\"idxP\":5},{\"nm\":\"Pomme gala\",\"nme\":\"Gala Apple Bag\",\"attr\":\"\",\"sku\":\"03691\",\"l2\":\"Fruits\",\"sl\":\"pomme-gala-03691\",\"sn\":\"apples, pommes\",\"idxP\":83},{\"nm\":\"Pomme mcintosh\",\"nme\":\"McIntosh Apple\",\"attr\":\"\",\"sku\":\"03692\",\"l2\":\"Fruits\",\"sl\":\"pomme-mcintosh-03692\",\"sn\":\"apples, pommes\",\"idxP\":88},{\"mq\":\"Mayrand CHEF\",\"nm\":\"M\u00E9lange du randonneur\",\"nme\":\"Trail Mix\",\"attr\":\"\",\"sku\":\"03695\",\"l2\":\"Noix et fruits secs\",\"sl\":\"melange-du-randonneur-mayrand-chef-03695\",\"sn\":\"\",\"idxP\":0},{\"nm\":\"Pomme cortland\",\"nme\":\"Cortland Apple\",\"attr\":\"\",\"sku\":\"03694\",\"l2\":\"Fruits\",\"sl\":\"pomme-cortland-03694\",\"sn\":\"apples, pommes\",\"idxP\":94},{\"nm\":\"Pomme jaune d\u00E9licieuse\",\"nme\":\"Golden Delicious Apple\",\"attr\":\"\",\"sku\":\"03693\",\"l2\":\"Fruits\",\"sl\":\"pomme-jaune-delicieuse-03693\",\"sn\":\"apples, pommes\",\"idxP\":79},{\"mq\":\"Mayrand CHEF\",\"nm\":\"Arachide en \u00E9cale r\u00F4tie sal\u00E9e\",\"nme\":\"Roasted Salted Inshell Peanut\",\"attr\":\"\",\"sku\":\"11621\",\"l2\":\"Noix et fruits secs\",\"sl\":\"arachide-en-ecale-rotie-salee-mayrand-chef-11621\",\"sn\":\"\",\"idxP\":0},{\"nm\":\"Melon canari\",\"nme\":\"Canary Melon\",\"attr\":\"\",\"sku\":\"11934\",\"l2\":\"Fruits\",\"sl\":\"melon-canari-11934\",\"sn\":\"\",\"idxP\":87},{\"nm\":\"Champignon pleurote\",\"nme\":\"Oyster Mushroom\",\"attr\":\"\",\"sku\":\"11976\",\"l2\":\"L\u00E9gumes\",\"sl\":\"champignon-pleurote-11976\",\"sn\":\"\",\"idxP\":43},{\"nm\":\"Citron sac\",\"nme\":\"Lemon Bag\",\"attr\":\"\",\"sku\":\"12075\",\"l2\":\"Fruits\",\"sl\":\"citron-sac-12075\",\"sn\":\"citrons\",\"idxP\":88},{\"nm\":\"Poivron rouge sac\",\"nme\":\"Red Bell Pepper Bag\",\"attr\":\"\",\"sku\":\"12174\",\"l2\":\"L\u00E9gumes\",\"sl\":\"poivron-rouge-sac-12174\",\"sn\":\"\",\"idxP\":82},{\"nm\":\"Tomate raisin mixte\",\"nme\":\"Mixed Grape Tomato\",\"attr\":\"\",\"sku\":\"27937\",\"l2\":\"L\u00E9gumes\",\"sl\":\"tomate-raisin-mixte-27937\",\"sn\":\"raisins, tomates\",\"idxP\":100},{\"nm\":\"Guacamole pico de gallo\",\"nme\":\"Pico De Gallo Guacamole\",\"attr\":\"\",\"sku\":\"12176\",\"l2\":\"Fines herbes et vinaigrette\",\"sl\":\"guacamole-pico-de-gallo-12176\",\"sn\":\"\",\"idxP\":20},{\"nm\":\"Guacamole\",\"nme\":\"Guacamole\",\"attr\":\"\",\"sku\":\"12175\",\"l2\":\"Fines herbes et vinaigrette\",\"sl\":\"guacamole-12175\",\"sn\":\"\",\"idxP\":24},{\"nm\":\"Banane\",\"nme\":\"Banana\",\"attr\":\"\",\"sku\":\"12157\",\"l2\":\"Fruits\",\"sl\":\"banane-12157\",\"sn\":\"ananas, bananes\",\"idxP\":100},{\"nm\":\"Carotte pel\u00E9e enti\u00E8re\",\"nme\":\"Whole Peeled Carrot\",\"attr\":\"\",\"sku\":\"12162\",\"l2\":\"L\u00E9gumes\",\"sl\":\"carotte-pelee-entiere-12162\",\"sn\":\"carottes\",\"idxP\":0},{\"nm\":\"Patate douce\",\"nme\":\"Sweet Potato\",\"attr\":\"\",\"sku\":\"12155\",\"l2\":\"L\u00E9gumes\",\"sl\":\"patate-douce-12155\",\"sn\":\"patates\",\"idxP\":65},{\"nm\":\"Laitue roquette\",\"nme\":\"Arugula Lettuce\",\"attr\":\"\",\"sku\":\"12160\",\"l2\":\"L\u00E9gumes\",\"sl\":\"laitue-roquette-12160\",\"sn\":\"\",\"idxP\":66},{\"nm\":\"Champignon portobello frais\",\"nme\":\"Fresh Portobello Mushroom\",\"attr\":\"\",\"sku\":\"12163\",\"l2\":\"L\u00E9gumes\",\"sl\":\"champignon-portobello-frais-12163\",\"sn\":\"\",\"idxP\":0},{\"nm\":\"Poivron vert sac\",\"nme\":\"Green Bell Pepper Bag\",\"attr\":\"\",\"sku\":\"12173\",\"l2\":\"L\u00E9gumes\",\"sl\":\"poivron-vert-sac-12173\",\"sn\":\"\",\"idxP\":100},{\"nm\":\"Kale coup\u00E9\",\"nme\":\"Cut Kale\",\"attr\":\"\",\"sku\":\"12152\",\"l2\":\"L\u00E9gumes\",\"sl\":\"kale-coupe-12152\",\"sn\":\"\",\"idxP\":20},{\"nm\":\"Champignon m\u00E9lange pour saut\u00E9\",\"nme\":\"Saute Blend Mushroom\",\"attr\":\"\",\"sku\":\"12165\",\"l2\":\"L\u00E9gumes\",\"sl\":\"champignon-melange-pour-saute-12165\",\"sn\":\"\",\"idxP\":20},{\"nm\":\"Poire asiatique\",\"nme\":\"Asian Pear\",\"attr\":\"\",\"sku\":\"12153\",\"l2\":\"Fruits\",\"sl\":\"poire-asiatique-12153\",\"sn\":\"poires\",\"idxP\":29},{\"nm\":\"Orange cara cara\",\"nme\":\"Cara Cara Orange\",\"attr\":\"\",\"sku\":\"12159\",\"l2\":\"Fruits\",\"sl\":\"orange-cara-cara-12159\",\"sn\":\"\",\"idxP\":43},{\"mq\":\"Mayrand CHEF\",\"nm\":\"M\u00E9lange romantique\",\"nme\":\"Romantic Mix\",\"attr\":\"\",\"sku\":\"12239\",\"l2\":\"Noix et fruits secs\",\"sl\":\"melange-romantique-mayrand-chef-12239\",\"sn\":\"\",\"idxP\":0},{\"nm\":\"Raisin rouge\",\"nme\":\"Red grapes\",\"attr\":\"\",\"sku\":\"21955\",\"l2\":\"Fruits\",\"sl\":\"raisin-rouge-21955\",\"sn\":\"raisins\",\"idxP\":100},{\"nm\":\"Carotte nantaise couleur\",\"nme\":\"Colored Nantes Carrot\",\"attr\":\"\",\"sku\":\"12158\",\"l2\":\"L\u00E9gumes\",\"sl\":\"carotte-nantaise-couleur-12158\",\"sn\":\"carottes\",\"idxP\":36},{\"mq\":\"Mayrand CHEF\",\"nm\":\"Bretzel mini en coeur\",\"nme\":\"Mini Heart-Shaped Pretzel\",\"attr\":\"\",\"sku\":\"12241\",\"l2\":\"Noix et fruits secs\",\"sl\":\"bretzel-mini-en-coeur-mayrand-chef-12241\",\"sn\":\"\",\"idxP\":0},{\"nm\":\"Romarin\",\"nme\":\"Rosemary\",\"attr\":\"\",\"sku\":\"12252\",\"l2\":\"Fines herbes et vinaigrette\",\"sl\":\"romarin-12252\",\"sn\":\"\",\"idxP\":84},{\"nm\":\"Betterave jaune sac\",\"nme\":\"Yellow Beet in Bag\",\"attr\":\"\",\"sku\":\"12259\",\"l2\":\"L\u00E9gumes\",\"sl\":\"betterave-jaune-sac-12259\",\"sn\":\"\",\"idxP\":29},{\"nm\":\"Aneth\",\"nme\":\"Dill\",\"attr\":\"\",\"sku\":\"12246\",\"l2\":\"Fines herbes et vinaigrette\",\"sl\":\"aneth-12246\",\"sn\":\"\",\"idxP\":82},{\"nm\":\"Thym\",\"nme\":\"Thyme\",\"attr\":\"\",\"sku\":\"12253\",\"l2\":\"Fines herbes et vinaigrette\",\"sl\":\"thym-12253\",\"sn\":\"\",\"idxP\":83},{\"nm\":\"Salade c\u00E9sar\",\"nme\":\"Ceasar salad\",\"attr\":\"\",\"sku\":\"12261\",\"l2\":\"L\u00E9gumes\",\"sl\":\"salade-cesar-12261\",\"sn\":\"\",\"idxP\":0},{\"mq\":\"Mayrand CHEF\",\"nm\":\"Farine de coco\",\"nme\":\"Coconut Mix\",\"attr\":\"\",\"sku\":\"12240\",\"l2\":\"Noix et fruits secs\",\"sl\":\"farine-de-coco-mayrand-chef-12240\",\"sn\":\"\",\"idxP\":9},{\"nm\":\"Salade printani\u00E8re\",\"nme\":\"Spring Salad\",\"attr\":\"\",\"sku\":\"12262\",\"l2\":\"L\u00E9gumes\",\"sl\":\"salade-printaniere-12262\",\"sn\":\"\",\"idxP\":0},{\"nm\":\"F\u00E8ve jaune\",\"nme\":\"Yellow Bean\",\"attr\":\"\",\"sku\":\"12287\",\"l2\":\"L\u00E9gumes\",\"sl\":\"feve-jaune-12287\",\"sn\":\"\",\"idxP\":0},{\"nm\":\"Ail filet\",\"nme\":\"Garlic\",\"attr\":\"\",\"sku\":\"12257\",\"l2\":\"L\u00E9gumes\",\"sl\":\"ail-filet-12257\",\"sn\":\"\",\"idxP\":37},{\"nm\":\"Melon d'eau mini\",\"nme\":\"Mini Watermelon\",\"attr\":\"\",\"sku\":\"12294\",\"l2\":\"Fruits\",\"sl\":\"melon-deau-mini-12294\",\"sn\":\"\",\"idxP\":34},{\"nm\":\"Ail pel\u00E9\",\"nme\":\"Peeled Garlic\",\"attr\":\"\",\"sku\":\"12258\",\"l2\":\"L\u00E9gumes\",\"sl\":\"ail-pele-12258\",\"sn\":\"\",\"idxP\":0},{\"nm\":\"Coriandre\",\"nme\":\"Coriander\",\"attr\":\"\",\"sku\":\"12247\",\"l2\":\"Fines herbes et vinaigrette\",\"sl\":\"coriandre-12247\",\"sn\":\"\",\"idxP\":100},{\"nm\":\"Persil italien\",\"nme\":\"Italian Parsley\",\"attr\":\"\",\"sku\":\"12251\",\"l2\":\"Fines herbes et vinaigrette\",\"sl\":\"persil-italien-12251\",\"sn\":\"\",\"idxP\":93},{\"nm\":\"Salade sud-ouest\",\"nme\":\"South-East Salad\",\"attr\":\"\",\"sku\":\"12266\",\"l2\":\"L\u00E9gumes\",\"sl\":\"salade-sud-ouest-12266\",\"sn\":\"\",\"idxP\":0},{\"nm\":\"F\u00E8ve jaune\",\"nme\":\"Yellow Bean\",\"attr\":\"\",\"sku\":\"12288\",\"l2\":\"L\u00E9gumes\",\"sl\":\"feve-jaune-12288\",\"sn\":\"\",\"idxP\":0},{\"nm\":\"Basilic\",\"nme\":\"Basil\",\"attr\":\"\",\"sku\":\"12245\",\"l2\":\"Fines herbes et vinaigrette\",\"sl\":\"basilic-12245\",\"sn\":\"\",\"idxP\":93},{\"nm\":\"Chou de Bruxelles\",\"nme\":\"Brussel Sprout\",\"attr\":\"\",\"sku\":\"12282\",\"l2\":\"L\u00E9gumes\",\"sl\":\"chou-de-bruxelles-12282\",\"sn\":\"\",\"idxP\":82},{\"nm\":\"P\u00EAche panier\",\"nme\":\"Peach Basket\",\"attr\":\"\",\"sku\":\"12283\",\"l2\":\"Fruits\",\"sl\":\"peche-panier-12283\",\"sn\":\"\",\"idxP\":100},{\"nm\":\"Tomatillo\",\"nme\":\"Tomatillo\",\"attr\":\"\",\"sku\":\"12289\",\"l2\":\"L\u00E9gumes\",\"sl\":\"tomatillo-12289\",\"sn\":\"\",\"idxP\":4},{\"nm\":\"Topinambour\",\"nme\":\"Jerusalem Artichoke\",\"attr\":\"\",\"sku\":\"12323\",\"l2\":\"L\u00E9gumes\",\"sl\":\"topinambour-12323\",\"sn\":\"\",\"idxP\":14},{\"nm\":\"Pois sucr\u00E9\",\"nme\":\"Sweet Pea\",\"attr\":\"\",\"sku\":\"12317\",\"l2\":\"L\u00E9gumes\",\"sl\":\"pois-sucre-12317\",\"sn\":\"\",\"idxP\":48},{\"nm\":\"Pois mange-tout\",\"nme\":\"Snow Pea\",\"attr\":\"\",\"sku\":\"12316\",\"l2\":\"L\u00E9gumes\",\"sl\":\"pois-mange-tout-12316\",\"sn\":\"\",\"idxP\":42},{\"nm\":\"Poivron suntan\",\"nme\":\"Suntan Bell Pepper\",\"attr\":\"\",\"sku\":\"12321\",\"l2\":\"L\u00E9gumes\",\"sl\":\"poivron-suntan-12321\",\"sn\":\"\",\"idxP\":5},{\"nm\":\"Haricot vert\",\"nme\":\"Green Pea\",\"attr\":\"\",\"sku\":\"12318\",\"l2\":\"L\u00E9gumes\",\"sl\":\"haricot-vert-12318\",\"sn\":\"\",\"idxP\":18},{\"nm\":\"Courgette verte\",\"nme\":\"Green Zucchini\",\"attr\":\"\",\"sku\":\"12324\",\"l2\":\"L\u00E9gumes\",\"sl\":\"courgette-verte-12324\",\"sn\":\"courges, courgettes\",\"idxP\":30},{\"nm\":\"Asperge\",\"nme\":\"Asparagus\",\"attr\":\"\",\"sku\":\"12291\",\"l2\":\"L\u00E9gumes\",\"sl\":\"asperge-12291\",\"sn\":\"\",\"idxP\":100},{\"nm\":\"Piment fort habanero\",\"nme\":\"Hot Habanero Pepper\",\"attr\":\"\",\"sku\":\"12295\",\"l2\":\"L\u00E9gumes\",\"sl\":\"piment-fort-habanero-12295\",\"sn\":\"piments\",\"idxP\":0},{\"nm\":\"Raisin rouge\",\"nme\":\"Red Grape\",\"attr\":\"\",\"sku\":\"07684\",\"l2\":\"Fruits\",\"sl\":\"raisin-rouge-07684\",\"sn\":\"raisins\",\"idxP\":70},{\"nm\":\"Poivron suntan\",\"nme\":\"Suntan Bell Pepper\",\"attr\":\"\",\"sku\":\"12322\",\"l2\":\"L\u00E9gumes\",\"sl\":\"poivron-suntan-12322\",\"sn\":\"\",\"idxP\":84},{\"nm\":\"Poireau\",\"nme\":\"Leek\",\"attr\":\"\",\"sku\":\"12328\",\"l2\":\"L\u00E9gumes\",\"sl\":\"poireau-12328\",\"sn\":\"poires\",\"idxP\":75},{\"nm\":\"Persil fris\u00E9 vrac\",\"nme\":\"Bulk Curly Parsley\",\"attr\":\"\",\"sku\":\"12364\",\"l2\":\"Fines herbes et vinaigrette\",\"sl\":\"persil-frise-vrac-12364\",\"sn\":\"\",\"idxP\":0},{\"nm\":\"Vinaigrette moutarde et miel\",\"nme\":\"Honey Mustard Dressing\",\"attr\":\"\",\"sku\":\"12334\",\"l2\":\"Fines herbes et vinaigrette\",\"sl\":\"vinaigrette-moutarde-et-miel-12334\",\"sn\":\"\",\"idxP\":-1},{\"nm\":\"Romarin vrac\",\"nme\":\"Bulk Rosemary\",\"attr\":\"\",\"sku\":\"12356\",\"l2\":\"Fines herbes et vinaigrette\",\"sl\":\"romarin-vrac-12356\",\"sn\":\"\",\"idxP\":0},{\"nm\":\"Sauge vrac\",\"nme\":\"Bulk Sage\",\"attr\":\"\",\"sku\":\"12357\",\"l2\":\"Fines herbes et vinaigrette\",\"sl\":\"sauge-vrac-12357\",\"sn\":\"\",\"idxP\":0},{\"nm\":\"Estragon vrac\",\"nme\":\"Bulk Tarragon\",\"attr\":\"\",\"sku\":\"12351\",\"l2\":\"Fines herbes et vinaigrette\",\"sl\":\"estragon-vrac-12351\",\"sn\":\"\",\"idxP\":0},{\"nm\":\"Origan vrac\",\"nme\":\"Bulk Oregano\",\"attr\":\"\",\"sku\":\"12354\",\"l2\":\"Fines herbes et vinaigrette\",\"sl\":\"origan-vrac-12354\",\"sn\":\"\",\"idxP\":0},{\"mq\":\"Gourma\",\"nm\":\"Basilic grec\",\"nme\":\"Greek Basil\",\"attr\":\"\",\"sku\":\"12370\",\"l2\":\"Fines herbes et vinaigrette\",\"sl\":\"basilic-grec-gourma-12370\",\"sn\":\"\",\"idxP\":0},{\"mq\":\"Gourma\",\"nm\":\"Coriandre\",\"nme\":\"Coriander\",\"attr\":\"\",\"sku\":\"12375\",\"l2\":\"Fines herbes et vinaigrette\",\"sl\":\"coriandre-gourma-12375\",\"sn\":\"\",\"idxP\":0},{\"mq\":\"Gourma\",\"nm\":\"Basilic canelle\",\"nme\":\"Cinnamon Basil\",\"attr\":\"\",\"sku\":\"12368\",\"l2\":\"Fines herbes et vinaigrette\",\"sl\":\"basilic-canelle-gourma-12368\",\"sn\":\"\",\"idxP\":0},{\"mq\":\"Gourma\",\"nm\":\"Estragon\",\"nme\":\"Tarragon\",\"attr\":\"\",\"sku\":\"12379\",\"l2\":\"Fines herbes et vinaigrette\",\"sl\":\"estragon-gourma-12379\",\"sn\":\"\",\"idxP\":0},{\"mq\":\"Gourma\",\"nm\":\"Mesclun\",\"nme\":\"Mesclun\",\"attr\":\"\",\"sku\":\"12388\",\"l2\":\"Fines herbes et vinaigrette\",\"sl\":\"mesclun-gourma-12388\",\"sn\":\"\",\"idxP\":0},{\"mq\":\"Gourma\",\"nm\":\"Persil italien\",\"nme\":\"Italian Parsley\",\"attr\":\"\",\"sku\":\"12392\",\"l2\":\"Fines herbes et vinaigrette\",\"sl\":\"persil-italien-gourma-12392\",\"sn\":\"\",\"idxP\":0},{\"nm\":\"Basilic vrac\",\"nme\":\"Bulk Basil\",\"attr\":\"\",\"sku\":\"12348\",\"l2\":\"Fines herbes et vinaigrette\",\"sl\":\"basilic-vrac-12348\",\"sn\":\"\",\"idxP\":0},{\"mq\":\"Gourma\",\"nm\":\"Baume m\u00E9lisse\",\"nme\":\"Lemon Balm\",\"attr\":\"\",\"sku\":\"12373\",\"l2\":\"Fines herbes et vinaigrette\",\"sl\":\"baume-melisse-gourma-12373\",\"sn\":\"\",\"idxP\":0},{\"nm\":\"Menthe vrac\",\"nme\":\"Bulk Mint\",\"attr\":\"\",\"sku\":\"12353\",\"l2\":\"Fines herbes et vinaigrette\",\"sl\":\"menthe-vrac-12353\",\"sn\":\"\",\"idxP\":0},{\"nm\":\"Aneth vrac\",\"nme\":\"Bulk Dill\",\"attr\":\"\",\"sku\":\"12363\",\"l2\":\"Fines herbes et vinaigrette\",\"sl\":\"aneth-vrac-12363\",\"sn\":\"\",\"idxP\":0},{\"mq\":\"Gourma\",\"nm\":\"Cresson\",\"nme\":\"Cress\",\"attr\":\"\",\"sku\":\"12378\",\"l2\":\"Fines herbes et vinaigrette\",\"sl\":\"cresson-gourma-12378\",\"sn\":\"\",\"idxP\":0},{\"nm\":\"Ciboulette vrac\",\"nme\":\"Bulk Chives\",\"attr\":\"\",\"sku\":\"12349\",\"l2\":\"Fines herbes et vinaigrette\",\"sl\":\"ciboulette-vrac-12349\",\"sn\":\"\",\"idxP\":0},{\"nm\":\"Thym vrac\",\"nme\":\"Bulk Thyme\",\"attr\":\"\",\"sku\":\"12361\",\"l2\":\"Fines herbes et vinaigrette\",\"sl\":\"thym-vrac-12361\",\"sn\":\"\",\"idxP\":0},{\"mq\":\"Gourma\",\"nm\":\"Aneth\",\"nme\":\"Dill\",\"attr\":\"\",\"sku\":\"12366\",\"l2\":\"Fines herbes et vinaigrette\",\"sl\":\"aneth-gourma-12366\",\"sn\":\"\",\"idxP\":0},{\"mq\":\"Gourma\",\"nm\":\"Marjolaine\",\"nme\":\"Marjoram\",\"attr\":\"\",\"sku\":\"12381\",\"l2\":\"Fines herbes et vinaigrette\",\"sl\":\"marjolaine-gourma-12381\",\"sn\":\"\",\"idxP\":0},{\"mq\":\"Gourma\",\"nm\":\"Menthe\",\"nme\":\"Mint\",\"attr\":\"\",\"sku\":\"12386\",\"l2\":\"Fines herbes et vinaigrette\",\"sl\":\"menthe-gourma-12386\",\"sn\":\"\",\"idxP\":0},{\"mq\":\"Gourma\",\"nm\":\"Romarin\",\"nme\":\"Rosemary\",\"attr\":\"\",\"sku\":\"12394\",\"l2\":\"Fines herbes et vinaigrette\",\"sl\":\"romarin-gourma-12394\",\"sn\":\"\",\"idxP\":0},{\"mq\":\"Gourma\",\"nm\":\"Sariette\",\"nme\":\"Savory\",\"attr\":\"\",\"sku\":\"12398\",\"l2\":\"Fines herbes et vinaigrette\",\"sl\":\"sariette-gourma-12398\",\"sn\":\"\",\"idxP\":0},{\"mq\":\"Gourma\",\"nm\":\"Basilic tha\u00EF\",\"nme\":\"Thai Basil\",\"attr\":\"\",\"sku\":\"12372\",\"l2\":\"Fines herbes et vinaigrette\",\"sl\":\"basilic-thai-gourma-12372\",\"sn\":\"\",\"idxP\":0},{\"mq\":\"Gourma\",\"nm\":\"Persil fris\u00E9\",\"nme\":\"Curly Parsley\",\"attr\":\"\",\"sku\":\"12390\",\"l2\":\"Fines herbes et vinaigrette\",\"sl\":\"persil-frise-gourma-12390\",\"sn\":\"\",\"idxP\":0},{\"mq\":\"Gourma\",\"nm\":\"Sauge\",\"nme\":\"Sage\",\"attr\":\"\",\"sku\":\"12399\",\"l2\":\"Fines herbes et vinaigrette\",\"sl\":\"sauge-gourma-12399\",\"sn\":\"\",\"idxP\":0},{\"mq\":\"Gourma\",\"nm\":\"Basilic citron\",\"nme\":\"Lemon Basil\",\"attr\":\"\",\"sku\":\"12369\",\"l2\":\"Fines herbes et vinaigrette\",\"sl\":\"basilic-citron-gourma-12369\",\"sn\":\"citrons\",\"idxP\":0},{\"mq\":\"Gourma\",\"nm\":\"Menthe anglaise\",\"nme\":\"Peppermint\",\"attr\":\"\",\"sku\":\"12387\",\"l2\":\"Fines herbes et vinaigrette\",\"sl\":\"menthe-anglaise-gourma-12387\",\"sn\":\"\",\"idxP\":0},{\"nm\":\"Coriandre vrac\",\"nme\":\"Bulk Coriander\",\"attr\":\"\",\"sku\":\"12362\",\"l2\":\"Fines herbes et vinaigrette\",\"sl\":\"coriandre-vrac-12362\",\"sn\":\"\",\"idxP\":0},{\"mq\":\"Gourma\",\"nm\":\"Basilic pourpre\",\"nme\":\"Purple Basil\",\"attr\":\"\",\"sku\":\"12371\",\"l2\":\"Fines herbes et vinaigrette\",\"sl\":\"basilic-pourpre-gourma-12371\",\"sn\":\"\",\"idxP\":0},{\"mq\":\"Gourma\",\"nm\":\"Ciboulette\",\"nme\":\"Chives\",\"attr\":\"\",\"sku\":\"12374\",\"l2\":\"Fines herbes et vinaigrette\",\"sl\":\"ciboulette-gourma-12374\",\"sn\":\"\",\"idxP\":0},{\"mq\":\"Gourma\",\"nm\":\"Origan\",\"nme\":\"Oregano\",\"attr\":\"\",\"sku\":\"12389\",\"l2\":\"Fines herbes et vinaigrette\",\"sl\":\"origan-gourma-12389\",\"sn\":\"\",\"idxP\":0},{\"nm\":\"Poire bartlett panier\",\"nme\":\"Bartlett Pear\",\"attr\":\"\",\"sku\":\"12286\",\"l2\":\"Fruits\",\"sl\":\"poire-bartlett-panier-12286\",\"sn\":\"poires\",\"idxP\":88},{\"nm\":\"Mangue rouge\",\"nme\":\"Red Mango\",\"attr\":\"\",\"sku\":\"12383\",\"l2\":\"Fruits\",\"sl\":\"mangue-rouge-12383\",\"sn\":\"mangues\",\"idxP\":-6},{\"mq\":\"Gourma\",\"nm\":\"Roquette\",\"nme\":\"Arugula\",\"attr\":\"\",\"sku\":\"12395\",\"l2\":\"Fines herbes et vinaigrette\",\"sl\":\"roquette-gourma-12395\",\"sn\":\"\",\"idxP\":0},{\"mq\":\"Gourma\",\"nm\":\"Thym\",\"nme\":\"Thyme\",\"attr\":\"\",\"sku\":\"12400\",\"l2\":\"Fines herbes et vinaigrette\",\"sl\":\"thym-gourma-12400\",\"sn\":\"\",\"idxP\":0},{\"mq\":\"Gourma\",\"nm\":\"Basilic\",\"nme\":\"Basil\",\"attr\":\"\",\"sku\":\"12367\",\"l2\":\"Fines herbes et vinaigrette\",\"sl\":\"basilic-gourma-12367\",\"sn\":\"\",\"idxP\":0},{\"mq\":\"Gourma\",\"nm\":\"Kale\",\"nme\":\"Kale\",\"attr\":\"\",\"sku\":\"12380\",\"l2\":\"Fines herbes et vinaigrette\",\"sl\":\"kale-gourma-12380\",\"sn\":\"\",\"idxP\":0},{\"mq\":\"Ren\u00E9e's\",\"nm\":\"Vinaigrette c\u00E9sar supr\u00EAme\",\"nme\":\"Supreme Caesar Dressing\",\"attr\":\"\",\"sku\":\"12410\",\"l2\":\"Fines herbes et vinaigrette\",\"sl\":\"vinaigrette-cesar-supreme-renees-12410\",\"sn\":\"\",\"idxP\":0},{\"nm\":\"Pomme spartan\",\"nme\":\"Spartan Apple\",\"attr\":\"\",\"sku\":\"12453\",\"l2\":\"Fruits\",\"sl\":\"pomme-spartan-12453\",\"sn\":\"apples, pommes\",\"idxP\":0},{\"nm\":\"Pomme empire\",\"nme\":\"Empire Apple\",\"attr\":\"\",\"sku\":\"12449\",\"l2\":\"Fruits\",\"sl\":\"pomme-empire-12449\",\"sn\":\"apples, pommes\",\"idxP\":0},{\"mq\":\"Mayrand CHEF\",\"nm\":\"Granola \u00E0 la vanille\",\"nme\":\"Vanilla Granola\",\"attr\":\"\",\"sku\":\"12472\",\"l2\":\"Noix et fruits secs\",\"sl\":\"granola-a-la-vanille-mayrand-chef-12472\",\"sn\":\"\",\"idxP\":0},{\"mq\":\"Mayrand CHEF\",\"nm\":\"Vermicelle chocolat\",\"nme\":\"Chocolate spinkles\",\"attr\":\"\",\"sku\":\"03595\",\"l2\":\"Noix et fruits secs\",\"sl\":\"vermicelle-chocolat-03595\",\"sn\":\"\",\"idxP\":33},{\"mq\":\"Mayrand CHEF\",\"nm\":\"Vermicelle arc-en-ciel\",\"nme\":\"Rainbow spinkles\",\"attr\":\"\",\"sku\":\"03596\",\"l2\":\"Noix et fruits secs\",\"sl\":\"vermicelle-arc-en-ciel-03596\",\"sn\":\"\",\"idxP\":33},{\"mq\":\"Mayrand CHEF\",\"nm\":\"Boule multicolore non pareil\",\"nme\":\"Multi-colored ball\",\"attr\":\"\",\"sku\":\"03604\",\"l2\":\"Noix et fruits secs\",\"sl\":\"boule-multicolore-non-pareil-03604\",\"sn\":\"\",\"idxP\":33},{\"nm\":\"\u00C9pinard jeune\",\"nme\":\"Baby Spinach\",\"attr\":\"\",\"sku\":\"03634\",\"l2\":\"L\u00E9gumes\",\"sl\":\"epinard-jeune-03634\",\"sn\":\"\",\"idxP\":33},{\"nm\":\"Poireaux\",\"nme\":\"Leek\",\"attr\":\"\",\"sku\":\"04630\",\"l2\":\"L\u00E9gumes\",\"sl\":\"poireaux-5-un-04630\",\"sn\":\"poires\",\"idxP\":1},{\"nm\":\"Melon d'eau jaune\",\"nme\":\"Yellow Watermelon\",\"attr\":\"\",\"sku\":\"11797\",\"l2\":\"Fruits\",\"sl\":\"melon-deau-jaune-11797\",\"sn\":\"\",\"idxP\":0},{\"nm\":\"Aubergine\",\"nme\":\"Eggplant\",\"attr\":\"\",\"sku\":\"12319\",\"l2\":\"L\u00E9gumes\",\"sl\":\"aubergine-2-un-12319\",\"sn\":\"aubergines\",\"idxP\":33},{\"mq\":\"Mayrand CHEF\",\"nm\":\"Arachide en \u00E9cale r\u00F4tie sal\u00E9e\",\"nme\":\"Roasted Salted Inshell Peanut\",\"attr\":\"\",\"sku\":\"12473\",\"l2\":\"Noix et fruits secs\",\"sl\":\"arachide-en-ecale-rotie-salee-12473\",\"sn\":\"\",\"idxP\":19},{\"nm\":\"Ananas\",\"nme\":\"Pineapple\",\"attr\":\"\",\"sku\":\"12490\",\"l2\":\"Fruits\",\"sl\":\"ananas-12490\",\"sn\":\"apples, ananas\",\"idxP\":33},{\"nm\":\"Poire bosc panier\",\"nme\":\"Bosc Pear\",\"attr\":\"\",\"sku\":\"12497\",\"l2\":\"Fruits\",\"sl\":\"poire-bosc-panier-12497\",\"sn\":\"poires\",\"idxP\":33},{\"nm\":\"Laitue roquette\",\"nme\":\"Arugula Lettuce\",\"attr\":\"\",\"sku\":\"40443\",\"l2\":\"L\u00E9gumes\",\"sl\":\"laitue-roquette-40443\",\"sn\":\"\",\"idxP\":18},{\"nm\":\"Rhubarbe 100g\",\"nme\":\"Rhubarb 100g\",\"attr\":\"\",\"sku\":\"03416\",\"l2\":\"Fruits\",\"sl\":\"rhubarbe-03416\",\"sn\":\"\",\"idxP\":0},{\"nm\":\"Ail frais sur tige\",\"nme\":\"Fresh Garlic\",\"attr\":\"\",\"sku\":\"11647\",\"l2\":\"L\u00E9gumes\",\"sl\":\"ail-frais-sur-tige-11647\",\"sn\":\"\",\"idxP\":0},{\"nm\":\"Ma\u00EFs emball\u00E9\",\"nme\":\"Packaged Corn\",\"attr\":\"\",\"sku\":\"12514\",\"l2\":\"L\u00E9gumes\",\"sl\":\"mais-emballe-12514\",\"sn\":\"\",\"idxP\":0},{\"nm\":\"Concombre libanais\",\"nme\":\"Lebanese Cucumber\",\"attr\":\"\",\"sku\":\"12526\",\"l2\":\"L\u00E9gumes\",\"sl\":\"concombre-libanais-12526\",\"sn\":\"concombres\",\"idxP\":0},{\"nm\":\"Laitue romaine\",\"nme\":\"Romaine Lettuce\",\"attr\":\"\",\"sku\":\"12529\",\"l2\":\"L\u00E9gumes\",\"sl\":\"laitue-romaine-12529\",\"sn\":\"\",\"idxP\":0},{\"nm\":\"Patate grelot rouge\",\"nme\":\"Red Bell Potato\",\"attr\":\"\",\"sku\":\"12530\",\"l2\":\"L\u00E9gumes\",\"sl\":\"patate-grelot-rouge-12530\",\"sn\":\"patates\",\"idxP\":15},{\"nm\":\"Patate grelot jaune\",\"nme\":\"Yellow Bell Potato\",\"attr\":\"\",\"sku\":\"12531\",\"l2\":\"L\u00E9gumes\",\"sl\":\"patate-grelot-jaune-12531\",\"sn\":\"patates\",\"idxP\":7},{\"nm\":\"Patate grelot trio\",\"nme\":\"Trio Bell Potato\",\"attr\":\"\",\"sku\":\"12533\",\"l2\":\"L\u00E9gumes\",\"sl\":\"patate-grelot-trio-12533\",\"sn\":\"patates\",\"idxP\":10},{\"nm\":\"Orange filet\",\"nme\":\"Orange bag\",\"attr\":\"\",\"sku\":\"12535\",\"l2\":\"Fruits\",\"sl\":\"orange-filet-12535\",\"sn\":\"\",\"idxP\":9},{\"nm\":\"Radis couleur\",\"nme\":\"Radish\",\"attr\":\"\",\"sku\":\"12536\",\"l2\":\"L\u00E9gumes\",\"sl\":\"radis-couleur-12536\",\"sn\":\"\",\"idxP\":1},{\"nm\":\"Radis rouge\",\"nme\":\"Red Radish\",\"attr\":\"\",\"sku\":\"12538\",\"l2\":\"L\u00E9gumes\",\"sl\":\"radis-rouge-12538\",\"sn\":\"\",\"idxP\":5},{\"nm\":\"Tomate serre beef\",\"nme\":\"Greenhouse Beef Tomato\",\"attr\":\"\",\"sku\":\"12539\",\"l2\":\"L\u00E9gumes\",\"sl\":\"tomate-serre-beef-12539\",\"sn\":\"tomates\",\"idxP\":24},{\"nm\":\"T\u00EAte de violon\",\"nme\":\"Fiddle Head\",\"attr\":\"\",\"sku\":\"12583\",\"l2\":\"L\u00E9gumes\",\"sl\":\"tete-de-violon-12583\",\"sn\":\"\",\"idxP\":0},{\"nm\":\"Gingembre frais\",\"nme\":\"Fresh Ginger\",\"attr\":\"\",\"sku\":\"12585\",\"l2\":\"L\u00E9gumes\",\"sl\":\"gingembre-frais-12585\",\"sn\":\"\",\"idxP\":5},{\"mq\":\"Mayrand CHEF\",\"nm\":\"Popcorn au caramel\",\"nme\":\"Caramel Popcorn\",\"attr\":\"\",\"sku\":\"12606\",\"l2\":\"Noix et fruits secs\",\"sl\":\"popcorn-au-caramel-12606\",\"sn\":\"\",\"idxP\":10},{\"mq\":\"Mayrand CHEF\",\"nm\":\"Popcorn \u00E0 l'\u00E9rable\",\"nme\":\"Maple Popcorn\",\"attr\":\"\",\"sku\":\"12607\",\"l2\":\"Noix et fruits secs\",\"sl\":\"popcorn-a-lerable-12607\",\"sn\":\"\",\"idxP\":14},{\"mq\":\"Mayrand CHEF\",\"nm\":\"Oignon frit\",\"nme\":\"Fried Onion\",\"attr\":\"\",\"sku\":\"12615\",\"l2\":\"Noix et fruits secs\",\"sl\":\"oignon-frit-12615\",\"sn\":\"onions, oignons\",\"idxP\":12},{\"mq\":\"Mayrand CHEF\",\"nm\":\"Oignon frit\",\"nme\":\"Fried onion\",\"attr\":\"\",\"sku\":\"12616\",\"l2\":\"Noix et fruits secs\",\"sl\":\"oignon-frit-12616\",\"sn\":\"onions, oignons\",\"idxP\":0},{\"nm\":\"Ma\u00EFs bicolore\",\"nme\":\"Bicolor Corn\",\"attr\":\"\",\"sku\":\"12619\",\"l2\":\"L\u00E9gumes\",\"sl\":\"mais-bicolore-12619\",\"sn\":\"\",\"idxP\":33},{\"nm\":\"Cerise rouge\",\"nme\":\"Red Cherry\",\"attr\":\"\",\"sku\":\"12625\",\"l2\":\"Fruits\",\"sl\":\"cerise-rouge-12625\",\"sn\":\"\",\"idxP\":33},{\"nm\":\"Cerise rainier\",\"nme\":\"Rainier cherrie\",\"attr\":\"\",\"sku\":\"12657\",\"l2\":\"Fruits\",\"sl\":\"cerise-rainier-12657\",\"sn\":\"\",\"idxP\":4},{\"mq\":\"DYN\",\"nm\":\"Plateau D\u00E9lice d'arachide\",\"nme\":\"Peanut Delight Tray\",\"attr\":\"\",\"sku\":\"12679\",\"l2\":\"Noix et fruits secs\",\"sl\":\"plateau-delice-darachide-12679\",\"sn\":\"plateau\",\"idxP\":0},{\"mq\":\"DYN\",\"nm\":\"Plateau Bar \u00E0 bonbon\",\"nme\":\"Candy Bar Tray\",\"attr\":\"\",\"sku\":\"12680\",\"l2\":\"Noix et fruits secs\",\"sl\":\"plateau-bar-a-bonbon-12680\",\"sn\":\"plateau\",\"idxP\":0},{\"mq\":\"DYN\",\"nm\":\"Plateau Les Enrob\u00E9s\",\"nme\":\"Sugar Coated Tray\",\"attr\":\"\",\"sku\":\"12682\",\"l2\":\"Noix et fruits secs\",\"sl\":\"plateau-les-enrobes-12682\",\"sn\":\"plateau\",\"idxP\":0},{\"nm\":\"Haricot jaune\",\"nme\":\"Yellow Pea\",\"attr\":\"\",\"sku\":\"12697\",\"l2\":\"L\u00E9gumes\",\"sl\":\"haricot-jaune-12697\",\"sn\":\"\",\"idxP\":0},{\"nm\":\"Framboise QC\",\"nme\":\"Raspberry QC\",\"attr\":\"\",\"sku\":\"05102\",\"l2\":\"Fruits\",\"sl\":\"framboise-qc-05102\",\"sn\":\"framboises\",\"idxP\":33},{\"nm\":\"Poire rouge sac\",\"nme\":\"Red Pear bag\",\"attr\":\"\",\"sku\":\"12712\",\"l2\":\"Fruits\",\"sl\":\"poire-rouge-sac-12712\",\"sn\":\"poires\",\"idxP\":0},{\"nm\":\"Poivron mini sac\",\"nme\":\"Mini Bell Pepper bag\",\"attr\":\"\",\"sku\":\"99248\",\"l2\":\"L\u00E9gumes\",\"sl\":\"poivron-mini-sac-99248\",\"sn\":\"\",\"idxP\":16},{\"nm\":\"Courgette jaune\",\"nme\":\"Yellow Zucchini\",\"attr\":\"\",\"sku\":\"12714\",\"l2\":\"L\u00E9gumes\",\"sl\":\"courgette-jaune-12714\",\"sn\":\"courges, courgettes\",\"idxP\":0},{\"nm\":\"Concombre des champs\",\"nme\":\"Cucumber\",\"attr\":\"\",\"sku\":\"12716\",\"l2\":\"L\u00E9gumes\",\"sl\":\"concombre-des-champs-12716\",\"sn\":\"concombres\",\"idxP\":0},{\"nm\":\"Cornichon Qu\u00E9bec\",\"nme\":\"Quebec Pickle\",\"attr\":\"\",\"sku\":\"12720\",\"l2\":\"L\u00E9gumes\",\"sl\":\"cornichon-quebec-12720\",\"sn\":\"\",\"idxP\":0},{\"mq\":\"Mayrand CHEF\",\"nm\":\"Graine de cafe chocolat noir\",\"nme\":\"Chocolate black coffee bean\",\"attr\":\"\",\"sku\":\"12723\",\"l2\":\"Noix et fruits secs\",\"sl\":\"graine-de-cafe-chocolat-noir-12723\",\"sn\":\"\",\"idxP\":0},{\"mq\":\"Mayrand CHEF\",\"nm\":\"Popcorn au beurre\",\"nme\":\"Butter popcorn\",\"attr\":\"\",\"sku\":\"12724\",\"l2\":\"Noix et fruits secs\",\"sl\":\"popcorn-au-beurre-12724\",\"sn\":\"\",\"idxP\":0},{\"nm\":\"Abricot\",\"nme\":\"Apricot\",\"attr\":\"\",\"sku\":\"12730\",\"l2\":\"Fruits\",\"sl\":\"abricot-12730\",\"sn\":\"\",\"idxP\":0},{\"nm\":\"Cerise de terre chopine Qu\u00E9bec\",\"nme\":\"Goldenberry Pint\",\"attr\":\"\",\"sku\":\"12731\",\"l2\":\"Fruits\",\"sl\":\"cerise-de-terre-chopine-quebec-12731\",\"sn\":\"\",\"idxP\":0},{\"nm\":\"Champignon brun entier\",\"nme\":\"Whole Brown Mushroom\",\"attr\":\"\",\"sku\":\"12752\",\"l2\":\"L\u00E9gumes\",\"sl\":\"champignon-brun-entier-12752\",\"sn\":\"\",\"idxP\":0},{\"nm\":\"Tomate raisin\",\"nme\":\"Grape Tomato\",\"attr\":\"\",\"sku\":\"09255\",\"l2\":\"L\u00E9gumes\",\"sl\":\"tomate-raisin-09255\",\"sn\":\"raisins, tomates\",\"idxP\":0},{\"nm\":\"Prune bleue\",\"nme\":\"Blue Plum\",\"attr\":\"\",\"sku\":\"12762\",\"l2\":\"Fruits\",\"sl\":\"prune-bleue-12762\",\"sn\":\"\",\"idxP\":0},{\"nm\":\"Pomme Paula Red\",\"nme\":\"Paula Red Apple\",\"attr\":\"\",\"sku\":\"08107\",\"l2\":\"Fruits\",\"sl\":\"pomme-paula-red-08107\",\"sn\":\"apples, pommes\",\"idxP\":0},{\"mq\":\"Savoura\",\"nm\":\"Tomate cerizo sur vigne\",\"nme\":\"Cerizo vine Tomato\",\"attr\":\"\",\"sku\":\"05056\",\"l2\":\"L\u00E9gumes\",\"sl\":\"tomate-cerizo-sur-vigne-05056\",\"sn\":\"tomates\",\"idxP\":33},{\"nm\":\"Pomme Sunrise\",\"nme\":\"Sunrise Apple\",\"attr\":\"\",\"sku\":\"12795\",\"l2\":\"Fruits\",\"sl\":\"pomme-sunrise-12795\",\"sn\":\"apples, pommes\",\"idxP\":0},{\"nm\":\"Pomme Sunrise\",\"nme\":\"Sunrise Apple\",\"attr\":\"\",\"sku\":\"12796\",\"l2\":\"Fruits\",\"sl\":\"pomme-sunrise-12796\",\"sn\":\"apples, pommes\",\"idxP\":0},{\"nm\":\"Ail du Qu\u00E9bec\",\"nme\":\"Garlic from Quebec\",\"attr\":\"\",\"sku\":\"12799\",\"l2\":\"L\u00E9gumes\",\"sl\":\"ail-du-quebec-12799\",\"sn\":\"\",\"idxP\":0},{\"nm\":\"Ail du Qu\u00E9bec\",\"nme\":\"Garlic from Quebec\",\"attr\":\"\",\"sku\":\"12801\",\"l2\":\"L\u00E9gumes\",\"sl\":\"ail-du-quebec-12801\",\"sn\":\"\",\"idxP\":0},{\"nm\":\"Pomme Gingergold\",\"nme\":\"Gingergold Apple\",\"attr\":\"\",\"sku\":\"12831\",\"l2\":\"Fruits\",\"sl\":\"pomme-gingergold-12831\",\"sn\":\"apples, pommes\",\"idxP\":0},{\"nm\":\"Pomme Gingergold\",\"nme\":\"Gingergold Apple\",\"attr\":\"\",\"sku\":\"12832\",\"l2\":\"Fruits\",\"sl\":\"pomme-gingergold-12832\",\"sn\":\"apples, pommes\",\"idxP\":0},{\"nm\":\"Pomme Gingergold\",\"nme\":\"Gingergold Apple\",\"attr\":\"\",\"sku\":\"12835\",\"l2\":\"Fruits\",\"sl\":\"pomme-gingergold-12835\",\"sn\":\"apples, pommes\",\"idxP\":0},{\"nm\":\"Pomme Paula Red\",\"nme\":\"Paulared Apple\",\"attr\":\"\",\"sku\":\"12836\",\"l2\":\"Fruits\",\"sl\":\"pomme-paula-red-12836\",\"sn\":\"apples, pommes\",\"idxP\":0},{\"nm\":\"Nectarine panier Ontario\",\"nme\":\"Nectarine Basket\",\"attr\":\"\",\"sku\":\"12839\",\"l2\":\"Fruits\",\"sl\":\"nectarine-panier-ontario-12839\",\"sn\":\"\",\"idxP\":0},{\"nm\":\"Poire bartlett panier Ontario\",\"nme\":\"Poir Basket\",\"attr\":\"\",\"sku\":\"12859\",\"l2\":\"Fruits\",\"sl\":\"poire-bartlett-panier-ontario-12859\",\"sn\":\"poires\",\"idxP\":0},{\"nm\":\"Chou-fleur mauve\",\"nme\":\"Cauliflower\",\"attr\":\"\",\"sku\":\"12922\",\"l2\":\"L\u00E9gumes\",\"sl\":\"chou-fleur-mauve-12922\",\"sn\":\"\",\"idxP\":0},{\"nm\":\"Chou-fleur orange\",\"nme\":\"Orange cauliflower\",\"attr\":\"\",\"sku\":\"12924\",\"l2\":\"L\u00E9gumes\",\"sl\":\"chou-fleur-orange-12924\",\"sn\":\"\",\"idxP\":0},{\"nm\":\"Courge spaghetti un\",\"nme\":\"Spaghetti squash un\",\"attr\":\"\",\"sku\":\"12925\",\"l2\":\"L\u00E9gumes\",\"sl\":\"courge-spaghetti-un-12925\",\"sn\":\"courges\",\"idxP\":0},{\"nm\":\"Courge poivr\u00E9e un\",\"nme\":\"Pepper squash un\",\"attr\":\"\",\"sku\":\"12926\",\"l2\":\"L\u00E9gumes\",\"sl\":\"courge-poivree-un-12926\",\"sn\":\"courges\",\"idxP\":0},{\"nm\":\"Courge butternut un\",\"nme\":\"Butternut squash un\",\"attr\":\"\",\"sku\":\"12927\",\"l2\":\"L\u00E9gumes\",\"sl\":\"courge-butternut-un-12927\",\"sn\":\"courges\",\"idxP\":0},{\"nm\":\"Courge buttercup un\",\"nme\":\"Buttercup squash un\",\"attr\":\"\",\"sku\":\"12928\",\"l2\":\"L\u00E9gumes\",\"sl\":\"courge-buttercup-un-12928\",\"sn\":\"courges\",\"idxP\":0},{\"nm\":\"Pomme Spartan\",\"nme\":\"Spartan Apple\",\"attr\":\"\",\"sku\":\"12935\",\"l2\":\"Fruits\",\"sl\":\"pomme-spartan-12935\",\"sn\":\"apples, pommes\",\"idxP\":0},{\"nm\":\"Pomme Empire\",\"nme\":\"Empire Apple\",\"attr\":\"\",\"sku\":\"12936\",\"l2\":\"Fruits\",\"sl\":\"pomme-empire-12936\",\"sn\":\"apples, pommes\",\"idxP\":0},{\"nm\":\"Pomme rouge d\u00E9licieuse\",\"nme\":\"Red Delicious Apple\",\"attr\":\"\",\"sku\":\"12938\",\"l2\":\"Fruits\",\"sl\":\"pomme-rouge-delicieuse-12938\",\"sn\":\"apples, pommes\",\"idxP\":0},{\"nm\":\"Pomme rouge d\u00E9licieuse\",\"nme\":\"Red Delicious Apple\",\"attr\":\"\",\"sku\":\"12939\",\"l2\":\"Fruits\",\"sl\":\"pomme-rouge-delicieuse-12939\",\"sn\":\"apples, pommes\",\"idxP\":0},{\"nm\":\"Chou vert un\",\"nme\":\"Green Cabbage\",\"attr\":\"\",\"sku\":\"12972\",\"l2\":\"L\u00E9gumes\",\"sl\":\"chou-vert-un-12972\",\"sn\":\"\",\"idxP\":0},{\"nm\":\"Chou rouge un\",\"nme\":\"Red Cabbage\",\"attr\":\"\",\"sku\":\"12973\",\"l2\":\"L\u00E9gumes\",\"sl\":\"chou-rouge-un-12973\",\"sn\":\"\",\"idxP\":0},{\"nm\":\"Pomme Lobo\",\"nme\":\"Lobo Apple\",\"attr\":\"\",\"sku\":\"13002\",\"l2\":\"Fruits\",\"sl\":\"pomme-lobo-13002\",\"sn\":\"apples, pommes\",\"idxP\":0},{\"nm\":\"Pomme McIntosh\",\"nme\":\"McIntosh Apple\",\"attr\":\"\",\"sku\":\"13003\",\"l2\":\"Fruits\",\"sl\":\"pomme-mcintosh-13003\",\"sn\":\"apples, pommes\",\"idxP\":0},{\"nm\":\"Pomme Gala\",\"nme\":\"Gala Apple\",\"attr\":\"\",\"sku\":\"13004\",\"l2\":\"Fruits\",\"sl\":\"pomme-gala-13004\",\"sn\":\"apples, pommes\",\"idxP\":0},{\"nm\":\"Pomme Honey Crisp\",\"nme\":\"Honey Crisp Apple\",\"attr\":\"\",\"sku\":\"13005\",\"l2\":\"Fruits\",\"sl\":\"pomme-honey-crisp-13005\",\"sn\":\"apples, pommes\",\"idxP\":0},{\"nm\":\"Pomme jaune d\u00E9licieuse\",\"nme\":\"Yellow Delicious Apple\",\"attr\":\"\",\"sku\":\"13007\",\"l2\":\"Fruits\",\"sl\":\"pomme-jaune-delicieuse-13007\",\"sn\":\"apples, pommes\",\"idxP\":0},{\"nm\":\"Chou-fleur fleuron\",\"nme\":\"Cauliflower Floret\",\"attr\":\"\",\"sku\":\"13018\",\"l2\":\"L\u00E9gumes\",\"sl\":\"chou-fleur-fleuron-13018\",\"sn\":\"\",\"idxP\":0},{\"nm\":\"Fruits plateau\",\"nme\":\"Fruit Platter\",\"attr\":\"\",\"sku\":\"13021\",\"l2\":\"Fruits et l\u00E9gumes coup\u00E9s\",\"sl\":\"fruits-plateau-13021\",\"sn\":\"\",\"idxP\":0},{\"nm\":\"Fruits bol\",\"nme\":\"Fruit Bowl\",\"attr\":\"\",\"sku\":\"13022\",\"l2\":\"Fruits et l\u00E9gumes coup\u00E9s\",\"sl\":\"fruits-bol-13022\",\"sn\":\"\",\"idxP\":0},{\"nm\":\"Ananas d\u00E9cortiqu\u00E9\",\"nme\":\"Cored Pineapple\",\"attr\":\"\",\"sku\":\"13023\",\"l2\":\"Fruits et l\u00E9gumes coup\u00E9s\",\"sl\":\"ananas-decortique-13023\",\"sn\":\"apples, ananas\",\"idxP\":0},{\"nm\":\"Chou de Bruxelles\",\"nme\":\"Brussel Sprout\",\"attr\":\"\",\"sku\":\"13024\",\"l2\":\"L\u00E9gumes\",\"sl\":\"chou-de-bruxelles-13024\",\"sn\":\"\",\"idxP\":0},{\"nm\":\"Salade brocoli cr\u00E9meuse\",\"nme\":\"Creamy Broccoli Salad\",\"attr\":\"\",\"sku\":\"13026\",\"l2\":\"Fruits et l\u00E9gumes coup\u00E9s\",\"sl\":\"salade-brocoli-cremeuse-13026\",\"sn\":\"\",\"idxP\":0},{\"nm\":\"Salade brocoli cr\u00E9meuse\",\"nme\":\"Creamy Broccoli Salad\",\"attr\":\"\",\"sku\":\"13027\",\"l2\":\"Fruits et l\u00E9gumes coup\u00E9s\",\"sl\":\"salade-brocoli-cremeuse-13027\",\"sn\":\"\",\"idxP\":0},{\"nm\":\"Salade brocoli traditionnelle\",\"nme\":\"Traditional Broccoli Salad\",\"attr\":\"\",\"sku\":\"13029\",\"l2\":\"Fruits et l\u00E9gumes coup\u00E9s\",\"sl\":\"salade-brocoli-traditionnelle-13029\",\"sn\":\"\",\"idxP\":0},{\"nm\":\"Salade brocoli traditionnelle\",\"nme\":\"Traditional Broccoli Salad\",\"attr\":\"\",\"sku\":\"13031\",\"l2\":\"Fruits et l\u00E9gumes coup\u00E9s\",\"sl\":\"salade-brocoli-traditionnelle-13031\",\"sn\":\"\",\"idxP\":0},{\"nm\":\"Echalotte\",\"nme\":\"Shallot\",\"attr\":\"\",\"sku\":\"13076\",\"l2\":\"L\u00E9gumes\",\"sl\":\"echalotte-13076\",\"sn\":\"\",\"idxP\":0},{\"nm\":\"Tomate raisin mixte\",\"nme\":\"Grape tomato\",\"attr\":\"\",\"sku\":\"13111\",\"l2\":\"L\u00E9gumes\",\"sl\":\"tomate-raisin-mixte-13111\",\"sn\":\"raisins, tomates\",\"idxP\":0},{\"nm\":\"Citrouille \u00E0 tarte\",\"nme\":\"Pumpkin pie\",\"attr\":\"\",\"sku\":\"04735\",\"l2\":\"L\u00E9gumes\",\"sl\":\"citrouille-a-tarte-04735\",\"sn\":\"\",\"idxP\":0},{\"mq\":\"Aquaverti\",\"nm\":\"M\u00E9lange toscan\",\"nme\":\"Toscan mix\",\"attr\":\"\",\"sku\":\"13123\",\"l2\":\"L\u00E9gumes\",\"sl\":\"melange-toscan-13123\",\"sn\":\"\",\"idxP\":0},{\"mq\":\"Aquaverti\",\"nm\":\"Laitue verte croquante\",\"nme\":\"Green lettuce\",\"attr\":\"\",\"sku\":\"13124\",\"l2\":\"L\u00E9gumes\",\"sl\":\"laitue-verte-croquante-13124\",\"sn\":\"\",\"idxP\":0},{\"mq\":\"Aquaverti\",\"nm\":\"M\u00E9lange artisanal vert et rouge\",\"nme\":\"Handcrafted mix\",\"attr\":\"\",\"sku\":\"13125\",\"l2\":\"L\u00E9gumes\",\"sl\":\"melange-artisanal-vert-et-rouge-13125\",\"sn\":\"\",\"idxP\":0},{\"mq\":\"Aquaverti\",\"nm\":\"Melange toscan\",\"nme\":\"Toscan mix\",\"attr\":\"\",\"sku\":\"13138\",\"l2\":\"L\u00E9gumes\",\"sl\":\"melange-toscan-13138\",\"sn\":\"\",\"idxP\":0},{\"mq\":\"Aquaverti\",\"nm\":\"Laitue croquante verte\",\"nme\":\"Crispy green lettuce\",\"attr\":\"\",\"sku\":\"13145\",\"l2\":\"L\u00E9gumes\",\"sl\":\"laitue-croquante-verte-13145\",\"sn\":\"\",\"idxP\":0},{\"nm\":\"Citrouille\",\"nme\":\"Pumpkin\",\"attr\":\"\",\"sku\":\"09215\",\"l2\":\"L\u00E9gumes\",\"sl\":\"citrouille-09215\",\"sn\":\"\",\"idxP\":24},{\"nm\":\"Ail du Qu\u00E9bec\",\"nme\":\"Garlic from Quebec\",\"attr\":\"\",\"sku\":\"70015\",\"l2\":\"L\u00E9gumes\",\"sl\":\"ail-du-quebec-70015\",\"sn\":\"\",\"idxP\":0},{\"mq\":\"ABC Confiserie\",\"nm\":\"Croustilles de plantain \u00E9pic\u00E9es\",\"nme\":\"Spicy Plantain Chips\",\"attr\":\"\",\"sku\":\"13400\",\"l2\":\"Autre\",\"sl\":\"croustilles-de-plantain-epicees-13400\",\"sn\":\"croustille\",\"idxP\":0},{\"mq\":\"ABC Confiserie\",\"nm\":\"Croustilles de plantain sucr\u00E9es\",\"nme\":\"Sweet Plantain Chips\",\"attr\":\"\",\"sku\":\"13402\",\"l2\":\"Autre\",\"sl\":\"croustilles-de-plantain-sucrees-13402\",\"sn\":\"croustille\",\"idxP\":0},{\"mq\":\"ABC Confiserie\",\"nm\":\"Croustilles de plantain sal\u00E9es\",\"nme\":\"Salty Plantain Chips\",\"attr\":\"\",\"sku\":\"13403\",\"l2\":\"Autre\",\"sl\":\"croustilles-de-plantain-salees-13403\",\"sn\":\"croustille\",\"idxP\":0},{\"nm\":\"Poireaux tranch\u00E9s\",\"nme\":\"Sliced Leeks\",\"attr\":\"\",\"sku\":\"13404\",\"l2\":\"L\u00E9gumes\",\"sl\":\"poireaux-tranches-13404\",\"sn\":\"poires\",\"idxP\":0},{\"nm\":\"Figue noire\",\"nme\":\"Black Fig\",\"attr\":\"\",\"sku\":\"13405\",\"l2\":\"Fruits\",\"sl\":\"figue-noire-13405\",\"sn\":\"\",\"idxP\":0},{\"nm\":\"Patate cube salade sous vide\",\"nme\":\"Vacuum Sealed Salad Potato Cubes\",\"attr\":\"\",\"sku\":\"13587\",\"l2\":\"Fruits et l\u00E9gumes coup\u00E9s\",\"sl\":\"patate-cube-salade-sous-vide-13587\",\"sn\":\"patates\",\"idxP\":0},{\"nm\":\"Patate grelot sous vide\",\"nme\":\"Vacuum Sealed Baby Potato\",\"attr\":\"\",\"sku\":\"13593\",\"l2\":\"Fruits et l\u00E9gumes coup\u00E9s\",\"sl\":\"patate-grelot-sous-vide-13593\",\"sn\":\"patates\",\"idxP\":0},{\"nm\":\"Patate rondelle sous vide\",\"nme\":\"Vacuum Sealed Sliced Potato\",\"attr\":\"\",\"sku\":\"13596\",\"l2\":\"Fruits et l\u00E9gumes coup\u00E9s\",\"sl\":\"patate-rondelle-sous-vide-13596\",\"sn\":\"patates\",\"idxP\":0},{\"nm\":\"Patate cube 1\\\" sous vide\",\"nme\":\"Vacuum Sealed 1\\\" Potato Cubes\",\"attr\":\"\",\"sku\":\"13607\",\"l2\":\"Fruits et l\u00E9gumes coup\u00E9s\",\"sl\":\"patate-cube-1-sous-vide-13607\",\"sn\":\"patates\",\"idxP\":0},{\"nm\":\"Patate quartier nature sous vide\",\"nme\":\"Vacuum Sealed Plain Potato Wedge\",\"attr\":\"\",\"sku\":\"13608\",\"l2\":\"Fruits et l\u00E9gumes coup\u00E9s\",\"sl\":\"patate-quartier-nature-sous-vide-13608\",\"sn\":\"patates\",\"idxP\":0},{\"nm\":\"Patate frite 1\\\/2\",\"nme\":\"1\\\/2 Potato French Fries\",\"attr\":\"\",\"sku\":\"13609\",\"l2\":\"Fruits et l\u00E9gumes coup\u00E9s\",\"sl\":\"patate-frite-12-13609\",\"sn\":\"patates\",\"idxP\":0},{\"nm\":\"Patate frite 3\\\/8\",\"nme\":\"3\\\/8 Potato French Fries\",\"attr\":\"\",\"sku\":\"13610\",\"l2\":\"Fruits et l\u00E9gumes coup\u00E9s\",\"sl\":\"patate-frite-38-13610\",\"sn\":\"patates\",\"idxP\":0},{\"nm\":\"Patate frite rouge\",\"nme\":\"Red Potato French Fries\",\"attr\":\"\",\"sku\":\"13611\",\"l2\":\"Fruits et l\u00E9gumes coup\u00E9s\",\"sl\":\"patate-frite-rouge-13611\",\"sn\":\"patates\",\"idxP\":0},{\"nm\":\"Patate cube\",\"nme\":\"Cubed Potato\",\"attr\":\"\",\"sku\":\"13612\",\"l2\":\"Fruits et l\u00E9gumes coup\u00E9s\",\"sl\":\"patate-cube-13612\",\"sn\":\"patates\",\"idxP\":0},{\"nm\":\"Patate lamelle\",\"nme\":\"Sliced Potato\",\"attr\":\"\",\"sku\":\"13613\",\"l2\":\"Fruits et l\u00E9gumes coup\u00E9s\",\"sl\":\"patate-lamelle-13613\",\"sn\":\"patates\",\"idxP\":0},{\"nm\":\"Patate d\u00E9licate enti\u00E8re pel\u00E9e\",\"nme\":\"Large Whole Peeled Potato\",\"attr\":\"\",\"sku\":\"13615\",\"l2\":\"Fruits et l\u00E9gumes coup\u00E9s\",\"sl\":\"patate-delicate-entiere-pelee-13615\",\"sn\":\"patates\",\"idxP\":0},{\"nm\":\"Patate grosse ronde pel\u00E9e\",\"nme\":\"Large Round Peeled Potato\",\"attr\":\"\",\"sku\":\"13616\",\"l2\":\"Fruits et l\u00E9gumes coup\u00E9s\",\"sl\":\"patate-grosse-ronde-pelee-13616\",\"sn\":\"patates\",\"idxP\":0},{\"nm\":\"Patate petite ronde pel\u00E9e\",\"nme\":\"Small Round Peeled Potato\",\"attr\":\"\",\"sku\":\"13623\",\"l2\":\"Fruits et l\u00E9gumes coup\u00E9s\",\"sl\":\"patate-petite-ronde-pelee-13623\",\"sn\":\"patates\",\"idxP\":0},{\"nm\":\"Patate cube salade\",\"nme\":\"Salad Potato Cubes\",\"attr\":\"\",\"sku\":\"13627\",\"l2\":\"Fruits et l\u00E9gumes coup\u00E9s\",\"sl\":\"patate-cube-salade-13627\",\"sn\":\"patates\",\"idxP\":0},{\"nm\":\"Patate cube rouge\",\"nme\":\"Red Potato Cubes\",\"attr\":\"\",\"sku\":\"13631\",\"l2\":\"Fruits et l\u00E9gumes coup\u00E9s\",\"sl\":\"patate-cube-rouge-13631\",\"sn\":\"patates\",\"idxP\":0},{\"nm\":\"Patate parisienne\",\"nme\":\"Parisian Potato\",\"attr\":\"\",\"sku\":\"13635\",\"l2\":\"Fruits et l\u00E9gumes coup\u00E9s\",\"sl\":\"patate-parisienne-13635\",\"sn\":\"patates\",\"idxP\":0},{\"nm\":\"Carotte nantaise orange\",\"nme\":\"Orange Nantes Carrot\",\"attr\":\"\",\"sku\":\"09118\",\"l2\":\"L\u00E9gumes\",\"sl\":\"carotte-nantaise-orange-09118\",\"sn\":\"carottes\",\"idxP\":0},{\"nm\":\"Champignon pleurote mixte\",\"nme\":\"Oyster Mushroom Blend\",\"attr\":\"\",\"sku\":\"14156\",\"l2\":\"L\u00E9gumes\",\"sl\":\"champignon-pleurote-mixte-14156\",\"sn\":\"\",\"idxP\":0},{\"nm\":\"Champignon pleurote gris\",\"nme\":\"Grey Oyster Mushroom\",\"attr\":\"\",\"sku\":\"14157\",\"l2\":\"L\u00E9gumes\",\"sl\":\"champignon-pleurote-gris-14157\",\"sn\":\"\",\"idxP\":0},{\"nm\":\"Champignon king oyster\",\"nme\":\"King Oyster Mushroom\",\"attr\":\"\",\"sku\":\"14158\",\"l2\":\"L\u00E9gumes\",\"sl\":\"champignon-king-oyster-14158\",\"sn\":\"\",\"idxP\":0},{\"nm\":\"Fraise de serre\",\"nme\":\"Greenhouse Strawberry\",\"attr\":\"\",\"sku\":\"14159\",\"l2\":\"Fruits\",\"sl\":\"fraise-de-serre-14159\",\"sn\":\"fraises\",\"idxP\":0},{\"nm\":\"Tomate trio\",\"nme\":\"Tomato Trio\",\"attr\":\"\",\"sku\":\"14296\",\"l2\":\"L\u00E9gumes\",\"sl\":\"tomate-trio-14296\",\"sn\":\"tomates\",\"idxP\":0},{\"mq\":\"Sea Deli\",\"nm\":\"Imitation de chair de crabe en effiloch\u00E9\",\"nme\":\"Imitation Crab Meat Shredded Style\",\"attr\":\"\",\"sku\":\"21214\",\"l2\":\"Poisson traiteur\",\"sl\":\"imitation-de-chair-de-crabe-en-effiloche-sea-deli-21214\",\"sn\":\"phyllo\",\"idxP\":38},{\"nm\":\"Morue filet 8\\\/14 d\u00E9congel\u00E9\",\"nme\":\"Cod Fillet 8\\\/14 Thawed\",\"attr\":\"\",\"sku\":\"52926\",\"l2\":\"Morue\",\"sl\":\"morue-filet-814-decongele-52926\",\"sn\":\"\",\"idxP\":62},{\"nm\":\"Homard vivant 1.25 - 1.5 lb\",\"nme\":\"Fresh Lobster 1.25 to 1.5 lb\",\"attr\":\"\",\"sku\":\"53007\",\"l2\":\"Fruit de mer\",\"sl\":\"homard-vivant-1.25-1.5-lb-53007\",\"sn\":\"\",\"idxP\":36},{\"nm\":\"Morue sal\u00E9e d\u00E9soss\u00E9e s\u00E9ch\u00E9e\",\"nme\":\"Dried Boneless Salted Cod\",\"attr\":\"\",\"sku\":\"52953\",\"l2\":\"Morue\",\"sl\":\"morue-salee-desossee-sechee-52953\",\"sn\":\"\",\"idxP\":64},{\"nm\":\"Tilapia filet FR\",\"nme\":\"Tilapia Fillet FR\",\"attr\":\"\",\"sku\":\"52963\",\"l2\":\"Poissons \u00E0 l'arrivage\",\"sl\":\"tilapia-filet-fr-52963\",\"sn\":\"\",\"idxP\":20},{\"nm\":\"Calmar FR\",\"nme\":\"Squid FR\",\"attr\":\"\",\"sku\":\"52990\",\"l2\":\"Calamar\",\"sl\":\"calmar-fr-52990\",\"sn\":\"\",\"idxP\":44},{\"nm\":\"Filet de morue d'Islande FR\",\"nme\":\"Cod Fillet\",\"attr\":\"\",\"sku\":\"52919\",\"l2\":\"Morue\",\"sl\":\"filet-de-morue-dislande-fr-52919\",\"sn\":\"\",\"idxP\":4},{\"nm\":\"Raie aile sans peau FR\",\"nme\":\"Skate Wing Skinless FR\",\"attr\":\"\",\"sku\":\"52957\",\"l2\":\"Poissons \u00E0 l'arrivage\",\"sl\":\"raie-aile-sans-peau-fr-52957\",\"sn\":\"\",\"idxP\":58},{\"nm\":\"Saumon darne FR\",\"nme\":\"Salmon Steak FR\",\"attr\":\"\",\"sku\":\"52949\",\"l2\":\"Saumon\",\"sl\":\"saumon-darne-fr-52949\",\"sn\":\"\",\"idxP\":70},{\"nm\":\"Truite arc-en-ciel enti\u00E8re FR\",\"nme\":\"Rainbow Trout Whole FR\",\"attr\":\"\",\"sku\":\"52965\",\"l2\":\"Truite\",\"sl\":\"truite-arc-en-ciel-entiere-fr-52965\",\"sn\":\"\",\"idxP\":19},{\"nm\":\"Truite saumon\u00E9e filet FR\",\"nme\":\"Salmon Trout Fillet FR\",\"attr\":\"\",\"sku\":\"52966\",\"l2\":\"Truite\",\"sl\":\"truite-saumonee-filet-fr-52966\",\"sn\":\"\",\"idxP\":75},{\"nm\":\"Tilapia rouge entier FR\",\"nme\":\"Red Tilapia Whole FR\",\"attr\":\"\",\"sku\":\"54555\",\"l2\":\"Poissons \u00E0 l'arrivage\",\"sl\":\"tilapia-rouge-entier-fr-54555\",\"sn\":\"\",\"idxP\":11},{\"nm\":\"Sole filet DCG\",\"nme\":\"Sole Fillet DCG\",\"attr\":\"\",\"sku\":\"52959\",\"l2\":\"Poissons \u00E0 l'arrivage\",\"sl\":\"sole-filet-dcg-52959\",\"sn\":\"\",\"idxP\":10},{\"nm\":\"Palourde pasta FR\",\"nme\":\"Clam Pasta FR\",\"attr\":\"\",\"sku\":\"52971\",\"l2\":\"Fruit de mer\",\"sl\":\"palourde-pasta-fr-52971\",\"sn\":\"\",\"idxP\":53},{\"nm\":\"Merlan entier FR\",\"nme\":\"Whiting Whole FR\",\"attr\":\"\",\"sku\":\"52970\",\"l2\":\"Poissons \u00E0 l'arrivage\",\"sl\":\"merlan-entier-fr-52970\",\"sn\":\"\",\"idxP\":19},{\"nm\":\"Requin darne FR\",\"nme\":\"Shark Steak FR\",\"attr\":\"\",\"sku\":\"53020\",\"l2\":\"Poissons \u00E0 l'arrivage\",\"sl\":\"requin-darne-fr-53020\",\"sn\":\"\",\"idxP\":2},{\"nm\":\"Homard cuit sur place FR 1.25 \u00E0 1.5 lbs\",\"nme\":\"Lobster Cooked In Store FR 1.25  to 1.5 lbs\",\"attr\":\"\",\"sku\":\"52981\",\"l2\":\"Fruit de mer\",\"sl\":\"homard-cuit-sur-place-fr-1.25-a-1.5-lbs-52981\",\"sn\":\"\",\"idxP\":1},{\"nm\":\"Hu\u00EEtre beausoleil\",\"nme\":\"Oyster Beausoleil\",\"attr\":\"\",\"sku\":\"53144\",\"l2\":\"Huitre\",\"sl\":\"huitre-beausoleil-53144\",\"sn\":\"\",\"idxP\":51},{\"nm\":\"Hu\u00EEtre Raspberry Point\",\"nme\":\"Oyster Raspberry Point\",\"attr\":\"\",\"sku\":\"53003\",\"l2\":\"Huitre\",\"sl\":\"huitre-raspberry-point-53003\",\"sn\":\"\",\"idxP\":10},{\"nm\":\"Hu\u00EEtre malp\u00E8que\",\"nme\":\"Malpeque Oyster\",\"attr\":\"\",\"sku\":\"53145\",\"l2\":\"Huitre\",\"sl\":\"huitre-malpeque-53145\",\"sn\":\"\",\"idxP\":67},{\"nm\":\"Aiglefin filet FR\",\"nme\":\"Haddock Fillet FR\",\"attr\":\"\",\"sku\":\"52931\",\"l2\":\"Poissons \u00E0 l'arrivage\",\"sl\":\"aiglefin-filet-fr-52931\",\"sn\":\"\",\"idxP\":5},{\"mq\":\"Simple Drop\",\"nm\":\"Hu\u00EEtre french kiss FR\",\"nme\":\"French Kiss Oyster FR\",\"attr\":\"\",\"sku\":\"50001\",\"l2\":\"Huitre\",\"sl\":\"huitre-french-kiss-fr-simple-drop-50001\",\"sn\":\"\",\"idxP\":36},{\"nm\":\"Dorade royale enti\u00E8re FR\",\"nme\":\"Royal Sea Bream, Whole FR\",\"attr\":\"\",\"sku\":\"52921\",\"l2\":\"Poissons \u00E0 l'arrivage\",\"sl\":\"dorade-royale-entiere-fr-52921\",\"sn\":\"\",\"idxP\":8},{\"nm\":\"Turbot filet FR\",\"nme\":\"Turbot Fillet fr\",\"attr\":\"\",\"sku\":\"52969\",\"l2\":\"Poissons \u00E0 l'arrivage\",\"sl\":\"turbot-filet-fr-52969\",\"sn\":\"\",\"idxP\":6},{\"nm\":\"Hu\u00EEtre tr\u00E9sor du large\",\"nme\":\"Oyster Tresor du Large\",\"attr\":\"\",\"sku\":\"53981\",\"l2\":\"Huitre\",\"sl\":\"huitre-tresor-du-large-53981\",\"sn\":\"\",\"idxP\":54},{\"nm\":\"Hu\u00EEtre tr\u00E9sor du large\",\"nme\":\"Oyster Tresor du Large\",\"attr\":\"\",\"sku\":\"53990\",\"l2\":\"Huitre\",\"sl\":\"huitre-tresor-du-large-53990\",\"sn\":\"\",\"idxP\":77},{\"nm\":\"S\u00E9baste de l'ouest FR\",\"nme\":\"West Redfish FR\",\"attr\":\"\",\"sku\":\"54006\",\"l2\":\"Poissons \u00E0 l'arrivage\",\"sl\":\"sebaste-de-louest-fr-54006\",\"sn\":\"\",\"idxP\":0},{\"mq\":\"Sea Deli\",\"nm\":\"Imitation de chair de crabe en flocons\",\"nme\":\"Imitation Crab Meat Flake Style\",\"attr\":\"\",\"sku\":\"29122\",\"l2\":\"Poisson traiteur\",\"sl\":\"imitation-de-chair-de-crabe-en-flocons-sea-deli-29122\",\"sn\":\"\",\"idxP\":51},{\"mq\":\"Mujjol\",\"nm\":\"Caviar noir hareng et mulet Espagne\",\"nme\":\"Caviar, Spain Mullet\",\"attr\":\"\",\"sku\":\"29090\",\"l2\":\"Poisson traiteur\",\"sl\":\"caviar-noir-hareng-et-mulet-espagne-mujjol-29090\",\"sn\":\"\",\"idxP\":44},{\"mq\":\"Sea Deli\",\"nm\":\"Imitation de chair de crabe en flocons\",\"nme\":\"Imitation Crab Meat Flake Style\",\"attr\":\"\",\"sku\":\"29132\",\"l2\":\"Poisson traiteur\",\"sl\":\"imitation-de-chair-de-crabe-en-flocons-sea-deli-29132\",\"sn\":\"\",\"idxP\":79},{\"nm\":\"Algues salade assaisonn\u00E9e\",\"nme\":\"Seasoned Seaweed Salad\",\"attr\":\"\",\"sku\":\"53048\",\"l2\":\"Poisson traiteur\",\"sl\":\"algues-salade-assaisonnee-53048\",\"sn\":\"\",\"idxP\":37},{\"mq\":\"Mujjol\",\"nm\":\"Caviar noir hareng et mulet Espagne\",\"nme\":\"Caviar, Black, Spain Herring and Mullet\",\"attr\":\"\",\"sku\":\"29533\",\"l2\":\"Poisson traiteur\",\"sl\":\"caviar-noir-hareng-et-mulet-espagne-mujjol-29533\",\"sn\":\"\",\"idxP\":30},{\"nm\":\"Salade de moules et poivrons\",\"nme\":\"Mussels and Pepper Salad\",\"attr\":\"\",\"sku\":\"53060\",\"l2\":\"Poisson traiteur\",\"sl\":\"salade-de-moules-et-poivrons-53060\",\"sn\":\"moules\",\"idxP\":5},{\"nm\":\"Thon darne DCG\",\"nme\":\"Tuna Steak Thawed\",\"attr\":\"\",\"sku\":\"50904\",\"l2\":\"Poissons \u00E0 l'arrivage\",\"sl\":\"thon-darne-dcg-50904\",\"sn\":\"\",\"idxP\":0},{\"nm\":\"Filet de saumon Atlantique frais\",\"nme\":\"Fresh Salmon Fillet\",\"attr\":\"\",\"sku\":\"53132\",\"l2\":\"Saumon\",\"sl\":\"filet-de-saumon-atlantique-frais-53132\",\"sn\":\"\",\"idxP\":72},{\"nm\":\"Dor\u00E9 filet canadien format \u00E9conomique\",\"nme\":\"Walleye canadian fillet value size\",\"attr\":\"\",\"sku\":\"53063\",\"l2\":\"Poissons \u00E0 l'arrivage\",\"sl\":\"dore-filet-canadien-format-economique-53063\",\"sn\":\"\",\"idxP\":32},{\"nm\":\"Pieuvre T2 FR\",\"nme\":\"Octopus T2 FR\",\"attr\":\"\",\"sku\":\"53080\",\"l2\":\"Calamar\",\"sl\":\"pieuvre-t2-fr-53080\",\"sn\":\"\",\"idxP\":49},{\"nm\":\"Pieuvre pattes\",\"nme\":\"Octopus Legs\",\"attr\":\"\",\"sku\":\"53081\",\"l2\":\"Calamar\",\"sl\":\"pieuvre-pattes-53081\",\"sn\":\"\",\"idxP\":40},{\"nm\":\"Esturgeon fum\u00E9 filet\",\"nme\":\"Sturgeon Smoked Fillet\",\"attr\":\"\",\"sku\":\"53077\",\"l2\":\"Poissons \u00E0 l'arrivage\",\"sl\":\"esturgeon-fume-filet-53077\",\"sn\":\"\",\"idxP\":23},{\"nm\":\"Pieuvre poulpe T7 surgel\u00E9\",\"nme\":\"Frozen Octopus from Marocco\",\"attr\":\"\",\"sku\":\"51000\",\"l2\":\"Calamar\",\"sl\":\"pieuvre-poulpe-t7-surgele-51000\",\"sn\":\"\",\"idxP\":-294},{\"nm\":\"Crabe des neiges section CG\",\"nme\":\"Snow Crab Cooked CG\",\"attr\":\"\",\"sku\":\"53044\",\"l2\":\"Fruit de mer\",\"sl\":\"crabe-des-neiges-section-cg-53044\",\"sn\":\"\",\"idxP\":18},{\"mq\":\"Atkins et fr\u00E8res\",\"nm\":\"Rillettes de saumon fum\u00E9 \u00E0 la coriandre\",\"nme\":\"Rillettes, Smoked Salmon and Coriander\",\"attr\":\"\",\"sku\":\"53099\",\"l2\":\"Saumon\",\"sl\":\"rillettes-de-saumon-fume-a-la-coriandre-atkins-et-freres-53099\",\"sn\":\"\",\"idxP\":42},{\"mq\":\"Atkins et fr\u00E8res\",\"nm\":\"Saumon fum\u00E9 bouch\u00E9e \u00E0 l'\u00E9rable\",\"nme\":\"Salmon, Smoked, Maple Bites\",\"attr\":\"Produit local\",\"sku\":\"53093\",\"l2\":\"Saumon\",\"sl\":\"saumon-fume-bouchee-a-lerable-atkins-et-freres-53093\",\"sn\":\"\",\"idxP\":41},{\"mq\":\"Atkins et fr\u00E8res\",\"nm\":\"Rillettes de crabe fum\u00E9\",\"nme\":\"Rillettes, Smoked Crab\",\"attr\":\"\",\"sku\":\"53100\",\"l2\":\"Fruit de mer\",\"sl\":\"rillettes-de-crabe-fume-atkins-et-freres-53100\",\"sn\":\"\",\"idxP\":55},{\"mq\":\"Atkins et fr\u00E8res\",\"nm\":\"Saumon de l'Atlantique fum\u00E9 \u00E0 froid\",\"nme\":\"Salmon, Atlantic, Cold Smoked\",\"attr\":\"Produit local\",\"sku\":\"53103\",\"l2\":\"Saumon\",\"sl\":\"saumon-de-latlantique-fume-a-froid-atkins-et-freres-53103\",\"sn\":\"\",\"idxP\":39},{\"mq\":\"Atkins et fr\u00E8res\",\"nm\":\"Rillettes de truite et crevettes fum\u00E9es\",\"nme\":\"Rillettes, Trout and Smoked Shrimps\",\"attr\":\"\",\"sku\":\"53101\",\"l2\":\"Truite\",\"sl\":\"rillettes-de-truite-et-crevettes-fumees-atkins-et-freres-53101\",\"sn\":\"crevettes\",\"idxP\":51},{\"mq\":\"Atkins et fr\u00E8res\",\"nm\":\"Saumon de l'Atlantique fum\u00E9 \u00E0 froid\",\"nme\":\"Salmon, Atlantic, Cold Smoked\",\"attr\":\"Produit local\",\"sku\":\"53104\",\"l2\":\"Saumon\",\"sl\":\"saumon-de-latlantique-fume-a-froid-atkins-et-freres-53104\",\"sn\":\"\",\"idxP\":59},{\"mq\":\"Atkins et fr\u00E8res\",\"nm\":\"Rillettes de homard fum\u00E9\",\"nme\":\"Rillettes, Smoked Lobster\",\"attr\":\"\",\"sku\":\"53098\",\"l2\":\"Fruit de mer\",\"sl\":\"rillettes-de-homard-fume-atkins-et-freres-53098\",\"sn\":\"\",\"idxP\":52},{\"mq\":\"Pur Mer\",\"nm\":\"Bourgot marin\u00E9\",\"nme\":\"Marinated bourgot\",\"attr\":\"\",\"sku\":\"53113\",\"l2\":\"Fruit de mer\",\"sl\":\"bourgot-marine-pur-mer-53113\",\"sn\":\"\",\"idxP\":30},{\"mq\":\"Pur Mer\",\"nm\":\"Turbot marin\u00E9\",\"nme\":\"Turbot, Marinated\",\"attr\":\"\",\"sku\":\"53114\",\"l2\":\"Poissons \u00E0 l'arrivage\",\"sl\":\"turbot-marine-pur-mer-53114\",\"sn\":\"\",\"idxP\":7},{\"nm\":\"Crabe des neiges cuit FR\",\"nme\":\"Snow Crab Cooked FR\",\"attr\":\"\",\"sku\":\"54226\",\"l2\":\"Fruit de mer\",\"sl\":\"crabe-des-neiges-cuit-fr-54226\",\"sn\":\"\",\"idxP\":5},{\"nm\":\"Queue de homard qc 4-5 on\",\"nme\":\"Lobster tail qc 4-5 on\",\"attr\":\"Produit local\",\"sku\":\"53142\",\"l2\":\"Fruit de mer\",\"sl\":\"queue-de-homard-qc-4-5-on-53142\",\"sn\":\"\",\"idxP\":34},{\"nm\":\"Hu\u00EEtre Lucky-Lime\",\"nme\":\"Oyster Lucky-Lime\",\"attr\":\"\",\"sku\":\"53159\",\"l2\":\"Huitre\",\"sl\":\"huitre-lucky-lime-53159\",\"sn\":\"\",\"idxP\":100},{\"nm\":\"Hu\u00EEtre Raspberry Point\",\"nme\":\"Oyster Raspberry Point\",\"attr\":\"\",\"sku\":\"52996\",\"l2\":\"Huitre\",\"sl\":\"huitre-raspberry-point-52996\",\"sn\":\"\",\"idxP\":100},{\"nm\":\"Hu\u00EEtre beausoleil\",\"nme\":\"Beausoleil Oyster\",\"attr\":\"\",\"sku\":\"53115\",\"l2\":\"Huitre\",\"sl\":\"huitre-beausoleil-53115\",\"sn\":\"\",\"idxP\":68},{\"nm\":\"Fl\u00E9tan filet FR\",\"nme\":\"Halibut Fillet FR\",\"attr\":\"\",\"sku\":\"51906\",\"l2\":\"Poissons \u00E0 l'arrivage\",\"sl\":\"fletan-filet-fr-51906\",\"sn\":\"\",\"idxP\":46},{\"mq\":\"Big Bob's\",\"nm\":\"Morue pan\u00E9e \u00E0 la biere un\",\"nme\":\"Beer battered cod un\",\"attr\":\"\",\"sku\":\"55110\",\"l2\":\"Morue\",\"sl\":\"morue-panee-a-la-biere-un-big-bobs-55110\",\"sn\":\"\",\"idxP\":62},{\"nm\":\"Morue Sal\u00E9 QC un\",\"nme\":\"Salted cod qc un\",\"attr\":\"Produit local\",\"sku\":\"55113\",\"l2\":\"Morue\",\"sl\":\"morue-sale-qc-un-55113\",\"sn\":\"\",\"idxP\":11},{\"nm\":\"Loup de mer entier FR\",\"nme\":\"Sea Bass, Whole FR\",\"attr\":\"\",\"sku\":\"53154\",\"l2\":\"Poissons \u00E0 l'arrivage\",\"sl\":\"loup-de-mer-entier-fr-53154\",\"sn\":\"\",\"idxP\":1},{\"nm\":\"Lotte filet FR\",\"nme\":\"Monkfish Fillet FR\",\"attr\":\"\",\"sku\":\"53002\",\"l2\":\"Poissons \u00E0 l'arrivage\",\"sl\":\"lotte-filet-fr-53002\",\"sn\":\"\",\"idxP\":45},{\"nm\":\"Thon brochette CG\",\"nme\":\"Tuna, Brochettes CG\",\"attr\":\"\",\"sku\":\"53137\",\"l2\":\"Poissons \u00E0 l'arrivage\",\"sl\":\"thon-brochette-cg-53137\",\"sn\":\"\",\"idxP\":0},{\"nm\":\"Hu\u00EEtre grande entr\u00E9e\",\"nme\":\"Oyster Grande Entree\",\"attr\":\"Produit local\",\"sku\":\"53150\",\"l2\":\"Huitre\",\"sl\":\"huitre-grande-entree-53150\",\"sn\":\"\",\"idxP\":-44},{\"nm\":\"\u00C9perlan entier FR\",\"nme\":\"Smelt Whole FR\",\"attr\":\"\",\"sku\":\"52958\",\"l2\":\"Poissons \u00E0 l'arrivage\",\"sl\":\"eperlan-entier-fr-52958\",\"sn\":\"\",\"idxP\":32}], [{\"nm\":\"Merluche (Merlu) filet FR\",\"nme\":\"Hake Fillet FR\",\"attr\":\"\",\"sku\":\"52976\",\"l2\":\"Poissons \u00E0 l'arrivage\",\"sl\":\"merluche-merlu-filet-fr-52976\",\"sn\":\"\",\"idxP\":8},{\"nm\":\"Merlan entier nettoy\u00E9 frais\",\"nme\":\"Fresh Whole Whiting Clean\",\"attr\":\"\",\"sku\":\"53017\",\"l2\":\"Poissons \u00E0 l'arrivage\",\"sl\":\"merlan-entier-nettoye-frais-53017\",\"sn\":\"\",\"idxP\":24},{\"nm\":\"Bar blanc entier FR\",\"nme\":\"White Bass, Whole FR\",\"attr\":\"\",\"sku\":\"53999\",\"l2\":\"Poissons \u00E0 l'arrivage\",\"sl\":\"bar-blanc-entier-fr-53999\",\"sn\":\"\",\"idxP\":0},{\"nm\":\"Moule de Terre-Neuve 10x908g\",\"nme\":\"Mussel Newfoundland 10x908g\",\"attr\":\"\",\"sku\":\"54230\",\"l2\":\"Fruit de mer\",\"sl\":\"moule-de-terre-neuve-10x908g-54230\",\"sn\":\"moules\",\"idxP\":34},{\"nm\":\"Hu\u00EEtre caribou choix 3po\",\"nme\":\"Oyster Caribou choice 3po\",\"attr\":\"\",\"sku\":\"54014\",\"l2\":\"Huitre\",\"sl\":\"huitre-caribou-choix-3po-54014\",\"sn\":\"\",\"idxP\":52},{\"nm\":\"Hu\u00EEtre malp\u00E8que\",\"nme\":\"Oyster Malpeque\",\"attr\":\"\",\"sku\":\"53986\",\"l2\":\"Huitre\",\"sl\":\"huitre-malpeque-53986\",\"sn\":\"\",\"idxP\":3},{\"mq\":\"Le Crabier\",\"nm\":\"Buccins (bourgots) en saumure\",\"nme\":\"Whelks in brine\",\"attr\":\"\",\"sku\":\"55192\",\"l2\":\"Fruit de mer\",\"sl\":\"buccins-bourgots-en-saumure-le-crabier-55192\",\"sn\":\"\",\"idxP\":0},{\"mq\":\"Fumoir Gosselin\",\"nm\":\"Saumon fum\u00E9 \u00E9pic\u00E9 p\u00E9pites CG\",\"nme\":\"Salmon Smoked Spicy Nuggets FZ\",\"attr\":\"\",\"sku\":\"55121\",\"l2\":\"Saumon\",\"sl\":\"saumon-fume-epice-pepites-cg-fumoir-gosselin-55121\",\"sn\":\"\",\"idxP\":8},{\"mq\":\"Fumoir Gosselin\",\"nm\":\"Saumon fum\u00E9 nature p\u00E9pites SG\",\"nme\":\"Salmon Smoked Nature Nuggets SG\",\"attr\":\"Aliment du Qu\u00E9bec, Produit local\",\"sku\":\"55122\",\"l2\":\"Saumon\",\"sl\":\"saumon-fume-nature-pepites-sg-fumoir-gosselin-55122\",\"sn\":\"\",\"idxP\":0},{\"mq\":\"Fumoir Gosselin\",\"nm\":\"Saumon fum\u00E9 \u00E0 l'\u00E9rable p\u00E9pites CG\",\"nme\":\"Salmon Smoked Maple Nuggets FZ\",\"attr\":\"Aliment du Qu\u00E9bec, Produit local\",\"sku\":\"55120\",\"l2\":\"Saumon\",\"sl\":\"saumon-fume-a-lerable-pepites-cg-fumoir-gosselin-55120\",\"sn\":\"\",\"idxP\":15},{\"nm\":\"Pieuvre du Maroc d\u00E9congel\u00E9e\",\"nme\":\"Thawed octopus from Morocco\",\"attr\":\"\",\"sku\":\"52881\",\"l2\":\"Calamar\",\"sl\":\"pieuvre-du-maroc-decongelee-52881\",\"sn\":\"\",\"idxP\":29},{\"nm\":\"Omble chevalier filet FR\",\"nme\":\"Arctic char fillet FR\",\"attr\":\"\",\"sku\":\"55264\",\"l2\":\"Poissons \u00E0 l'arrivage\",\"sl\":\"omble-chevalier-filet-fr-55264\",\"sn\":\"\",\"idxP\":6},{\"nm\":\"Crevette nordique enti\u00E8re FR\",\"nme\":\"Shrimp, nordic, whole FR\",\"attr\":\"\",\"sku\":\"51916\",\"l2\":\"Crevette\",\"sl\":\"crevette-nordique-entiere-fr-51916\",\"sn\":\"crevettes\",\"idxP\":3},{\"mq\":\"Fumoir Gosselin\",\"nm\":\"Saumon fum\u00E9 nature pav\u00E9 CG\",\"nme\":\"Salmon Smoked Natural Steak  FZ\",\"attr\":\"\",\"sku\":\"55470\",\"l2\":\"Saumon\",\"sl\":\"saumon-fume-nature-pave-cg-fumoir-gosselin-55470\",\"sn\":\"\",\"idxP\":15},{\"mq\":\"Fumoir Gosselin\",\"nm\":\"Saumon fum\u00E9 \u00E0 l'\u00E9rable pav\u00E9 CG\",\"nme\":\"Salmon Smoked Maple Steak  FZ\",\"attr\":\"\",\"sku\":\"55466\",\"l2\":\"Saumon\",\"sl\":\"saumon-fume-a-lerable-pave-cg-fumoir-gosselin-55466\",\"sn\":\"\",\"idxP\":11},{\"mq\":\"Fumoir Gosselin\",\"nm\":\"Saumon fum\u00E9 au miel pav\u00E9 CG\",\"nme\":\"Salmon Smoked Honey Steak  FZ\",\"attr\":\"\",\"sku\":\"55465\",\"l2\":\"Saumon\",\"sl\":\"saumon-fume-au-miel-pave-cg-fumoir-gosselin-55465\",\"sn\":\"\",\"idxP\":16},{\"nm\":\"Homard cuit FR 1lb \u00E0 1.25 lbs\",\"nme\":\"Lobster Cooked FR 1lb to 1.25 lbs\",\"attr\":\"\",\"sku\":\"55469\",\"l2\":\"Fruit de mer\",\"sl\":\"homard-cuit-fr-1lb-a-1.25-lbs-55469\",\"sn\":\"\",\"idxP\":5},{\"nm\":\"Homard queue 2\\\/3 on DCG\",\"nme\":\"Lobster Tail 2\\\/3 oz Thawed\",\"attr\":\"\",\"sku\":\"55467\",\"l2\":\"Fruit de mer\",\"sl\":\"homard-queue-23-on-dcg-55467\",\"sn\":\"\",\"idxP\":42},{\"nm\":\"Moules de l'\u00EEle du Prince \u00C9douard\",\"nme\":\"Prince Edward Island Mussels\",\"attr\":\"\",\"sku\":\"10649\",\"l2\":\"Fruit de mer\",\"sl\":\"moules-de-lile-du-prince-edouard-10649\",\"sn\":\"moules\",\"idxP\":7},{\"nm\":\"Saumon trimure CG\",\"nme\":\"Salmon trimming FZ\",\"attr\":\"\",\"sku\":\"56632\",\"l2\":\"Saumon\",\"sl\":\"saumon-trimure-cg-56632\",\"sn\":\"\",\"idxP\":9},{\"nm\":\"Pangasius filet\",\"nme\":\"Pangasius Fillet\",\"attr\":\"\",\"sku\":\"58038\",\"l2\":\"Autre\",\"sl\":\"pangasius-filet-58038\",\"sn\":\"\",\"idxP\":27},{\"nm\":\"Sole filet\",\"nme\":\"Sole Fillet\",\"attr\":\"\",\"sku\":\"52985\",\"l2\":\"Poissons \u00E0 l'arrivage\",\"sl\":\"sole-filet-52985\",\"sn\":\"\",\"idxP\":10},{\"nm\":\"Saumon Coho filet sgl\",\"nme\":\"Coho Salmon Fillet Fz\",\"attr\":\"\",\"sku\":\"54947\",\"l2\":\"Saumon\",\"sl\":\"saumon-coho-filet-sgl-54947\",\"sn\":\"\",\"idxP\":58},{\"nm\":\"Bar commun europ\u00E9en entier CG\",\"nme\":\"European Bass, Whole FZ\",\"attr\":\"\",\"sku\":\"11833\",\"l2\":\"Poissons \u00E0 l'arrivage\",\"sl\":\"bar-commun-europeen-entier-cg-11833\",\"sn\":\"\",\"idxP\":4},{\"nm\":\"Saumon Coho filet frais\",\"nme\":\"Fresh Coho Salmon Fillet\",\"attr\":\"\",\"sku\":\"54964\",\"l2\":\"Saumon\",\"sl\":\"saumon-coho-filet-frais-54964\",\"sn\":\"\",\"idxP\":33},{\"nm\":\"Hu\u00EEtre caribou choix\",\"nme\":\"Oyster Caribou\",\"attr\":\"\",\"sku\":\"54010\",\"l2\":\"Huitre\",\"sl\":\"huitre-caribou-choix-54010\",\"sn\":\"\",\"idxP\":100},{\"nm\":\"Truite arc-en-ciel filet FR\",\"nme\":\"Rainbow Trout Fillet FR\",\"attr\":\"\",\"sku\":\"52998\",\"l2\":\"Truite\",\"sl\":\"truite-arc-en-ciel-filet-fr-52998\",\"sn\":\"\",\"idxP\":63},{\"nm\":\"Algues salade assaisonn\u00E9e\",\"nme\":\"Seasoned Seaweed Salad\",\"attr\":\"\",\"sku\":\"54995\",\"l2\":\"Poisson traiteur\",\"sl\":\"algues-salade-assaisonnee-54995\",\"sn\":\"\",\"idxP\":0},{\"nm\":\"Hu\u00EEtre Chebooktook 12un\",\"nme\":\"Chebooktook Oyster 12 UN\",\"attr\":\"\",\"sku\":\"10902\",\"l2\":\"Huitre\",\"sl\":\"huitre-chebooktook-12un-10902\",\"sn\":\"\",\"idxP\":5},{\"mq\":\"South Shore\",\"nm\":\"Homard cuit tube surgel\u00E9\",\"nme\":\"Frozen Cooked Lobster Tube\",\"attr\":\"\",\"sku\":\"12484\",\"l2\":\"Fruit de mer\",\"sl\":\"homard-cuit-tube-surgele-12484\",\"sn\":\"\",\"idxP\":25},{\"nm\":\"Thon longe AAA 3-5 lbs\",\"nme\":\"3-5 lbs AAA Tuna Loin\",\"attr\":\"\",\"sku\":\"12732\",\"l2\":\"Autre\",\"sl\":\"thon-longe-aaa-3-5-lbs-12732\",\"sn\":\"\",\"idxP\":0},{\"nm\":\"Thon AAA portion 6 oz\",\"nme\":\"6oz AAA Tuna Portion\",\"attr\":\"\",\"sku\":\"12734\",\"l2\":\"Autre\",\"sl\":\"thon-aaa-portion-6-oz-12734\",\"sn\":\"\",\"idxP\":0},{\"nm\":\"Hu\u00EEtre Honeymoon 18 UN\",\"nme\":\"Honeymoon Oyster 18 UN\",\"attr\":\"\",\"sku\":\"10897\",\"l2\":\"Huitre\",\"sl\":\"huitre-honeymoon-18-un-10897\",\"sn\":\"\",\"idxP\":0},{\"mq\":\"O&C Brand\",\"nm\":\"Algues salade congel\u00E9e\",\"nme\":\"Frozen Seaweed Salad\",\"attr\":\"\",\"sku\":\"13290\",\"l2\":\"Poisson traiteur\",\"sl\":\"algues-salade-congelee-13290\",\"sn\":\"\",\"idxP\":0},{\"nm\":\"Hu\u00EEtre Lucky-Lime 12un\",\"nme\":\"Lucky-Lime Oysters\",\"attr\":\"\",\"sku\":\"53165\",\"l2\":\"Huitre\",\"sl\":\"huitre-lucky-lime-12un-53165\",\"sn\":\"\",\"idxP\":0},{\"mq\":\"Lafleur\",\"nm\":\"Saucisse porc et boeuf\",\"nme\":\"Pork and Beef Sausage\",\"attr\":\"Aliment du Qu\u00E9bec, Produit local\",\"sku\":\"14144\",\"l2\":\"Saucisse\",\"sl\":\"saucisse-porc-et-boeuf-lafleur-14144\",\"sn\":\"\",\"idxP\":50},{\"mq\":\"Roma\",\"nm\":\"Saucisse italienne forte\",\"nme\":\"Hot Italian Sausage\",\"attr\":\"Aliment du Qu\u00E9bec, Produit local\",\"sku\":\"32732\",\"l2\":\"Saucisse\",\"sl\":\"saucisse-italienne-forte-roma-32732\",\"sn\":\"\",\"idxP\":37},{\"nm\":\"Boeuf bifteck d'int. de ronde F\\\/E\",\"nme\":\"Beef Inside Round Bifteck\",\"attr\":\"\",\"sku\":\"50105\",\"l2\":\"Boeuf\",\"sl\":\"boeuf-bifteck-dint.-de-ronde-fe-50105\",\"sn\":\"steak, oeufs\",\"idxP\":68},{\"nm\":\"Boeuf bifteck d'int. de ronde attendri\",\"nme\":\"Beef Tenderized Inside Round Steak\",\"attr\":\"\",\"sku\":\"50103\",\"l2\":\"Boeuf\",\"sl\":\"boeuf-bifteck-dint.-de-ronde-attendri-50103\",\"sn\":\"steak, oeufs\",\"idxP\":43},{\"nm\":\"Boeuf cubes \u00E0 rago\u00FBt\",\"nme\":\"Beef Stew Cubed\",\"attr\":\"\",\"sku\":\"50110\",\"l2\":\"Boeuf\",\"sl\":\"boeuf-cubes-a-ragout-50110\",\"sn\":\"\",\"idxP\":71},{\"nm\":\"Boeuf cubes bourguignon\",\"nme\":\"Beef Bourguignon Cubed\",\"attr\":\"\",\"sku\":\"50111\",\"l2\":\"Boeuf\",\"sl\":\"boeuf-cubes-bourguignon-50111\",\"sn\":\"\",\"idxP\":69},{\"nm\":\"Porc r\u00F4ti coupe centre d\u00E9soss\u00E9\",\"nme\":\"Pork Loin Roast Center Cut Boneless\",\"attr\":\"\",\"sku\":\"50213\",\"l2\":\"Porc\",\"sl\":\"porc-roti-coupe-centre-desosse-50213\",\"sn\":\"\",\"idxP\":83},{\"nm\":\"Porc c\u00F4telette os central\",\"nme\":\"Pork Chop Central Bone\",\"attr\":\"\",\"sku\":\"50217\",\"l2\":\"Porc\",\"sl\":\"porc-cotelette-os-central-50217\",\"sn\":\"\",\"idxP\":82},{\"nm\":\"Boeuf bifteck de faux filet AA\",\"nme\":\"Rib Eye Steak AA\",\"attr\":\"\",\"sku\":\"50131\",\"l2\":\"Boeuf\",\"sl\":\"boeuf-bifteck-de-faux-filet-aa-50131\",\"sn\":\"steak, oeufs\",\"idxP\":58},{\"nm\":\"Porc carr\u00E9 de longe\",\"nme\":\"Pork Loin Rack\",\"attr\":\"\",\"sku\":\"50214\",\"l2\":\"Porc\",\"sl\":\"porc-carre-de-longe-50214\",\"sn\":\"\",\"idxP\":71},{\"nm\":\"Boeuf r\u00F4ti d'int. de ronde\",\"nme\":\"Beef Inside Round Roast\",\"attr\":\"\",\"sku\":\"50107\",\"l2\":\"Boeuf\",\"sl\":\"boeuf-roti-dint.-de-ronde-50107\",\"sn\":\"oeufs\",\"idxP\":47},{\"nm\":\"Porc r\u00F4ti d'\u00E9paule picnic\",\"nme\":\"Pork Shoulder Blade Picnic Roast\",\"attr\":\"\",\"sku\":\"50236\",\"l2\":\"Porc\",\"sl\":\"porc-roti-depaule-picnic-50236\",\"sn\":\"\",\"idxP\":81},{\"nm\":\"Porc jarret\",\"nme\":\"Pork Hocks\",\"attr\":\"\",\"sku\":\"50271\",\"l2\":\"Porc\",\"sl\":\"porc-jarret-50271\",\"sn\":\"\",\"idxP\":49},{\"nm\":\"Porc bifteck surlonge\",\"nme\":\"Pork Sirloin Steak\",\"attr\":\"\",\"sku\":\"50275\",\"l2\":\"Porc\",\"sl\":\"porc-bifteck-surlonge-50275\",\"sn\":\"steak\",\"idxP\":67},{\"nm\":\"Boeuf bift. d'int. de ronde sandwich\",\"nme\":\"Beef Inside Round Sandwich Steak\",\"attr\":\"\",\"sku\":\"50104\",\"l2\":\"Boeuf\",\"sl\":\"boeuf-bift.-dint.-de-ronde-sandwich-50104\",\"sn\":\"steak, oeufs\",\"idxP\":74},{\"nm\":\"Porc fesse\",\"nme\":\"Pork Leg\",\"attr\":\"\",\"sku\":\"50248\",\"l2\":\"Porc\",\"sl\":\"porc-fesse-50248\",\"sn\":\"\",\"idxP\":100},{\"nm\":\"Porc gras de dos sal\u00E9\",\"nme\":\"Pork Back Fat Salted\",\"attr\":\"\",\"sku\":\"50262\",\"l2\":\"Porc\",\"sl\":\"porc-gras-de-dos-sale-50262\",\"sn\":\"\",\"idxP\":9},{\"nm\":\"Porc \u00E9paule Montr\u00E9al\",\"nme\":\"Pork Shoulder Montreal\",\"attr\":\"\",\"sku\":\"50235\",\"l2\":\"Porc\",\"sl\":\"porc-epaule-montreal-50235\",\"sn\":\"\",\"idxP\":69},{\"nm\":\"Porc foie\",\"nme\":\"Pork Liver\",\"attr\":\"\",\"sku\":\"50289\",\"l2\":\"Porc\",\"sl\":\"porc-foie-50289\",\"sn\":\"\",\"idxP\":44},{\"nm\":\"Porc c\u00F4telette longe d\u00E9soss\u00E9e FR\",\"nme\":\"Pork Boneless Loin Chop FR\",\"attr\":\"Aliment du Qu\u00E9bec, Produit local\",\"sku\":\"50220\",\"l2\":\"Porc\",\"sl\":\"porc-cotelette-longe-desossee-fr-50220\",\"sn\":\"\",\"idxP\":76},{\"nm\":\"Escalope de veau de lait\",\"nme\":\"White Milk Fed Veal Cutlet\",\"attr\":\"\",\"sku\":\"50326\",\"l2\":\"Veau\",\"sl\":\"escalope-de-veau-de-lait-50326\",\"sn\":\"\",\"idxP\":8},{\"mq\":\"Canabec\",\"nm\":\"Saucisse wapiti porc baie des champs 4x75g\",\"nme\":\"Sausage elk pork berries 4x75g\",\"attr\":\"Produit local\",\"sku\":\"50750\",\"l2\":\"Gibier\",\"sl\":\"saucisse-wapiti-porc-baie-des-champs-4x75g-canabec-50750\",\"sn\":\"\",\"idxP\":8},{\"nm\":\"Porc cubes\",\"nme\":\"Pork Cubes\",\"attr\":\"\",\"sku\":\"50226\",\"l2\":\"Porc\",\"sl\":\"porc-cubes-50226\",\"sn\":\"\",\"idxP\":12},{\"nm\":\"Poulet haut cuisse d\u00E9soss\u00E9 par\u00E9 F\\\/E\",\"nme\":\"Chicken Thighs Full Trim E\\\/P\",\"attr\":\"\",\"sku\":\"50438\",\"l2\":\"Volaille\",\"sl\":\"poulet-haut-cuisse-desosse-pare-fe-50438\",\"sn\":\"\",\"idxP\":67},{\"nm\":\"Poulet cuisse avec dos F\\\/E\",\"nme\":\"Chicken Legs w\\\/back E\\\/P\",\"attr\":\"Produit local\",\"sku\":\"50431\",\"l2\":\"Volaille\",\"sl\":\"poulet-cuisse-avec-dos-fe-50431\",\"sn\":\"\",\"idxP\":100},{\"nm\":\"Boeuf bift. tomahawk os 12po AAA\",\"nme\":\"Beef Tomahawk 12in Bone AAA Steak\",\"attr\":\"\",\"sku\":\"52020\",\"l2\":\"Boeuf\",\"sl\":\"boeuf-bift.-tomahawk-os-12po-aaa-52020\",\"sn\":\"steak\",\"idxP\":75},{\"nm\":\"Boeuf oeil de ronde AA enti\u00E8re d\u00E9nud\u00E9e\",\"nme\":\"Beef Whole Bare Eye of Round AA\",\"attr\":\"\",\"sku\":\"52913\",\"l2\":\"Boeuf\",\"sl\":\"boeuf-oeil-de-ronde-aa-entiere-denudee-52913\",\"sn\":\"oeufs\",\"idxP\":94},{\"nm\":\"Poulet aile F\\\/E\",\"nme\":\"Chicken Wings E\\\/P\",\"attr\":\"\",\"sku\":\"50418\",\"l2\":\"Volaille\",\"sl\":\"poulet-aile-fe-50418\",\"sn\":\"\",\"idxP\":5},{\"nm\":\"Poulet coeur\",\"nme\":\"Chicken Heart\",\"attr\":\"\",\"sku\":\"50498\",\"l2\":\"Volaille\",\"sl\":\"poulet-coeur-50498\",\"sn\":\"\",\"idxP\":56},{\"mq\":\"Pierrette\",\"nm\":\"Poulet de grain Pierrette\",\"nme\":\"Grain-Fed Pierrette Chicken\",\"attr\":\"\",\"sku\":\"50200\",\"l2\":\"Volaille\",\"sl\":\"poulet-de-grain-pierrette-pierrette-50200\",\"sn\":\"\",\"idxP\":88},{\"nm\":\"Porc lani\u00E8res de surlonge\",\"nme\":\"Pork strips sirloin\",\"attr\":\"\",\"sku\":\"50770\",\"l2\":\"Porc\",\"sl\":\"porc-lanieres-de-surlonge-50770\",\"sn\":\"\",\"idxP\":28},{\"nm\":\"Agneau jarret 14-18 CG\",\"nme\":\"Lamb Shank 14-18 FZ\",\"attr\":\"\",\"sku\":\"50376\",\"l2\":\"Agneau\",\"sl\":\"agneau-jarret-14-18-cg-50376\",\"sn\":\"\",\"idxP\":18},{\"nm\":\"Veau de grain osso buco 1.25\\\" CG\",\"nme\":\"Frozen Grain-fed Veal Osso Buco\",\"attr\":\"\",\"sku\":\"50337\",\"l2\":\"Veau\",\"sl\":\"veau-de-grain-osso-buco-1.25-cg-50337\",\"sn\":\"\",\"idxP\":88},{\"mq\":\"1855\",\"nm\":\"Boeuf bifteck de faux filet 1855\",\"nme\":\"1855 Rib Eye Steak\",\"attr\":\"\",\"sku\":\"50133\",\"l2\":\"Boeuf\",\"sl\":\"boeuf-bifteck-de-faux-filet-1855-1855-50133\",\"sn\":\"steak\",\"idxP\":57},{\"nm\":\"Boeuf viande \u00E0 sous-marin CG\",\"nme\":\"Beef Submarine Steak FZ\",\"attr\":\"\",\"sku\":\"50109\",\"l2\":\"Boeuf\",\"sl\":\"boeuf-viande-a-sous-marin-cg-50109\",\"sn\":\"\",\"idxP\":34},{\"mq\":\"Canabec\",\"nm\":\"Fond de gibier\",\"nme\":\"Game Stock\",\"attr\":\"Aliment du Qu\u00E9bec, Produit local\",\"sku\":\"50716\",\"l2\":\"Gibier\",\"sl\":\"fond-de-gibier-canabec-50716\",\"sn\":\"\",\"idxP\":13},{\"mq\":\"Canabec\",\"nm\":\"Fond de canard\",\"nme\":\"Duck Stock\",\"attr\":\"Aliment du Qu\u00E9bec, Produit local\",\"sku\":\"50717\",\"l2\":\"Gibier\",\"sl\":\"fond-de-canard-canabec-50717\",\"sn\":\"\",\"idxP\":7},{\"mq\":\"Canabec\",\"nm\":\"Graisse fine de canard\",\"nme\":\"Fat Fine Duck\",\"attr\":\"Produit local\",\"sku\":\"50806\",\"l2\":\"Gibier\",\"sl\":\"graisse-fine-de-canard-canabec-50806\",\"sn\":\"\",\"idxP\":13},{\"mq\":\"Canabec\",\"nm\":\"Fond de veau\",\"nme\":\"Veal Stock\",\"attr\":\"Produit local\",\"sku\":\"50718\",\"l2\":\"Gibier\",\"sl\":\"fond-de-veau-canabec-50718\",\"sn\":\"\",\"idxP\":38},{\"mq\":\"Canabec\",\"nm\":\"Fond de veau\",\"nme\":\"Fond de Veau\",\"attr\":\"Aliment du Qu\u00E9bec, Produit local\",\"sku\":\"50792\",\"l2\":\"Gibier\",\"sl\":\"fond-de-veau-canabec-50792\",\"sn\":\"\",\"idxP\":29},{\"nm\":\"Boeuf bift. int. ronde au poivre F\\\/E\",\"nme\":\"Beef Peppers Inside Round steak\",\"attr\":\"\",\"sku\":\"52755\",\"l2\":\"Boeuf\",\"sl\":\"boeuf-bift.-int.-ronde-au-poivre-fe-52755\",\"sn\":\"steak, oeufs\",\"idxP\":69},{\"nm\":\"Boeuf filet 5 up utilit\u00E9\",\"nme\":\"Beef tenderloin 5 up utility\",\"attr\":\"\",\"sku\":\"50161\",\"l2\":\"Boeuf\",\"sl\":\"boeuf-filet-5-up-utilite-50161\",\"sn\":\"oeufs\",\"idxP\":5},{\"nm\":\"Poulet pilon F\\\/E\",\"nme\":\"Chicken Drumstick\",\"attr\":\"\",\"sku\":\"50416\",\"l2\":\"Volaille\",\"sl\":\"poulet-pilon-fe-50416\",\"sn\":\"\",\"idxP\":100},{\"mq\":\"Lac Brome\",\"nm\":\"Canard lac Brome\",\"nme\":\"Brome lake duck\",\"attr\":\"Aliment du Qu\u00E9bec, Produit local\",\"sku\":\"50761\",\"l2\":\"Gibier\",\"sl\":\"canard-lac-brome-lac-brome-50761\",\"sn\":\"\",\"idxP\":37},{\"mq\":\"1855\",\"nm\":\"Boeuf bifteck de c\u00F4te 1855\",\"nme\":\"1855 Beef Rib Steak\",\"attr\":\"\",\"sku\":\"52842\",\"l2\":\"Boeuf\",\"sl\":\"boeuf-bifteck-de-cote-1855-1855-52842\",\"sn\":\"steak\",\"idxP\":70},{\"mq\":\"1855\",\"nm\":\"Boeuf bifteck de bavette 1855\",\"nme\":\"Flapmeat Beef Steak 1855\",\"attr\":\"\",\"sku\":\"53302\",\"l2\":\"Boeuf\",\"sl\":\"bifteck-de-bavette-de-boeuf-1855-1855-53302\",\"sn\":\"steak\",\"idxP\":59},{\"nm\":\"Lapin sans t\u00EAte\",\"nme\":\"Rabbit Meat without head\",\"attr\":\"\",\"sku\":\"50756\",\"l2\":\"Gibier\",\"sl\":\"lapin-sans-tete-50756\",\"sn\":\"\",\"idxP\":71},{\"mq\":\"1855\",\"nm\":\"Boeuf m\u00E9daillon haut surlonge 1855\",\"nme\":\"Beef Top Sirloin Medallion Steak 1855\",\"attr\":\"\",\"sku\":\"50199\",\"l2\":\"Boeuf\",\"sl\":\"boeuf-medaillon-haut-surlonge-1855-1855-50199\",\"sn\":\"oeufs\",\"idxP\":16},{\"mq\":\"1855\",\"nm\":\"Boeuf bavette d\u00E9nud\u00E9e 1855\",\"nme\":\"Beef Flap Stripped 1855\",\"attr\":\"\",\"sku\":\"53301\",\"l2\":\"Boeuf\",\"sl\":\"boeuf-bavette-denudee-1855-1855-53301\",\"sn\":\"oeufs\",\"idxP\":74},{\"nm\":\"Poulet poitrine d\u00E9soss\u00E9e par\u00E9e F\\\/E\",\"nme\":\"Chicken Breast Boneless Full Trim\",\"attr\":\"\",\"sku\":\"50420\",\"l2\":\"Volaille\",\"sl\":\"poulet-poitrine-desossee-paree-fe-50420\",\"sn\":\"\",\"idxP\":100},{\"nm\":\"Porc osso buco CG\",\"nme\":\"Pork Osso Buco FZ\",\"attr\":\"\",\"sku\":\"53398\",\"l2\":\"Porc\",\"sl\":\"porc-osso-buco-cg-gourmet-ft-53398\",\"sn\":\"\",\"idxP\":80},{\"nm\":\"Boeuf filet mignon chateaubriand d\u00E9nud\u00E9\",\"nme\":\"Beef Chateaubriand Tenderloin\",\"attr\":\"\",\"sku\":\"52474\",\"l2\":\"Boeuf\",\"sl\":\"boeuf-filet-mignon-chateaubriand-denude-52474\",\"sn\":\"oeufs\",\"idxP\":73},{\"nm\":\"Boeuf bifteck d'aloyau AA\",\"nme\":\"T-Bone Steak AA\",\"attr\":\"\",\"sku\":\"50142\",\"l2\":\"Boeuf\",\"sl\":\"bifteck-daloyau-t-bone-aa-50142\",\"sn\":\"steak\",\"idxP\":57},{\"mq\":\"1855\",\"nm\":\"Boeuf bifteck contre-filet 1855\",\"nme\":\"1855 Beef Strip Loin Steak\",\"attr\":\"\",\"sku\":\"53306\",\"l2\":\"Boeuf\",\"sl\":\"bifteck-contre-filet-1855-1855-53306\",\"sn\":\"steak\",\"idxP\":52},{\"nm\":\"Porc flanc d\u00E9soss\u00E9 avec couenne\",\"nme\":\"Pork boneless Belly with Rind\",\"attr\":\"\",\"sku\":\"52430\",\"l2\":\"Porc\",\"sl\":\"porc-flanc-desosse-avec-couenne-52430\",\"sn\":\"\",\"idxP\":79},{\"mq\":\"1855\",\"nm\":\"Boeuf bifteck filet mignon 1855\",\"nme\":\"1855 Tenderloin Steak\",\"attr\":\"\",\"sku\":\"52363\",\"l2\":\"Boeuf\",\"sl\":\"boeuf-bifteck-filet-mignon-1855-1855-52363\",\"sn\":\"steak\",\"idxP\":46},{\"mq\":\"1855\",\"nm\":\"Boeuf bavette 1855\",\"nme\":\"Beef flap meat 1855\",\"attr\":\"\",\"sku\":\"50301\",\"l2\":\"Boeuf\",\"sl\":\"boeuf-bavette-1855-1855-50301\",\"sn\":\"oeufs\",\"idxP\":100},{\"mq\":\"1855\",\"nm\":\"Boeuf c\u00F4te RTS 1855\",\"nme\":\"Beef rib RTS 1855\",\"attr\":\"\",\"sku\":\"52276\",\"l2\":\"Boeuf\",\"sl\":\"boeuf-cote-rts-1855-1855-52276\",\"sn\":\"\",\"idxP\":95},{\"mq\":\"1855\",\"nm\":\"Boeuf bifteck macreuse 1855\",\"nme\":\"1855 Flank Steak\",\"attr\":\"\",\"sku\":\"51543\",\"l2\":\"Boeuf\",\"sl\":\"boeuf-bifteck-macreuse-1855-1855-51543\",\"sn\":\"steak, oeufs\",\"idxP\":44},{\"mq\":\"1855\",\"nm\":\"Boeuf roti de c\u00F4te 1855\",\"nme\":\"1855 Roast Beef\",\"attr\":\"\",\"sku\":\"52423\",\"l2\":\"Boeuf\",\"sl\":\"boeuf-roti-de-cote-1855-1855-52423\",\"sn\":\"\",\"idxP\":7},{\"mq\":\"Canabec\",\"nm\":\"Viande de cheval \u00E0 fondue chinoise congel\u00E9\",\"nme\":\"Frozen Chinese Fondue Horse Meat\",\"attr\":\"Aliment du Qu\u00E9bec, Produit local\",\"sku\":\"50715\",\"l2\":\"Gibier\",\"sl\":\"viande-de-cheval-a-fondue-chinoise-congele-canabec-50715\",\"sn\":\"\",\"idxP\":12},{\"mq\":\"Canabec\",\"nm\":\"Pintade \u00E0 fondue chinoise congel\u00E9e\",\"nme\":\"Frozen Chinese Fondue Guinea Fowl\",\"attr\":\"Aliment du Qu\u00E9bec, Produit local\",\"sku\":\"50724\",\"l2\":\"Gibier\",\"sl\":\"pintade-a-fondue-chinoise-congelee-canabec-50724\",\"sn\":\"\",\"idxP\":36},{\"mq\":\"Canabec\",\"nm\":\"Wapiti \u00E0 fondue chinoise congel\u00E9\",\"nme\":\"Frozen Chinese Fondue Elk\",\"attr\":\"Aliment du Qu\u00E9bec, Produit local\",\"sku\":\"50721\",\"l2\":\"Gibier\",\"sl\":\"wapiti-a-fondue-chinoise-congele-canabec-50721\",\"sn\":\"\",\"idxP\":23},{\"mq\":\"Canabec\",\"nm\":\"Viande de lapin \u00E0 fondue chinoise congel\u00E9e\",\"nme\":\"Frozen Chinese Fondue Rabbit Meat\",\"attr\":\"Aliment du Qu\u00E9bec, Produit local\",\"sku\":\"50726\",\"l2\":\"Gibier\",\"sl\":\"viande-de-lapin-a-fondue-chinoise-congelee-canabec-50726\",\"sn\":\"\",\"idxP\":14},{\"mq\":\"Canabec\",\"nm\":\"Canard \u00E0 fondue chinoise congel\u00E9\",\"nme\":\"Frozen Chinese Fondue Duck\",\"attr\":\"Aliment du Qu\u00E9bec, Produit local\",\"sku\":\"50727\",\"l2\":\"Gibier\",\"sl\":\"canard-a-fondue-chinoise-congele-canabec-50727\",\"sn\":\"\",\"idxP\":14},{\"mq\":\"Canabec\",\"nm\":\"Demi-glace de veau\",\"nme\":\"Veal Demi-glace\",\"attr\":\"Aliment du Qu\u00E9bec, Produit local\",\"sku\":\"50719\",\"l2\":\"Gibier\",\"sl\":\"demi-glace-de-veau-canabec-50719\",\"sn\":\"\",\"idxP\":21},{\"mq\":\"Canabec\",\"nm\":\"Agneau \u00E0 fondue chinoise congel\u00E9\",\"nme\":\"Frozen Chinese Fondue Lamb\",\"attr\":\"Aliment du Qu\u00E9bec, Produit local\",\"sku\":\"50728\",\"l2\":\"Gibier\",\"sl\":\"agneau-a-fondue-chinoise-congele-canabec-50728\",\"sn\":\"\",\"idxP\":17},{\"mq\":\"Canabec\",\"nm\":\"Burger de cerf 100% congel\u00E9\",\"nme\":\"Frozen 100% Deer Burger\",\"attr\":\"Aliment du Qu\u00E9bec, Produit local\",\"sku\":\"50734\",\"l2\":\"Gibier\",\"sl\":\"burger-de-cerf-100-congele-canabec-50734\",\"sn\":\"\",\"idxP\":9},{\"mq\":\"Canabec\",\"nm\":\"Kangourou \u00E0 fondue chinoise congel\u00E9\",\"nme\":\"Frozen Kangoroo Chinese Fondue\",\"attr\":\"Aliment du Qu\u00E9bec, Produit local\",\"sku\":\"50730\",\"l2\":\"Gibier\",\"sl\":\"kangourou-a-fondue-chinoise-congele-canabec-50730\",\"sn\":\"\",\"idxP\":12},{\"mq\":\"Canabec\",\"nm\":\"Burger de canard 100% congel\u00E9\",\"nme\":\"Frozen 100% Duck Burger\",\"attr\":\"Aliment du Qu\u00E9bec, Produit local\",\"sku\":\"50738\",\"l2\":\"Gibier\",\"sl\":\"burger-de-canard-100-congele-canabec-50738\",\"sn\":\"\",\"idxP\":16},{\"mq\":\"Canabec\",\"nm\":\"Saucisse porc et lapin pomme 4x75g\",\"nme\":\"Sausage pork and rabbit apple 4x75g\",\"attr\":\"Produit local\",\"sku\":\"50752\",\"l2\":\"Gibier\",\"sl\":\"saucisse-porc-et-lapin-pomme-4x75g-canabec-50752\",\"sn\":\"apples, pommes\",\"idxP\":7},{\"mq\":\"Canabec\",\"nm\":\"Sanglier \u00E0 fondue chinoise congel\u00E9\",\"nme\":\"Frozen Chinese Fondue Wild Boar\",\"attr\":\"Aliment du Qu\u00E9bec, Produit local\",\"sku\":\"50723\",\"l2\":\"Gibier\",\"sl\":\"sanglier-a-fondue-chinoise-congele-canabec-50723\",\"sn\":\"\",\"idxP\":4},{\"mq\":\"Canabec\",\"nm\":\"Burger de kangourou 100% congel\u00E9\",\"nme\":\"Frozen 100% Kagouroo Burger\",\"attr\":\"Aliment du Qu\u00E9bec, Produit local\",\"sku\":\"50739\",\"l2\":\"Gibier\",\"sl\":\"burger-de-kangourou-100-congele-canabec-50739\",\"sn\":\"\",\"idxP\":4},{\"mq\":\"Canabec\",\"nm\":\"Gras canard congel\u00E9 1L\",\"nme\":\"Frozen Duck Fat\",\"attr\":\"\",\"sku\":\"50768\",\"l2\":\"Gibier\",\"sl\":\"gras-canard-congele-1l-canabec-50768\",\"sn\":\"\",\"idxP\":12},{\"mq\":\"Canabec\",\"nm\":\"Cerf \u00E0 fondue chinoise congel\u00E9\",\"nme\":\"Frozen Chinese Fondue Deer\",\"attr\":\"Aliment du Qu\u00E9bec, Produit local\",\"sku\":\"50720\",\"l2\":\"Gibier\",\"sl\":\"cerf-a-fondue-chinoise-congele-canabec-50720\",\"sn\":\"\",\"idxP\":34},{\"mq\":\"Canabec\",\"nm\":\"Burger de bison 100% congel\u00E9\",\"nme\":\"Frozen 100% Bison Burger\",\"attr\":\"Aliment du Qu\u00E9bec, Produit local\",\"sku\":\"50736\",\"l2\":\"Gibier\",\"sl\":\"burger-de-bison-100-congele-canabec-50736\",\"sn\":\"\",\"idxP\":4},{\"mq\":\"Canabec\",\"nm\":\"Canard effiloch\u00E9 confit\",\"nme\":\"Candied Efficiency duck\",\"attr\":\"Aliment du Qu\u00E9bec, Produit local\",\"sku\":\"50781\",\"l2\":\"Gibier\",\"sl\":\"canard-effiloche-confit-canabec-50781\",\"sn\":\"phyllo\",\"idxP\":4},{\"mq\":\"Canabec\",\"nm\":\"Burger de Wapiti 100 % congel\u00E9\",\"nme\":\"Frozen 100% Wapiti Burger\",\"attr\":\"Aliment du Qu\u00E9bec, Produit local\",\"sku\":\"50735\",\"l2\":\"Gibier\",\"sl\":\"burger-de-wapiti-100-congele-canabec-50735\",\"sn\":\"\",\"idxP\":9},{\"mq\":\"Canabec\",\"nm\":\"Cuisse de Pintade confite\",\"nme\":\"Candied Guinea Fowl Leg\",\"attr\":\"Produit local\",\"sku\":\"50783\",\"l2\":\"Gibier\",\"sl\":\"cuisse-de-pintade-confite-canabec-50783\",\"sn\":\"\",\"idxP\":8},{\"mq\":\"Canabec\",\"nm\":\"Sauce forestiere\",\"nme\":\"Ranger Sauce\",\"attr\":\"Aliment du Qu\u00E9bec, Produit local\",\"sku\":\"50797\",\"l2\":\"Gibier\",\"sl\":\"sauce-forestiere-canabec-50797\",\"sn\":\"\",\"idxP\":11},{\"mq\":\"Canabec\",\"nm\":\"Demi-glace\",\"nme\":\"Demi-glace\",\"attr\":\"Aliment du Qu\u00E9bec, Produit local\",\"sku\":\"50793\",\"l2\":\"Gibier\",\"sl\":\"demi-glace-canabec-50793\",\"sn\":\"\",\"idxP\":16},{\"mq\":\"Canabec\",\"nm\":\"Bison \u00E0 fondue chinoise congel\u00E9\",\"nme\":\"Frozen Chinese Fondue Bison\",\"attr\":\"Aliment du Qu\u00E9bec, Produit local\",\"sku\":\"50722\",\"l2\":\"Gibier\",\"sl\":\"bison-a-fondue-chinoise-congele-canabec-50722\",\"sn\":\"\",\"idxP\":24},{\"mq\":\"Canabec\",\"nm\":\"Sauce bordelaise\",\"nme\":\"Bordelaise Sauce\",\"attr\":\"Aliment du Qu\u00E9bec, Produit local\",\"sku\":\"50795\",\"l2\":\"Gibier\",\"sl\":\"sauce-bordelaise-canabec-50795\",\"sn\":\"\",\"idxP\":14},{\"mq\":\"Canabec\",\"nm\":\"Cuisse de canard confite\",\"nme\":\"Candied Duck Leg\",\"attr\":\"Produit local\",\"sku\":\"50785\",\"l2\":\"Gibier\",\"sl\":\"cuisse-de-canard-confite-canabec-50785\",\"sn\":\"\",\"idxP\":81},{\"mq\":\"Canabec\",\"nm\":\"Gras de canard fondu congel\u00E9 4L\",\"nme\":\"Frozen Rendered Duck Fat\",\"attr\":\"\",\"sku\":\"51548\",\"l2\":\"Gibier\",\"sl\":\"gras-de-canard-fondu-congele-4l-canabec-51548\",\"sn\":\"\",\"idxP\":2},{\"mq\":\"Canabec\",\"nm\":\"Saucisse canard porc bleuet th\u00E9 vert 4x75g\",\"nme\":\"Sausage duck pork blueberries green tea 4x75g\",\"attr\":\"Produit local\",\"sku\":\"50751\",\"l2\":\"Gibier\",\"sl\":\"saucisse-canard-porc-bleuet-the-vert-4x75g-canabec-50751\",\"sn\":\"\",\"idxP\":7},{\"mq\":\"Canabec\",\"nm\":\"Sauce porto\",\"nme\":\"Porto Sauce\",\"attr\":\"Aliment du Qu\u00E9bec, Produit local\",\"sku\":\"50794\",\"l2\":\"Gibier\",\"sl\":\"sauce-porto-canabec-50794\",\"sn\":\"\",\"idxP\":21},{\"mq\":\"Canabec\",\"nm\":\"Sauce poivrade\",\"nme\":\"Pepper Sauce\",\"attr\":\"Produit local\",\"sku\":\"50796\",\"l2\":\"Gibier\",\"sl\":\"sauce-poivrade-canabec-50796\",\"sn\":\"\",\"idxP\":9},{\"nm\":\"Agneau c\u00F4telette de N-Z sous-vide CG\",\"nme\":\"Lamb COV Chop NZ FZ\",\"attr\":\"\",\"sku\":\"52429\",\"l2\":\"Agneau\",\"sl\":\"agneau-cotelette-de-n-z-sous-vide-cg-52429\",\"sn\":\"\",\"idxP\":62},{\"mq\":\"Rougi\u00E9\",\"nm\":\"Magret de canard\",\"nme\":\"Duck Breast\",\"attr\":\"Aliment du Qu\u00E9bec, Produit local\",\"sku\":\"50760\",\"l2\":\"Gibier\",\"sl\":\"magret-de-canard-rougie-50760\",\"sn\":\"\",\"idxP\":56},{\"nm\":\"Porc grillades assaisonn\u00E9es\",\"nme\":\"Pork Seasoned Grilled\",\"attr\":\"\",\"sku\":\"53209\",\"l2\":\"Porc\",\"sl\":\"porc-grillades-assaisonnees-53209\",\"sn\":\"\",\"idxP\":48},{\"nm\":\"Boeuf bif. de contre-filet AA\",\"nme\":\"Beef Strip Loin Steak AA\",\"attr\":\"\",\"sku\":\"52163\",\"l2\":\"Boeuf\",\"sl\":\"boeuf-bif.-de-contre-filet-aa-52163\",\"sn\":\"steak, oeufs\",\"idxP\":60},{\"nm\":\"Porc hach\u00E9 maigre\",\"nme\":\"Pork Lean Ground\",\"attr\":\"\",\"sku\":\"52236\",\"l2\":\"Porc\",\"sl\":\"porc-hache-maigre-52236\",\"sn\":\"\",\"idxP\":80},{\"nm\":\"Boeuf bifteck de c\u00F4te A+\",\"nme\":\"Beef Rib Steak A+\",\"attr\":\"\",\"sku\":\"53293\",\"l2\":\"Boeuf\",\"sl\":\"boeuf-bifteck-de-cote-a-53293\",\"sn\":\"steak, oeufs\",\"idxP\":80},{\"nm\":\"Boeuf r\u00F4ti bas de palette d\u00E9soss\u00E9\",\"nme\":\"Boneless Blade Inside Roast\",\"attr\":\"\",\"sku\":\"50190\",\"l2\":\"Boeuf\",\"sl\":\"boeuf-roti-bas-de-palette-desosse-50190\",\"sn\":\"oeufs\",\"idxP\":100},{\"nm\":\"Boeuf lani\u00E8res\",\"nme\":\"Beef strips\",\"attr\":\"\",\"sku\":\"51115\",\"l2\":\"Boeuf\",\"sl\":\"boeuf-lanieres-51115\",\"sn\":\"\",\"idxP\":38},{\"mq\":\"Bestco\",\"nm\":\"Boeuf hach\u00E9 mi-maigre CG\",\"nme\":\"Medium Ground Beef FZ\",\"attr\":\"\",\"sku\":\"52191\",\"l2\":\"Boeuf\",\"sl\":\"boeuf-hache-mi-maigre-cg-bestco-52191\",\"sn\":\"\",\"idxP\":100},{\"nm\":\"Boeuf tournedos int. de ronde AA\",\"nme\":\"Beef Inside Round Tournedos AA\",\"attr\":\"\",\"sku\":\"51106\",\"l2\":\"Boeuf\",\"sl\":\"boeuf-tournedos-int.-de-ronde-aa-51106\",\"sn\":\"oeufs\",\"idxP\":67},{\"mq\":\"Lac Brome\",\"nm\":\"Pilons d\u2019ailes de canard miel et ail congel\u00E9s\",\"nme\":\"Frozen Honey and Garlic Duck Wing Drumettes 650 g\",\"attr\":\"Aliment du Qu\u00E9bec, Produit local\",\"sku\":\"50814\",\"l2\":\"Gibier\",\"sl\":\"pilons-dailes-de-canard-miel-et-ail-congeles-lac-brome-50814\",\"sn\":\"\",\"idxP\":12},{\"mq\":\"Lac Brome\",\"nm\":\"Gras de canard\",\"nme\":\"Fat Duck\",\"attr\":\"Produit local\",\"sku\":\"50815\",\"l2\":\"Gibier\",\"sl\":\"gras-de-canard-lac-brome-50815\",\"sn\":\"\",\"idxP\":6},{\"mq\":\"Lac Brome\",\"nm\":\"Cuisse de canard\",\"nme\":\"Duck leg and thigh\",\"attr\":\"Aliment du Qu\u00E9bec, Produit local\",\"sku\":\"50810\",\"l2\":\"Gibier\",\"sl\":\"cuisse-de-canard-lac-brome-50810\",\"sn\":\"\",\"idxP\":45},{\"mq\":\"Lac Brome\",\"nm\":\"Saucisses de canard tomates s\u00E9ch\u00E9es et ail\",\"nme\":\"Sun-Dried Tomatoes and Garlic Duck Sausages\",\"attr\":\"Sans gluten, Aliment du Qu\u00E9bec, Produit local\",\"sku\":\"50816\",\"l2\":\"Saucisse\",\"sl\":\"saucisses-de-canard-tomates-sechees-et-ail-lac-brome-50816\",\"sn\":\"tomates\",\"idxP\":8},{\"mq\":\"Lac Brome\",\"nm\":\"Poitrine de canard d\u00E9soss\u00E9e\",\"nme\":\"Boneless Duck Breast\",\"attr\":\"Aliment du Qu\u00E9bec, Produit local\",\"sku\":\"50811\",\"l2\":\"Gibier\",\"sl\":\"poitrine-de-canard-desossee-lac-brome-50811\",\"sn\":\"\",\"idxP\":34},{\"mq\":\"Lac Brome\",\"nm\":\"Saucisses de canard orange canneberge\",\"nme\":\"Cranberry Orange Duck Sausages\",\"attr\":\"Sans gluten, Aliment du Qu\u00E9bec, Produit local\",\"sku\":\"50817\",\"l2\":\"Saucisse\",\"sl\":\"saucisses-de-canard-orange-canneberge-lac-brome-50817\",\"sn\":\"\",\"idxP\":-1},{\"mq\":\"Lac Brome\",\"nm\":\"P\u00E2t\u00E9 de canard champ\u00EAtre congel\u00E9\",\"nme\":\"Country Style Duck Pot Pie\",\"attr\":\"Aliment du Qu\u00E9bec, Produit local\",\"sku\":\"50813\",\"l2\":\"Gibier\",\"sl\":\"pate-de-canard-champetre-congele-lac-brome-50813\",\"sn\":\"\",\"idxP\":21},{\"mq\":\"Lac Brome\",\"nm\":\"Saucisses douces\",\"nme\":\"Mild Sausage\",\"attr\":\"Sans gluten, Produit local\",\"sku\":\"50819\",\"l2\":\"Saucisse\",\"sl\":\"saucisses-douces-lac-brome-50819\",\"sn\":\"\",\"idxP\":-2},{\"mq\":\"Lac Brome\",\"nm\":\"Poitrine de canard en cubes congel\u00E9e\",\"nme\":\"Frozen Duck Breast Cubes\",\"attr\":\"Aliment du Qu\u00E9bec, Produit local\",\"sku\":\"50821\",\"l2\":\"Gibier\",\"sl\":\"poitrine-de-canard-en-cubes-congelee-lac-brome-50821\",\"sn\":\"\",\"idxP\":1},{\"mq\":\"Lac Brome\",\"nm\":\"Saucisses de canard poivre et ail fa\u00E7on Toulouse\",\"nme\":\"Pepper and Garlic Duck Sausages Toulouse Style\",\"attr\":\"Sans gluten, Produit local\",\"sku\":\"50818\",\"l2\":\"Saucisse\",\"sl\":\"saucisses-de-canard-poivre-et-ail-facon-toulouse-lac-brome-50818\",\"sn\":\"\",\"idxP\":11},{\"mq\":\"Lac Brome\",\"nm\":\"Viande de canard hach\u00E9e maigre congel\u00E9\",\"nme\":\"Frozen Lean Ground Duck Meat\",\"attr\":\"Aliment du Qu\u00E9bec, Produit local\",\"sku\":\"50820\",\"l2\":\"Gibier\",\"sl\":\"viande-de-canard-hachee-maigre-congele-lac-brome-50820\",\"sn\":\"\",\"idxP\":15},{\"mq\":\"Famille Fontaine\",\"nm\":\"Veau t\u00EAte de filet\",\"nme\":\"Veal Butt Tenderloin\",\"attr\":\"Sans gluten, Produit local\",\"sku\":\"52373\",\"l2\":\"Veau\",\"sl\":\"veau-tete-de-filet-famille-fontaine-52373\",\"sn\":\"\",\"idxP\":36},{\"mq\":\"Famille Fontaine\",\"nm\":\"Veau c\u00F4telette de longe\",\"nme\":\"Veal T-Bone Loin Chops\",\"attr\":\"Sans gluten, Produit local\",\"sku\":\"52386\",\"l2\":\"Veau\",\"sl\":\"veau-cotelette-de-longe-famille-fontaine-52386\",\"sn\":\"\",\"idxP\":11},{\"mq\":\"Famille Fontaine\",\"nm\":\"Veau palette tranch\u00E9 a\\\/os\",\"nme\":\"Veal Blade Roast Bone-in\",\"attr\":\"Sans gluten, Produit local\",\"sku\":\"52388\",\"l2\":\"Veau\",\"sl\":\"veau-palette-tranche-aos-famille-fontaine-52388\",\"sn\":\"\",\"idxP\":15},{\"mq\":\"Famille Fontaine\",\"nm\":\"Veau osso buco\",\"nme\":\"Veal Shanks Osso Buco\",\"attr\":\"Produit local\",\"sku\":\"52390\",\"l2\":\"Veau\",\"sl\":\"veau-osso-buco-famille-fontaine-52390\",\"sn\":\"\",\"idxP\":28},{\"mq\":\"Famille Fontaine\",\"nm\":\"Veau escalope cuisseau\",\"nme\":\"Veal Leg Cutlets vacuum sealed\",\"attr\":\"Produit local\",\"sku\":\"52391\",\"l2\":\"Veau\",\"sl\":\"veau-escalope-cuisseau-famille-fontaine-52391\",\"sn\":\"\",\"idxP\":24},{\"mq\":\"Famille Fontaine\",\"nm\":\"Veau escalope pan\u00E9e\",\"nme\":\"Veal Breaded Cutlets Mechanically Tenderized\",\"attr\":\"Sans gluten, Produit local\",\"sku\":\"52392\",\"l2\":\"Veau\",\"sl\":\"veau-escalope-panee-famille-fontaine-52392\",\"sn\":\"\",\"idxP\":1},{\"mq\":\"Famille Fontaine\",\"nm\":\"Veau cubes rago\u00FBt\",\"nme\":\"Stewing Veal\",\"attr\":\"Produit local\",\"sku\":\"52393\",\"l2\":\"Veau\",\"sl\":\"veau-cubes-ragout-famille-fontaine-52393\",\"sn\":\"\",\"idxP\":26},{\"mq\":\"Famille Fontaine\",\"nm\":\"Veau c\u00F4te h\u00F4tel vieillie\",\"nme\":\"Aged Veal Chop\",\"attr\":\"Sans gluten, Aliment du Qu\u00E9bec, Produit local\",\"sku\":\"52394\",\"l2\":\"Veau\",\"sl\":\"veau-cote-hotel-vieillie-famille-fontaine-52394\",\"sn\":\"\",\"idxP\":38},{\"mq\":\"Lac Brome\",\"nm\":\"2 Cuisses de canard confites\",\"nme\":\"2 Confit Duck Legs\",\"attr\":\"Produit local\",\"sku\":\"50812\",\"l2\":\"Gibier\",\"sl\":\"2-cuisses-de-canard-confites-lac-brome-50812\",\"sn\":\"\",\"idxP\":41},{\"mq\":\"Mayrand CHEF\",\"nm\":\"Demi jambon toupie\",\"nme\":\"Half Toupie Ham\",\"attr\":\"\",\"sku\":\"50311\",\"l2\":\"Porc\",\"sl\":\"demi-jambon-toupie-mayrand-chef-50311\",\"sn\":\"\",\"idxP\":35},{\"mq\":\"Mayrand CHEF\",\"nm\":\"Quartier de jambon toupie\",\"nme\":\"Quarter Toupie Ham\",\"attr\":\"\",\"sku\":\"50312\",\"l2\":\"Porc\",\"sl\":\"quartier-de-jambon-toupie-mayrand-chef-50312\",\"sn\":\"\",\"idxP\":34},{\"mq\":\"Butterball\",\"nm\":\"Farce congel\u00E9e BBall\",\"nme\":\"Frozen Home-Style Turkey Stuffing\",\"attr\":\"\",\"sku\":\"50830\",\"l2\":\"Volaille\",\"sl\":\"farce-congelee-bball-butterball-50830\",\"sn\":\"\",\"idxP\":38},{\"mq\":\"Bestco\",\"nm\":\"Agneau hach\u00E9 mi-maigre CG\",\"nme\":\"Medium Ground Lamb FZ\",\"attr\":\"\",\"sku\":\"52487\",\"l2\":\"Agneau\",\"sl\":\"agneau-hache-mi-maigre-cg-bestco-52487\",\"sn\":\"\",\"idxP\":74},{\"mq\":\"Canabec\",\"nm\":\"Saucisse porc et lapin curcuma 300g\",\"nme\":\"Sausage pork and rabbit turmeric 300g\",\"attr\":\"Produit local\",\"sku\":\"50757\",\"l2\":\"Gibier\",\"sl\":\"saucisse-porc-et-lapin-curcuma-300g-canabec-50757\",\"sn\":\"turmeric, safran des indes\",\"idxP\":6},{\"mq\":\"Canabec\",\"nm\":\"Cuisse de lapin confite\",\"nme\":\"Candied Rabbit Leg\",\"attr\":\"Produit local\",\"sku\":\"50782\",\"l2\":\"Gibier\",\"sl\":\"cuisse-de-lapin-confite-canabec-50782\",\"sn\":\"\",\"idxP\":14},{\"nm\":\"Poulet de Cornouailles\",\"nme\":\"Cornish Hen Chicken\",\"attr\":\"\",\"sku\":\"50776\",\"l2\":\"Gibier\",\"sl\":\"poulet-de-cornouailles-50776\",\"sn\":\"\",\"idxP\":72},{\"mq\":\"Rougi\u00E9\",\"nm\":\"Foie gras entier congel\u00E9\",\"nme\":\"Frozen Mulard Duck Foie Gras\",\"attr\":\"Produit local\",\"sku\":\"52781\",\"l2\":\"Volaille\",\"sl\":\"foie-gras-entier-congele-rougie-52781\",\"sn\":\"\",\"idxP\":29},{\"nm\":\"Cailles congel\u00E9es\",\"nme\":\"Frozen Quails\",\"attr\":\"\",\"sku\":\"57787\",\"l2\":\"Gibier\",\"sl\":\"cailles-congelees-57787\",\"sn\":\"\",\"idxP\":54},{\"nm\":\"Pintade fra\u00EEche\",\"nme\":\"Fresh Guinea\",\"attr\":\"\",\"sku\":\"50789\",\"l2\":\"Gibier\",\"sl\":\"pintade-fraiche-50789\",\"sn\":\"\",\"idxP\":42},{\"nm\":\"Faisan congel\u00E9\",\"nme\":\"Frozen Pheasant\",\"attr\":\"\",\"sku\":\"52703\",\"l2\":\"Gibier\",\"sl\":\"faisan-congele-52703\",\"sn\":\"\",\"idxP\":0},{\"mq\":\"Bestco\",\"nm\":\"Dinde hach\u00E9e extra-maigre CG\",\"nme\":\"Frozen Extra Lean Ground Turkey\",\"attr\":\"\",\"sku\":\"52183\",\"l2\":\"Volaille\",\"sl\":\"dinde-hachee-extra-maigre-cg-bestco-52183\",\"sn\":\"\",\"idxP\":96},{\"nm\":\"Poulet lani\u00E8re poitrine\",\"nme\":\"Chicken Breast Strip\",\"attr\":\"\",\"sku\":\"51542\",\"l2\":\"Volaille\",\"sl\":\"poulet-laniere-poitrine-51542\",\"sn\":\"\",\"idxP\":73},{\"mq\":\"Bestco\",\"nm\":\"Veau hach\u00E9 maigre CG\",\"nme\":\"Lean Ground Veal FZ\",\"attr\":\"\",\"sku\":\"53180\",\"l2\":\"Veau\",\"sl\":\"veau-hache-maigre-cg-bestco-53180\",\"sn\":\"\",\"idxP\":84},{\"mq\":\"Bestco\",\"nm\":\"Poulet hach\u00E9 maigre CG\",\"nme\":\"Lean Ground Chicken CG\",\"attr\":\"\",\"sku\":\"52189\",\"l2\":\"Volaille\",\"sl\":\"poulet-hache-maigre-cg-bestco-52189\",\"sn\":\"\",\"idxP\":91},{\"mq\":\"Bestco\",\"nm\":\"Boeuf porc et veau hach\u00E9 maigre CG\",\"nme\":\"Lean Ground Beef Pork and Veal FZ\",\"attr\":\"\",\"sku\":\"52182\",\"l2\":\"Boeuf\",\"sl\":\"boeuf-porc-et-veau-hache-maigre-cg-bestco-52182\",\"sn\":\"oeufs\",\"idxP\":100},{\"mq\":\"Bestco\",\"nm\":\"Boeuf hach\u00E9 extra-maigre CG\",\"nme\":\"Extra-Lean Ground Beef FZ\",\"attr\":\"\",\"sku\":\"52192\",\"l2\":\"Boeuf\",\"sl\":\"boeuf-hache-extra-maigre-cg-bestco-52192\",\"sn\":\"\",\"idxP\":100},{\"mq\":\"Bestco\",\"nm\":\"Boeuf hach\u00E9 maigre CG\",\"nme\":\"Lean Ground Beef FZ\",\"attr\":\"\",\"sku\":\"53258\",\"l2\":\"Boeuf\",\"sl\":\"boeuf-hache-maigre-cg-bestco-53258\",\"sn\":\"\",\"idxP\":100},{\"nm\":\"Boeuf hach\u00E9 extra-maigre\",\"nme\":\"Beef ground extra-lean\",\"attr\":\"\",\"sku\":\"52240\",\"l2\":\"Boeuf\",\"sl\":\"boeuf-hache-extra-maigre-52240\",\"sn\":\"\",\"idxP\":87},{\"nm\":\"Veau de grain c\u00F4telettes longe\",\"nme\":\"Grain feed veal chop loin\",\"attr\":\"\",\"sku\":\"50298\",\"l2\":\"Veau\",\"sl\":\"veau-de-grain-cotelettes-longe-50298\",\"sn\":\"\",\"idxP\":5},{\"mq\":\"Viande Richelieu\",\"nm\":\"Cheval bifteck de filet mignon CG\",\"nme\":\"Frozen Horse Tenderloin Bifteck\",\"attr\":\"\",\"sku\":\"52349\",\"l2\":\"Gibier\",\"sl\":\"cheval-bifteck-de-filet-mignon-cg-viande-richelieu-52349\",\"sn\":\"steak\",\"idxP\":7},{\"mq\":\"Viande Richelieu\",\"nm\":\"Cheval bifteck de faux-filet CG\",\"nme\":\"Frozen Horse Rib-Eye Bifteck\",\"attr\":\"\",\"sku\":\"52351\",\"l2\":\"Gibier\",\"sl\":\"cheval-bifteck-de-faux-filet-cg-viande-richelieu-52351\",\"sn\":\"steak\",\"idxP\":6},{\"mq\":\"Viande Richelieu\",\"nm\":\"Cheval hach\u00E9 congel\u00E9\",\"nme\":\"Frozen Ground Horse Meat\",\"attr\":\"\",\"sku\":\"52353\",\"l2\":\"Gibier\",\"sl\":\"cheval-hache-congele-viande-richelieu-52353\",\"sn\":\"\",\"idxP\":14},{\"mq\":\"Viande Richelieu\",\"nm\":\"Cheval bifteck de surlonge CG\",\"nme\":\"Frozen Horse Sirloin Bifteck\",\"attr\":\"\",\"sku\":\"52350\",\"l2\":\"Gibier\",\"sl\":\"cheval-bifteck-de-surlonge-cg-viande-richelieu-52350\",\"sn\":\"steak\",\"idxP\":6},{\"mq\":\"VDC\",\"nm\":\"Poulet cuisse avec dos S-V VDC\",\"nme\":\"Chicken Legs vacuum pack\",\"attr\":\"Sans gluten, Produit local\",\"sku\":\"50587\",\"l2\":\"Volaille\",\"sl\":\"poulet-cuisse-avec-dos-s-v-vdc-vdc-50587\",\"sn\":\"\",\"idxP\":8},{\"nm\":\"Poulet brochette F\\\/E\",\"nme\":\"Chicken Breast Brochettes E\\\/P\",\"attr\":\"\",\"sku\":\"52119\",\"l2\":\"Volaille\",\"sl\":\"poulet-brochette-fe-52119\",\"sn\":\"\",\"idxP\":57},{\"mq\":\"VDC\",\"nm\":\"Poulet grain s\\\/antibio +2kg S-V VDC\",\"nme\":\"Chicken COV Grain-fed Chicken +2kg VDC\",\"attr\":\"Produit local\",\"sku\":\"52717\",\"l2\":\"Volaille\",\"sl\":\"poulet-grain-santibio-2kg-s-v-vdc-vdc-52717\",\"sn\":\"biologique\",\"idxP\":100},{\"nm\":\"Boeuf cubes rago\u00FBt 500g\",\"nme\":\"Beef dice stew 500g\",\"attr\":\"\",\"sku\":\"50354\",\"l2\":\"Boeuf\",\"sl\":\"boeuf-cubes-ragout-500g-50354\",\"sn\":\"\",\"idxP\":7},{\"mq\":\"Mayrand CHEF\",\"nm\":\"B\u0153uf souvlaki Mayrand Chef FR\",\"nme\":\"Beef souvlaki Mayrand Chef FR\",\"attr\":\"\",\"sku\":\"52128\",\"l2\":\"Boeuf\",\"sl\":\"buf-souvlaki-mayrand-chef-fr-mayrand-chef-52128\",\"sn\":\"\",\"idxP\":3},{\"mq\":\"Mayrand CHEF\",\"nm\":\"Boeuf brochette F\\\/E\",\"nme\":\"Beef Brochette\",\"attr\":\"\",\"sku\":\"52115\",\"l2\":\"Boeuf\",\"sl\":\"boeuf-brochette-fe-mayrand-chef-52115\",\"sn\":\"\",\"idxP\":52},{\"nm\":\"Poulet brochette marin\u00E9e F\\\/E\",\"nme\":\"Chicken Seasoned Brochettes E\\\/P\",\"attr\":\"\",\"sku\":\"50669\",\"l2\":\"Volaille\",\"sl\":\"poulet-brochette-marinee-fe-50669\",\"sn\":\"\",\"idxP\":63},{\"nm\":\"Boeuf cubes filet mignon CG\",\"nme\":\"Beef Tenderloin Cubes FZ\",\"attr\":\"\",\"sku\":\"50647\",\"l2\":\"Boeuf\",\"sl\":\"boeuf-cubes-filet-mignon-cg-50647\",\"sn\":\"\",\"idxP\":1},{\"nm\":\"Poulet brochette F\\\/E CG\",\"nme\":\"Chicken Breast Brochettes FZ\",\"attr\":\"\",\"sku\":\"52120\",\"l2\":\"Volaille\",\"sl\":\"poulet-brochette-fe-cg-52120\",\"sn\":\"\",\"idxP\":12},{\"nm\":\"Boeuf cubes fondue bourguignonne\",\"nme\":\"Beef dice fondue\",\"attr\":\"\",\"sku\":\"50353\",\"l2\":\"Boeuf\",\"sl\":\"boeuf-cubes-fondue-bourguignonne-50353\",\"sn\":\"oeufs\",\"idxP\":24},{\"nm\":\"Porc filet marin\u00E9 FR\",\"nme\":\"Pork Seasoned Tenderloin FR\",\"attr\":\"\",\"sku\":\"50872\",\"l2\":\"Porc\",\"sl\":\"porc-filet-marine-fr-olymel-50872\",\"sn\":\"\",\"idxP\":89},{\"nm\":\"Boeuf tournedos marin\u00E9\",\"nme\":\"Beef marinated tournedos\",\"attr\":\"\",\"sku\":\"51258\",\"l2\":\"Boeuf\",\"sl\":\"boeuf-tournedos-marine-51258\",\"sn\":\"\",\"idxP\":16},{\"nm\":\"Saucisse bacon et fromage surgel\u00E9ex2\",\"nme\":\"Frozen Bacon and Cheese Sausagex2\",\"attr\":\"\",\"sku\":\"50371\",\"l2\":\"Saucisse\",\"sl\":\"saucisse-bacon-et-fromage-surgeleex2-50371\",\"sn\":\"fromages\",\"idxP\":1},{\"mq\":\"Mayrand CHEF\",\"nm\":\"Boeuf brochette marin\u00E9e F\\\/E\",\"nme\":\"Fresh beef seasonned kebab F\\\/E\",\"attr\":\"\",\"sku\":\"50665\",\"l2\":\"Boeuf\",\"sl\":\"boeuf-brochette-marinee-fe-mayrand-chef-50665\",\"sn\":\"\",\"idxP\":40},{\"mq\":\"Mayrand CHEF\",\"nm\":\"Boeuf souvlaki marin\u00E9\",\"nme\":\"Beef souvlaki marinated\",\"attr\":\"\",\"sku\":\"50684\",\"l2\":\"Boeuf\",\"sl\":\"boeuf-souvlaki-marine-mayrand-chef-50684\",\"sn\":\"\",\"idxP\":6},{\"mq\":\"Mayrand CHEF\",\"nm\":\"Porc souvlaki marin\u00E9 Mayrand Chef FR\",\"nme\":\"Pork souvlaki marinated Mayrand Chef FR\",\"attr\":\"\",\"sku\":\"50685\",\"l2\":\"Porc\",\"sl\":\"porc-souvlaki-marine-mayrand-chef-fr-mayrand-chef-50685\",\"sn\":\"\",\"idxP\":7},{\"nm\":\"Porc c\u00F4telette d\u00E9soss\u00E9e marin\u00E9e\",\"nme\":\"Porc Seasoned Boneless Chop\",\"attr\":\"\",\"sku\":\"50870\",\"l2\":\"Porc\",\"sl\":\"porc-cotelette-desossee-marinee-50870\",\"sn\":\"\",\"idxP\":82},{\"nm\":\"Poulet poitrine marin\u00E9e\",\"nme\":\"Chicken Seasoned Breast\",\"attr\":\"\",\"sku\":\"50875\",\"l2\":\"Volaille\",\"sl\":\"poulet-poitrine-marinee-50875\",\"sn\":\"\",\"idxP\":-109},{\"nm\":\"Porc c\u00F4telette duo\",\"nme\":\"Pork Chop Duo Style\",\"attr\":\"\",\"sku\":\"52356\",\"l2\":\"Porc\",\"sl\":\"porc-cotelette-duo-52356\",\"sn\":\"\",\"idxP\":100},{\"nm\":\"Burger saucisse Italienne douce srg\",\"nme\":\"Mild italian sausage burger srg\",\"attr\":\"\",\"sku\":\"50892\",\"l2\":\"Saucisse\",\"sl\":\"burger-saucisse-italienne-douce-srg-50892\",\"sn\":\"\",\"idxP\":0},{\"nm\":\"Saucisse bacon et fromage surgel\u00E9ex3\",\"nme\":\"Frozen Bacon and Cheese Sausagex3\",\"attr\":\"\",\"sku\":\"50372\",\"l2\":\"Saucisse\",\"sl\":\"saucisse-bacon-et-fromage-surgeleex3-50372\",\"sn\":\"fromages\",\"idxP\":62},{\"mq\":\"Famille Fontaine\",\"nm\":\"Agneau carr\u00E9\",\"nme\":\"Rack of Lamb\",\"attr\":\"Produit local\",\"sku\":\"50360\",\"l2\":\"Agneau\",\"sl\":\"agneau-carre-famille-fontaine-50360\",\"sn\":\"\",\"idxP\":11},{\"nm\":\"Poulet frais A 1.4 \u00E0 1.8kg\",\"nme\":\"Fresh Chicken A 1,4 to 1,8kg\",\"attr\":\"\",\"sku\":\"53401\",\"l2\":\"Volaille\",\"sl\":\"poulet-frais-a-1.4-a-1.8kg-53401\",\"sn\":\"\",\"idxP\":63},{\"mq\":\"Famille Fontaine\",\"nm\":\"Agneau c\u00F4telette Qu\u00E9bec\",\"nme\":\"Quebec Lamb Chop\",\"attr\":\"Produit local\",\"sku\":\"50361\",\"l2\":\"Agneau\",\"sl\":\"agneau-cotelette-quebec-famille-fontaine-50361\",\"sn\":\"\",\"idxP\":4},{\"mq\":\"Famille Fontaine\",\"nm\":\"Agneau gigot a\\\/os\",\"nme\":\"Quebec semi-boneless leg of lamb\",\"attr\":\"Produit local\",\"sku\":\"50363\",\"l2\":\"Agneau\",\"sl\":\"agneau-gigot-aos-famille-fontaine-50363\",\"sn\":\"\",\"idxP\":20},{\"nm\":\"Boeuf filet 4-5lbs utilit\u00E9\",\"nme\":\"Beef tenderloin 4-5lb utility\",\"attr\":\"\",\"sku\":\"50160\",\"l2\":\"Boeuf\",\"sl\":\"boeuf-filet-4-5lbs-utilite-50160\",\"sn\":\"\",\"idxP\":100},{\"nm\":\"Saucisse porc et boeuf CG\",\"nme\":\"Sausage Pork and Beef FZ\",\"attr\":\"\",\"sku\":\"50389\",\"l2\":\"Saucisse\",\"sl\":\"saucisse-porc-et-boeuf-cg-50389\",\"sn\":\"oeufs\",\"idxP\":54},{\"mq\":\"Famille Fontaine\",\"nm\":\"Agneau gigot tranch\u00E9 a\\\/os\",\"nme\":\"Quebec Leg of Lamb Steak with Bone\",\"attr\":\"Produit local\",\"sku\":\"50365\",\"l2\":\"Agneau\",\"sl\":\"agneau-gigot-tranche-aos-famille-fontaine-50365\",\"sn\":\"\",\"idxP\":5},{\"mq\":\"Famille Fontaine\",\"nm\":\"Agneau cubes Qu\u00E9bec\",\"nme\":\"Quebec Lamb Cubes\",\"attr\":\"Produit local\",\"sku\":\"50362\",\"l2\":\"Agneau\",\"sl\":\"agneau-cubes-quebec-famille-fontaine-50362\",\"sn\":\"\",\"idxP\":5},{\"nm\":\"Poulet foie\",\"nme\":\"Chicken Liver\",\"attr\":\"\",\"sku\":\"50494\",\"l2\":\"Volaille\",\"sl\":\"poulet-foie-50494\",\"sn\":\"\",\"idxP\":86},{\"mq\":\"Mayrand CHEF\",\"nm\":\"Poulet souvlaki Mayrand Chef\",\"nme\":\"Chicken souvlaki Mayrand Chef\",\"attr\":\"\",\"sku\":\"52081\",\"l2\":\"Volaille\",\"sl\":\"poulet-souvlaki-mayrand-chef-mayrand-chef-52081\",\"sn\":\"\",\"idxP\":2},{\"mq\":\"Mayrand CHEF\",\"nm\":\"Porc souvlaki Mayrand Chef\",\"nme\":\"Pork souvlaki Mayrand Chef\",\"attr\":\"\",\"sku\":\"52077\",\"l2\":\"Porc\",\"sl\":\"porc-souvlaki-mayrand-chef-mayrand-chef-52077\",\"sn\":\"\",\"idxP\":1},{\"nm\":\"Boeuf bift. bavette AAA\",\"nme\":\"Beef Flap AAA\",\"attr\":\"\",\"sku\":\"52312\",\"l2\":\"Boeuf\",\"sl\":\"boeuf-bift.-bavette-aaa-52312\",\"sn\":\"steak, oeufs\",\"idxP\":27},{\"nm\":\"Boeuf bavette d\u00E9nud\u00E9e AAA\",\"nme\":\"Beef flap meat denuded AAA\",\"attr\":\"\",\"sku\":\"50204\",\"l2\":\"Boeuf\",\"sl\":\"boeuf-bavette-denudee-aaa-50204\",\"sn\":\"oeufs\",\"idxP\":-77},{\"nm\":\"Boeuf poitrine A+\",\"nme\":\"Beef Brisket A+\",\"attr\":\"\",\"sku\":\"52342\",\"l2\":\"Boeuf\",\"sl\":\"boeuf-poitrine-a-52342\",\"sn\":\"\",\"idxP\":100},{\"nm\":\"Porc c\u00F4telette h\u00F4tel\",\"nme\":\"French Pork Chop\",\"attr\":\"\",\"sku\":\"53219\",\"l2\":\"Porc\",\"sl\":\"porc-cotelette-hotel-53219\",\"sn\":\"\",\"idxP\":68},{\"nm\":\"Boeuf filet AA\",\"nme\":\"Beef tenderloin AA\",\"attr\":\"\",\"sku\":\"50163\",\"l2\":\"Boeuf\",\"sl\":\"boeuf-filet-aa-50163\",\"sn\":\"\",\"idxP\":49},{\"nm\":\"Porc longe d\u00E9soss\u00E9e S-V\",\"nme\":\"Pork Boneless Loin\",\"attr\":\"\",\"sku\":\"52042\",\"l2\":\"Porc\",\"sl\":\"porc-longe-desossee-s-v-52042\",\"sn\":\"\",\"idxP\":100},{\"mq\":\"Lac Brome\",\"nm\":\"Rillette canard canneberges\",\"nme\":\"Cranberry Duck Rillette\",\"attr\":\"Produit local\",\"sku\":\"51189\",\"l2\":\"Gibier\",\"sl\":\"rillette-canard-canneberges-lac-brome-51189\",\"sn\":\"\",\"idxP\":8},{\"mq\":\"Lac Brome\",\"nm\":\"Rillette canard authentique\",\"nme\":\"Authentic duck rillette\",\"attr\":\"Produit local\",\"sku\":\"51190\",\"l2\":\"Gibier\",\"sl\":\"rillette-canard-authentique-lac-brome-51190\",\"sn\":\"\",\"idxP\":-32},{\"mq\":\"Lac Brome\",\"nm\":\"Rillette canard cidre et pommes\",\"nme\":\"Authentic duck rillette\",\"attr\":\"Produit local\",\"sku\":\"51192\",\"l2\":\"Gibier\",\"sl\":\"rillette-canard-cidre-et-pommes-lac-brome-51192\",\"sn\":\"apples, pommes\",\"idxP\":7},{\"mq\":\"Lac Brome\",\"nm\":\"Rillettes de canard des cantons\",\"nme\":\"Cantons duck rillettes\",\"attr\":\"Aliment du Qu\u00E9bec, Produit local\",\"sku\":\"51191\",\"l2\":\"Gibier\",\"sl\":\"rillettes-de-canard-des-cantons-lac-brome-51191\",\"sn\":\"\",\"idxP\":3},{\"nm\":\"Porc jarret avec couenne CG\",\"nme\":\"Pork Hock w\\\/rind FZ\",\"attr\":\"\",\"sku\":\"53397\",\"l2\":\"Porc\",\"sl\":\"porc-jarret-avec-couenne-cg-53397\",\"sn\":\"\",\"idxP\":48},{\"nm\":\"Boeuf filet AAA\",\"nme\":\"Beef tenderloin AAA\",\"attr\":\"\",\"sku\":\"52270\",\"l2\":\"Boeuf\",\"sl\":\"boeuf-filet-aaa-52270\",\"sn\":\"\",\"idxP\":81},{\"mq\":\"Lac Brome\",\"nm\":\"Canard lac brome congel\u00E9\",\"nme\":\"Frozen Lake Brome Duck\",\"attr\":\"\",\"sku\":\"50762\",\"l2\":\"Gibier\",\"sl\":\"canard-lac-brome-congele-lac-brome-50762\",\"sn\":\"\",\"idxP\":15},{\"mq\":\"1855\",\"nm\":\"Boeuf haut de surlonge 1855\",\"nme\":\"Beef top butt 1855\",\"attr\":\"\",\"sku\":\"50198\",\"l2\":\"Boeuf\",\"sl\":\"boeuf-haut-de-surlonge-1855-1855-50198\",\"sn\":\"oeufs\",\"idxP\":6},{\"nm\":\"Boeuf foie CG\",\"nme\":\"Beef Liver FZ\",\"attr\":\"\",\"sku\":\"50464\",\"l2\":\"Boeuf\",\"sl\":\"boeuf-foie-cg-50464\",\"sn\":\"oeufs\",\"idxP\":82},{\"mq\":\"Skylark\",\"nm\":\"Boeuf foie tranch\u00E9 CG\",\"nme\":\"Beef Liver, Sliced FZ\",\"attr\":\"\",\"sku\":\"50465\",\"l2\":\"Boeuf\",\"sl\":\"boeuf-foie-tranche-cg-skylark-50465\",\"sn\":\"oeufs\",\"idxP\":33},{\"nm\":\"Porc flanc sal\u00E9 entrelard\u00E9\",\"nme\":\"Pork Cured Belly Salted\",\"attr\":\"\",\"sku\":\"50261\",\"l2\":\"Porc\",\"sl\":\"porc-flanc-sale-entrelarde-50261\",\"sn\":\"\",\"idxP\":-31},{\"nm\":\"Boeuf foie FR\",\"nme\":\"Beef Liver FR\",\"attr\":\"\",\"sku\":\"50463\",\"l2\":\"Boeuf\",\"sl\":\"boeuf-foie-fr-50463\",\"sn\":\"oeufs\",\"idxP\":72},{\"mq\":\"Boeuf Qu\u00E9bec\",\"nm\":\"Boeuf m\u00E9daillon haut surlonge QC\",\"nme\":\"Beef Top sirloin medallion QC\",\"attr\":\"Aliment du Qu\u00E9bec\",\"sku\":\"56023\",\"l2\":\"Boeuf\",\"sl\":\"boeuf-medaillon-haut-surlonge-qc-boeuf-quebec-56023\",\"sn\":\"oeufs\",\"idxP\":14},{\"mq\":\"Boeuf Qu\u00E9bec\",\"nm\":\"Boeuf bifteck contre-filet QC\",\"nme\":\"Striploin steak QC\",\"attr\":\"Aliment du Qu\u00E9bec\",\"sku\":\"56024\",\"l2\":\"Boeuf\",\"sl\":\"boeuf-bifteck-contre-filet-qc-boeuf-quebec-56024\",\"sn\":\"steak, oeufs\",\"idxP\":16},{\"mq\":\"Boeuf Qu\u00E9bec\",\"nm\":\"Boeuf bifteck de c\u00F4te QC\",\"nme\":\"Rib steak QC\",\"attr\":\"Aliment du Qu\u00E9bec\",\"sku\":\"56022\",\"l2\":\"Boeuf\",\"sl\":\"boeuf-bifteck-de-cote-qc-boeuf-quebec-56022\",\"sn\":\"steak, oeufs\",\"idxP\":25},{\"mq\":\"1855\",\"nm\":\"Boeuf contre-filet 1855\",\"nme\":\"Beef strip loin 1855\",\"attr\":\"\",\"sku\":\"52277\",\"l2\":\"Boeuf\",\"sl\":\"boeuf-contre-filet-1855-1855-52277\",\"sn\":\"\",\"idxP\":83},{\"mq\":\"Boeuf Qu\u00E9bec\",\"nm\":\"Boeuf bifteck de bavette QC\",\"nme\":\"Flaploin steak QC\",\"attr\":\"Aliment du Qu\u00E9bec\",\"sku\":\"56021\",\"l2\":\"Boeuf\",\"sl\":\"boeuf-bifteck-de-bavette-qc-boeuf-quebec-56021\",\"sn\":\"steak, oeufs\",\"idxP\":10},{\"mq\":\"Paul le Gourmet\",\"nm\":\"Porc c\u00F4tes lev\u00E9es cuites avec sauce CG\",\"nme\":\"Porc babyback ribs cooked w\\\/sauce FZ\",\"attr\":\"Produit local\",\"sku\":\"50056\",\"l2\":\"Porc\",\"sl\":\"porc-cotes-levees-cuites-avec-sauce-cg-paul-le-gourmet-50056\",\"sn\":\"\",\"idxP\":100},{\"nm\":\"Porc oreilles de crisse CG\",\"nme\":\"Pork Rinds FZ\",\"attr\":\"\",\"sku\":\"50098\",\"l2\":\"Porc\",\"sl\":\"porc-oreilles-de-crisse-cg-50098\",\"sn\":\"\",\"idxP\":55},{\"nm\":\"Boeuf haut de surlonge AA\",\"nme\":\"Beef top butt\",\"attr\":\"\",\"sku\":\"50181\",\"l2\":\"Boeuf\",\"sl\":\"boeuf-haut-de-surlonge-aa-50181\",\"sn\":\"oeufs\",\"idxP\":61},{\"mq\":\"New Zealand Spring Lamb\",\"nm\":\"Agneau carr\u00E9 fran\u00E7ais NZ 16\\\/18 CG\",\"nme\":\"Lamb French Rack NZ 16\\\/18 CG\",\"attr\":\"\",\"sku\":\"52027\",\"l2\":\"Agneau\",\"sl\":\"agneau-carre-francais-nz-1618-cg-new-zealand-spring-lamb-52027\",\"sn\":\"\",\"idxP\":39},{\"nm\":\"Boeuf hach\u00E9 maigre\",\"nme\":\"Beef ground lean\",\"attr\":\"\",\"sku\":\"52238\",\"l2\":\"Boeuf\",\"sl\":\"boeuf-hache-maigre-52238\",\"sn\":\"\",\"idxP\":79},{\"nm\":\"Boeuf bout de c\u00F4te \u00E9paule AA\",\"nme\":\"Beef short ribs AA\",\"attr\":\"\",\"sku\":\"52021\",\"l2\":\"Boeuf\",\"sl\":\"boeuf-bout-de-cote-epaule-aa-52021\",\"sn\":\"oeufs\",\"idxP\":100},{\"mq\":\"Lac Brome\",\"nm\":\"Canard burger moutarde et miel CG\",\"nme\":\"Duck Burgers Mustard And Honey FZ\",\"attr\":\"\",\"sku\":\"50039\",\"l2\":\"Gibier\",\"sl\":\"canard-burger-moutarde-et-miel-cg-lac-brome-50039\",\"sn\":\"\",\"idxP\":12},{\"mq\":\"Lac Brome\",\"nm\":\"Canard burger piri-piri CG\",\"nme\":\"Duck Burgers Piri-Piri FZ\",\"attr\":\"\",\"sku\":\"50019\",\"l2\":\"Gibier\",\"sl\":\"canard-burger-piri-piri-cg-lac-brome-50019\",\"sn\":\"\",\"idxP\":15},{\"nm\":\"Porc filets x2 CG\",\"nme\":\"Pork tenderloin x2 FZ\",\"attr\":\"\",\"sku\":\"50294\",\"l2\":\"Porc\",\"sl\":\"porc-filets-x2-cg-50294\",\"sn\":\"\",\"idxP\":41},{\"mq\":\"Impossible\",\"nm\":\"Impossible burger hach\u00E9 \u00E0 base de plantes\",\"nme\":\"Impossible ground burger  made from plants\",\"attr\":\"\",\"sku\":\"51383\",\"l2\":\"Autre\",\"sl\":\"impossible-burger-hache-a-base-de-plantes-impossible-51383\",\"sn\":\"\",\"idxP\":49},{\"nm\":\"Boeuf bift. haut de surlonge AA\",\"nme\":\"Boeuf top sirloin steak\",\"attr\":\"\",\"sku\":\"50180\",\"l2\":\"Boeuf\",\"sl\":\"boeuf-bift.-haut-de-surlonge-aa-50180\",\"sn\":\"steak, oeufs\",\"idxP\":49},{\"nm\":\"Boeuf filet d'\u00E9paule AA\",\"nme\":\"Beef teres major AA\",\"attr\":\"\",\"sku\":\"52121\",\"l2\":\"Boeuf\",\"sl\":\"boeuf-filet-depaule-aa-52121\",\"sn\":\"oeufs\",\"idxP\":69},{\"mq\":\"La Fernandi\u00E8re\",\"nm\":\"Saucisse porc et boeuf FAM\",\"nme\":\"Sausage pork and beef FAM\",\"attr\":\"\",\"sku\":\"55249\",\"l2\":\"Saucisse\",\"sl\":\"saucisse-porc-et-boeuf-fam-la-fernandiere-55249\",\"sn\":\"\",\"idxP\":34},{\"mq\":\"La Fernandi\u00E8re\",\"nm\":\"Saucisse combo italienne douce\\\/toulouse\",\"nme\":\"Sausage mild italian\\\/toulouse combo\",\"attr\":\"\",\"sku\":\"55248\",\"l2\":\"Saucisse\",\"sl\":\"saucisse-combo-italienne-doucetoulouse-la-fernandiere-55248\",\"sn\":\"\",\"idxP\":8},{\"mq\":\"Giannone\",\"nm\":\"Poulet crapaudine assaisonn\u00E9 BBQ\",\"nme\":\"Chicken flattened BBQ seasoned\",\"attr\":\"\",\"sku\":\"54250\",\"l2\":\"Volaille\",\"sl\":\"poulet-crapaudine-assaisonne-bbq-giannone-54250\",\"sn\":\"BBQ\",\"idxP\":69},{\"nm\":\"Boeuf hach\u00E9 mi-maigre FR\",\"nme\":\"Beef Medium Ground FR\",\"attr\":\"\",\"sku\":\"52239\",\"l2\":\"Boeuf\",\"sl\":\"boeuf-hache-mi-maigre-fr-52239\",\"sn\":\"oeufs\",\"idxP\":100},{\"nm\":\"Boeuf r\u00F4ti contre-filet AA bout\",\"nme\":\"Beef striploin roast AA\",\"attr\":\"\",\"sku\":\"50117\",\"l2\":\"Boeuf\",\"sl\":\"boeuf-roti-contre-filet-aa-bout-50117\",\"sn\":\"oeufs\",\"idxP\":13},{\"nm\":\"Boeuf contre-filet non grad\u00E9\",\"nme\":\"Beef Striploin Ungraded\",\"attr\":\"\",\"sku\":\"50125\",\"l2\":\"Boeuf\",\"sl\":\"boeuf-contre-filet-non-grade-50125\",\"sn\":\"\",\"idxP\":100},{\"nm\":\"Porc \u00E9paule picnic d\u00E9soss\u00E9e\",\"nme\":\"Pork Boneless Picnic Shoulder\",\"attr\":\"\",\"sku\":\"50297\",\"l2\":\"Porc\",\"sl\":\"porc-epaule-picnic-desossee-50297\",\"sn\":\"\",\"idxP\":47},{\"nm\":\"Boeuf r\u00F4ti contre-filet non grad\u00E9\",\"nme\":\"Beef striploin roast no roll\",\"attr\":\"\",\"sku\":\"50128\",\"l2\":\"Boeuf\",\"sl\":\"boeuf-roti-contre-filet-non-grade-50128\",\"sn\":\"\",\"idxP\":56},{\"nm\":\"Boeuf bift. contre-filet non grad\u00E9\",\"nme\":\"No Roll Beef Striploin Steak\",\"attr\":\"\",\"sku\":\"50127\",\"l2\":\"Boeuf\",\"sl\":\"boeuf-bift.-contre-filet-non-grade-50127\",\"sn\":\"steak, oeufs\",\"idxP\":83},{\"nm\":\"Agneau jarret non calibr\u00E9 CG\",\"nme\":\"Lamb shank random FZ\",\"attr\":\"\",\"sku\":\"55194\",\"l2\":\"Agneau\",\"sl\":\"agneau-jarret-non-calibre-cg-55194\",\"sn\":\"\",\"idxP\":45},{\"mq\":\"Famille Fontaine\",\"nm\":\"Veau hach\u00E9 maigre 454g\",\"nme\":\"Lean ground veal 454g\",\"attr\":\"\",\"sku\":\"55203\",\"l2\":\"Veau\",\"sl\":\"veau-hache-maigre-454g-famille-fontaine-55203\",\"sn\":\"\",\"idxP\":79},{\"nm\":\"Boeuf r\u00F4ti de c\u00F4te A+\",\"nme\":\"Beef roast A+\",\"attr\":\"\",\"sku\":\"51552\",\"l2\":\"Boeuf\",\"sl\":\"boeuf-roti-de-cote-a-51552\",\"sn\":\"oeufs\",\"idxP\":38},{\"nm\":\"Boeuf c\u00F4te RTS A+\",\"nme\":\"Beef ribs RTS A+\",\"attr\":\"\",\"sku\":\"52124\",\"l2\":\"Boeuf\",\"sl\":\"boeuf-cote-rts-a-52124\",\"sn\":\"\",\"idxP\":86},{\"mq\":\"Famille Fontaine\",\"nm\":\"Agneau hach\u00E9 maigre 375g\",\"nme\":\"Lean ground lamb 375g\",\"attr\":\"\",\"sku\":\"55202\",\"l2\":\"Agneau\",\"sl\":\"agneau-hache-maigre-375g-famille-fontaine-55202\",\"sn\":\"\",\"idxP\":17},{\"nm\":\"Boeuf faux filet non grad\u00E9\",\"nme\":\"Beef No Roll Rib Eye\",\"attr\":\"\",\"sku\":\"55195\",\"l2\":\"Boeuf\",\"sl\":\"boeuf-faux-filet-non-grade-55195\",\"sn\":\"oeufs\",\"idxP\":100},{\"nm\":\"Boeuf r\u00F4ti haut de surlonge AA\",\"nme\":\"Beef top sirloin roast\",\"attr\":\"\",\"sku\":\"50607\",\"l2\":\"Boeuf\",\"sl\":\"boeuf-roti-haut-de-surlonge-aa-50607\",\"sn\":\"\",\"idxP\":11},{\"nm\":\"Boeuf pour fondue chinoise 200g CG\",\"nme\":\"Beef Chinese Fondue 200g FZ\",\"attr\":\"\",\"sku\":\"53267\",\"l2\":\"Boeuf\",\"sl\":\"boeuf-pour-fondue-chinoise-200g-cg-53267\",\"sn\":\"oeufs\",\"idxP\":100},{\"mq\":\"Lac Brome\",\"nm\":\"Canard effiloch\u00E9 confit congel\u00E9 500g\",\"nme\":\"Frozen Shredded Duck Confit 500g\",\"attr\":\"\",\"sku\":\"55118\",\"l2\":\"Gibier\",\"sl\":\"canard-effiloche-confit-congele-500g-lac-brome-55118\",\"sn\":\"phyllo\",\"idxP\":3},{\"nm\":\"Poulet fondue chinoise 175g CG\",\"nme\":\"Chicken Chinese Fondue 175g FZ\",\"attr\":\"\",\"sku\":\"52044\",\"l2\":\"Volaille\",\"sl\":\"poulet-fondue-chinoise-175g-cg-52044\",\"sn\":\"\",\"idxP\":100},{\"nm\":\"Boeuf jarret coupe centre d\u00E9soss\u00E9\",\"nme\":\"Beef Boneless Center Cut Shank\",\"attr\":\"\",\"sku\":\"50755\",\"l2\":\"Boeuf\",\"sl\":\"boeuf-jarret-coupe-centre-desosse-50755\",\"sn\":\"oeufs\",\"idxP\":69},{\"nm\":\"Boeuf jarret tranch\u00E9\",\"nme\":\"Beef Shank Sliced\",\"attr\":\"\",\"sku\":\"50733\",\"l2\":\"Boeuf\",\"sl\":\"boeuf-jarret-tranche-50733\",\"sn\":\"oeufs\",\"idxP\":77},{\"nm\":\"Boeuf oeil de ronde AA\",\"nme\":\"Beef eye of round AA\",\"attr\":\"\",\"sku\":\"52912\",\"l2\":\"Boeuf\",\"sl\":\"boeuf-oeil-de-ronde-aa-52912\",\"sn\":\"oeufs\",\"idxP\":100},{\"nm\":\"Boeuf jarret coupe centre\",\"nme\":\"Beef shank center cut\",\"attr\":\"\",\"sku\":\"50753\",\"l2\":\"Boeuf\",\"sl\":\"boeuf-jarret-coupe-centre-50753\",\"sn\":\"oeufs\",\"idxP\":72},{\"mq\":\"VDC\",\"nm\":\"Poulet grain poitrine d\u00E9soss\u00E9e VDC\",\"nme\":\"Grain-Fed Chicken Boneless Breast VDC\",\"attr\":\"\",\"sku\":\"50351\",\"l2\":\"Volaille\",\"sl\":\"poulet-grain-poitrine-desossee-vdc-vdc-50351\",\"sn\":\"biologique\",\"idxP\":100},{\"mq\":\"Mayrand CHEF\",\"nm\":\"Porc burger sauc. italienne forte\",\"nme\":\"Pork Spicy Italian Burger\",\"attr\":\"\",\"sku\":\"55254\",\"l2\":\"Saucisse\",\"sl\":\"porc-burger-sauc.-italienne-forte-mayrand-chef-55254\",\"sn\":\"\",\"idxP\":34},{\"mq\":\"Mayrand CHEF\",\"nm\":\"Porc burger sauc. italienne douce\",\"nme\":\"Pork Mild Italian Burger\",\"attr\":\"\",\"sku\":\"55253\",\"l2\":\"Saucisse\",\"sl\":\"porc-burger-sauc.-italienne-douce-mayrand-chef-55253\",\"sn\":\"\",\"idxP\":54},{\"nm\":\"Boeuf bavette d\u00E9nud\u00E9e non grad\u00E9e\",\"nme\":\"Boeuf flap meat stripped no roll\",\"attr\":\"\",\"sku\":\"55258\",\"l2\":\"Boeuf\",\"sl\":\"boeuf-bavette-denudee-non-gradee-55258\",\"sn\":\"oeufs\",\"idxP\":88},{\"nm\":\"Boeuf haut de surlonge non grad\u00E9\",\"nme\":\"Beef no roll top butt\",\"attr\":\"\",\"sku\":\"55206\",\"l2\":\"Boeuf\",\"sl\":\"boeuf-haut-de-surlonge-non-grade-55206\",\"sn\":\"oeufs\",\"idxP\":55},{\"nm\":\"Boeuf bavette non grad\u00E9e\",\"nme\":\"Beef, no roll flap meat\",\"attr\":\"\",\"sku\":\"55205\",\"l2\":\"Boeuf\",\"sl\":\"boeuf-bavette-non-gradee-55205\",\"sn\":\"oeufs\",\"idxP\":100},{\"nm\":\"Boeuf bavette AAA\",\"nme\":\"Beef flap meat AAA\",\"attr\":\"\",\"sku\":\"50705\",\"l2\":\"Boeuf\",\"sl\":\"boeuf-bavette-aaa-50705\",\"sn\":\"oeufs\",\"idxP\":49},{\"nm\":\"Boeuf bift. haut surlonge non grad\u00E9\",\"nme\":\"Beef top sirloin steak no roll\",\"attr\":\"\",\"sku\":\"55259\",\"l2\":\"Boeuf\",\"sl\":\"boeuf-bift.-haut-surlonge-non-grade-55259\",\"sn\":\"steak, oeufs\",\"idxP\":58},{\"nm\":\"Boeuf os \u00E0 moelle coupe canot CG\",\"nme\":\"Beef marrow bone canoe cut FZ\",\"attr\":\"\",\"sku\":\"50195\",\"l2\":\"Boeuf\",\"sl\":\"boeuf-os-a-moelle-coupe-canot-cg-50195\",\"sn\":\"oeufs\",\"idxP\":58},{\"mq\":\"Skylark\",\"nm\":\"Veau portion foie CG\",\"nme\":\"Veal, Liver portion FZ\",\"attr\":\"\",\"sku\":\"52372\",\"l2\":\"Veau\",\"sl\":\"veau-portion-foie-cg-skylark-52372\",\"sn\":\"\",\"idxP\":-74},{\"mq\":\"Mayrand CHEF\",\"nm\":\"Kefta assaisonn\u00E9\",\"nme\":\"Seasoned Kefta\",\"attr\":\"\",\"sku\":\"52563\",\"l2\":\"Saucisse\",\"sl\":\"kefta-assaisonne-mayrand-chef-52563\",\"sn\":\"\",\"idxP\":65},{\"nm\":\"Boeuf r\u00F4ti haut surlonge non grad\u00E9\",\"nme\":\"Beef top sirloin roast no roll\",\"attr\":\"\",\"sku\":\"55260\",\"l2\":\"Boeuf\",\"sl\":\"boeuf-roti-haut-surlonge-non-grade-55260\",\"sn\":\"oeufs\",\"idxP\":75},{\"nm\":\"Boeuf bifteck faux-filet non grad\u00E9\",\"nme\":\"Beef Rib Eye No Roll Steak\",\"attr\":\"\",\"sku\":\"55222\",\"l2\":\"Boeuf\",\"sl\":\"boeuf-bifteck-faux-filet-non-grade-55222\",\"sn\":\"steak, oeufs\",\"idxP\":75},{\"nm\":\"Boeuf bout de c\u00F4te \u00E9pic\u00E9 AA\",\"nme\":\"Beef Short Ribs Spiced AA\",\"attr\":\"\",\"sku\":\"52024\",\"l2\":\"Boeuf\",\"sl\":\"boeuf-bout-de-cote-epice-aa-52024\",\"sn\":\"oeufs\",\"idxP\":0},{\"nm\":\"Boeuf bout de c\u00F4te tranch\u00E9 AA\",\"nme\":\"Beef Short Ribs Sliced AA\",\"attr\":\"\",\"sku\":\"52023\",\"l2\":\"Boeuf\",\"sl\":\"boeuf-bout-de-cote-tranche-aa-52023\",\"sn\":\"oeufs\",\"idxP\":33},{\"nm\":\"Boeuf picanha non grad\u00E9\",\"nme\":\"Beef Picanha no roll\",\"attr\":\"\",\"sku\":\"55555\",\"l2\":\"Boeuf\",\"sl\":\"boeuf-picanha-non-grade-55555\",\"sn\":\"oeufs\",\"idxP\":11},{\"mq\":\"La Fernandi\u00E8re\",\"nm\":\"Saucisse Italienne Forte\",\"nme\":\"Spicy Italian Sausages\",\"attr\":\"Aliment du Qu\u00E9bec, Produit local\",\"sku\":\"51134\",\"l2\":\"Saucisse\",\"sl\":\"saucisse-italienne-forte-la-fernandiere-51134\",\"sn\":\"\",\"idxP\":13},{\"mq\":\"La Fernandi\u00E8re\",\"nm\":\"Saucisse Italienne Douce\",\"nme\":\"Mild Italian Sausages\",\"attr\":\"\",\"sku\":\"51133\",\"l2\":\"Saucisse\",\"sl\":\"saucisse-italienne-douce-la-fernandiere-51133\",\"sn\":\"\",\"idxP\":9},{\"nm\":\"Boeuf r\u00F4ti faux filet non grad\u00E9\",\"nme\":\"Beef No Roll Rib Eye Roast\",\"attr\":\"\",\"sku\":\"55197\",\"l2\":\"Boeuf\",\"sl\":\"boeuf-roti-faux-filet-non-grade-55197\",\"sn\":\"oeufs\",\"idxP\":44},{\"mq\":\"La Fernandi\u00E8re\",\"nm\":\"Saucisse Merguez\",\"nme\":\"Merguez Sausages\",\"attr\":\"Aliment du Qu\u00E9bec, Produit local\",\"sku\":\"51135\",\"l2\":\"Saucisse\",\"sl\":\"saucisse-merguez-la-fernandiere-51135\",\"sn\":\"\",\"idxP\":25},{\"mq\":\"1855\",\"nm\":\"Boeuf macreuse 1855\",\"nme\":\"Beef flat iron 1855\",\"attr\":\"\",\"sku\":\"53292\",\"l2\":\"Boeuf\",\"sl\":\"boeuf-macreuse-1855-1855-53292\",\"sn\":\"oeufs\",\"idxP\":95},{\"mq\":\"La Fernandi\u00E8re\",\"nm\":\"Saucisse Italienne Douce \\\/ Allemande\",\"nme\":\"Mild Italian \\\/ German Sausages\",\"attr\":\"\",\"sku\":\"51130\",\"l2\":\"Saucisse\",\"sl\":\"saucisse-italienne-douce-allemande-la-fernandiere-51130\",\"sn\":\"\",\"idxP\":13},{\"nm\":\"Boeuf r\u00F4ti pointe surlonge A+\",\"nme\":\"Beef sirloin tip roast (knuckle) A+\",\"attr\":\"\",\"sku\":\"55569\",\"l2\":\"Boeuf\",\"sl\":\"boeuf-roti-pointe-surlonge-a-55569\",\"sn\":\"oeufs\",\"idxP\":10},{\"mq\":\"1855\",\"nm\":\"Boeuf onglet 1855\",\"nme\":\"Beef hanging tender 1855\",\"attr\":\"\",\"sku\":\"50630\",\"l2\":\"Boeuf\",\"sl\":\"boeuf-onglet-1855-1855-50630\",\"sn\":\"oeufs\",\"idxP\":85},{\"mq\":\"1855\",\"nm\":\"Boeuf filet 1855\",\"nme\":\"Beef tenderloin 1855\",\"attr\":\"\",\"sku\":\"52275\",\"l2\":\"Boeuf\",\"sl\":\"boeuf-filet-1855-1855-52275\",\"sn\":\"oeufs\",\"idxP\":63},{\"nm\":\"Poulet g\u00E9sier\",\"nme\":\"Chicken Gizzard\",\"attr\":\"\",\"sku\":\"50496\",\"l2\":\"Volaille\",\"sl\":\"poulet-gesier-50496\",\"sn\":\"\",\"idxP\":72},{\"mq\":\"VDC\",\"nm\":\"Poulet sans antibiotiques +2kg VDC\",\"nme\":\"Antibiotic Free Chicken +2kgVDC\",\"attr\":\"\",\"sku\":\"52415\",\"l2\":\"Volaille\",\"sl\":\"poulet-sans-antibiotiques-2kg-vdc-vdc-52415\",\"sn\":\"biologique\",\"idxP\":92},{\"mq\":\"VDC\",\"nm\":\"Poulet petit 2kg VDC\",\"nme\":\"Chicken, small 2kg VDC\",\"attr\":\"\",\"sku\":\"50403\",\"l2\":\"Volaille\",\"sl\":\"poulet-petit-2kg-vdc-vdc-50403\",\"sn\":\"\",\"idxP\":100},{\"nm\":\"Porc filet x2 Olymel COV FR\",\"nme\":\"Pork Tenderloin x2 Olymel COV FR\",\"attr\":\"Produit local\",\"sku\":\"56623\",\"l2\":\"Porc\",\"sl\":\"porc-filet-x2-olymel-cov-fr-olymel-56623\",\"sn\":\"\",\"idxP\":100},{\"mq\":\"Olymel\",\"nm\":\"Porc c\u00F4te de dos Olymel COV FR\",\"nme\":\"Pork Back Ribs Olymel COV FR\",\"attr\":\"\",\"sku\":\"56621\",\"l2\":\"Porc\",\"sl\":\"porc-cote-de-dos-olymel-cov-fr-olymel-56621\",\"sn\":\"\",\"idxP\":88},{\"nm\":\"Porc c\u00F4te de flanc St-Louis Olymel COV FR\",\"nme\":\"Pork Side Spare Ribs St-Louis Olymel COV FR\",\"attr\":\"\",\"sku\":\"56626\",\"l2\":\"Porc\",\"sl\":\"porc-cote-de-flanc-st-louis-olymel-cov-fr-olymel-56626\",\"sn\":\"\",\"idxP\":100},{\"nm\":\"Porc demi flanc d\u00E9couenn\u00E9 Olymel COV\",\"nme\":\"Pork Boneless Skinless Belly Olymel COV\",\"attr\":\"\",\"sku\":\"55624\",\"l2\":\"Porc\",\"sl\":\"porc-demi-flanc-decouenne-olymel-cov-olymel-55624\",\"sn\":\"\",\"idxP\":100},{\"mq\":\"Olymel\",\"nm\":\"Porc \u00E9paule soc d\u00E9soss\u00E9 Olymel COV FR\",\"nme\":\"Pork Shoulder Butt Boneless Olymel COV FR\",\"attr\":\"Aliment du Qu\u00E9bec, Produit local\",\"sku\":\"56622\",\"l2\":\"Porc\",\"sl\":\"porc-epaule-soc-desosse-olymel-cov-fr-olymel-56622\",\"sn\":\"\",\"idxP\":100},{\"mq\":\"Ferme Voltigeurs\",\"nm\":\"Poulet de grain 2 cuisses confites FR\",\"nme\":\"Chicken 2 Confit Grain-Fed Legs FR\",\"attr\":\"\",\"sku\":\"56627\",\"l2\":\"Volaille\",\"sl\":\"poulet-de-grain-2-cuisses-confites-fr-ferme-voltigeurs-56627\",\"sn\":\"\",\"idxP\":35},{\"mq\":\"VDC\",\"nm\":\"Poulet grain ailes VDC\",\"nme\":\"Chicken, Grain-fed wings VDC\",\"attr\":\"\",\"sku\":\"50315\",\"l2\":\"Volaille\",\"sl\":\"poulet-grain-ailes-vdc-vdc-50315\",\"sn\":\"\",\"idxP\":100},{\"mq\":\"Olymel\",\"nm\":\"Porc longe portion d\u00E9soss\u00E9e Olymel COV FR\",\"nme\":\"Pork loin Boneless Olymel COV FR\",\"attr\":\"Produit local\",\"sku\":\"56625\",\"l2\":\"Porc\",\"sl\":\"porc-longe-portion-desossee-olymel-cov-fr-olymel-56625\",\"sn\":\"\",\"idxP\":86},{\"nm\":\"Veau hach\u00E9 maigre\",\"nme\":\"Lean Ground Veal\",\"attr\":\"\",\"sku\":\"52237\",\"l2\":\"Veau\",\"sl\":\"veau-hache-maigre-52237\",\"sn\":\"\",\"idxP\":71},{\"nm\":\"Porc hach\u00E9 mi-maigre\",\"nme\":\"Medium Ground Pork\",\"attr\":\"\",\"sku\":\"52333\",\"l2\":\"Porc\",\"sl\":\"porc-hache-mi-maigre-52333\",\"sn\":\"\",\"idxP\":44},{\"mq\":\"VDC\",\"nm\":\"Poulet -2kg VDC\",\"nme\":\"Chicken -2kg VDC\",\"attr\":\"\",\"sku\":\"56630\",\"l2\":\"Volaille\",\"sl\":\"poulet-2kg-vdc-vdc-56630\",\"sn\":\"\",\"idxP\":0},{\"mq\":\"Famille Fontaine\",\"nm\":\"Veau bifteck de flanc assaisonn\u00E9\",\"nme\":\"Veal Seasoned Flank Steak\",\"attr\":\"\",\"sku\":\"56634\",\"l2\":\"Veau\",\"sl\":\"veau-bifteck-de-flanc-assaisonne-famille-fontaine-56634\",\"sn\":\"steak\",\"idxP\":0},{\"mq\":\"Famille Fontaine\",\"nm\":\"Veau bavette assaisonn\u00E9e\",\"nme\":\"Veal Seasoned Flap Steak\",\"attr\":\"\",\"sku\":\"56635\",\"l2\":\"Veau\",\"sl\":\"veau-bavette-assaisonnee-famille-fontaine-56635\",\"sn\":\"\",\"idxP\":0},{\"nm\":\"Boeuf filet 2x10x180\\\/195g CG\",\"nme\":\"Beef Tenderloin 2x10x180\\\/195g FZ\",\"attr\":\"\",\"sku\":\"52258\",\"l2\":\"Boeuf\",\"sl\":\"boeuf-filet-2x10x180195g-cg-52258\",\"sn\":\"oeufs\",\"idxP\":36},{\"nm\":\"Poulet haut cuisse a\\\/dos\",\"nme\":\"Chicken Thigh w\\\/back\",\"attr\":\"\",\"sku\":\"50435\",\"l2\":\"Volaille\",\"sl\":\"poulet-haut-cuisse-ados-50435\",\"sn\":\"\",\"idxP\":22},{\"mq\":\"Butterball\",\"nm\":\"Poitrine de dinde d\u00E9soss\u00E9e congel\u00E9e\",\"nme\":\"Frozen Boneless Turkey Beast\",\"attr\":\"\",\"sku\":\"50828\",\"l2\":\"Volaille\",\"sl\":\"poitrine-de-dinde-desossee-congelee-butterball-50828\",\"sn\":\"\",\"idxP\":3},{\"nm\":\"Agneau carr\u00E9 fran\u00E7ais 18\\\/20 nz CG\",\"nme\":\"Lamb French Rack 18\\\/20 nz FZ\",\"attr\":\"\",\"sku\":\"50841\",\"l2\":\"Agneau\",\"sl\":\"agneau-carre-francais-1820-nz-cg-50841\",\"sn\":\"\",\"idxP\":43},{\"nm\":\"Boeuf bifteck pointe surlonge A+\",\"nme\":\"Beef sirloin tip (knuckle) Steak A+\",\"attr\":\"\",\"sku\":\"56628\",\"l2\":\"Boeuf\",\"sl\":\"boeuf-bifteck-pointe-surlonge-a-56628\",\"sn\":\"steak\",\"idxP\":31},{\"nm\":\"Porc bajoue\",\"nme\":\"Pork Jowl\",\"attr\":\"\",\"sku\":\"52050\",\"l2\":\"Porc\",\"sl\":\"porc-bajoue-52050\",\"sn\":\"\",\"idxP\":100},{\"nm\":\"Boeuf bifteck macreuse AA d\u00E9nud\u00E9\",\"nme\":\"Beef Stripped AA Flat Iron Steak\",\"attr\":\"\",\"sku\":\"50851\",\"l2\":\"Boeuf\",\"sl\":\"boeuf-bifteck-macreuse-aa-denude-50851\",\"sn\":\"steak, oeufs\",\"idxP\":69},{\"nm\":\"Boeuf bavette marin\u00E9e\",\"nme\":\"Beef Seasonned Flap\",\"attr\":\"\",\"sku\":\"50706\",\"l2\":\"Boeuf\",\"sl\":\"boeuf-bavette-marinee-50706\",\"sn\":\"oeufs\",\"idxP\":68},{\"nm\":\"Poulet tournedos marin\u00E9\",\"nme\":\"Chicken tournedos marinated\",\"attr\":\"\",\"sku\":\"50411\",\"l2\":\"Volaille\",\"sl\":\"poulet-tournedos-marine-50411\",\"sn\":\"\",\"idxP\":11},{\"nm\":\"Poulet tournedos nature\",\"nme\":\"Chicken Tournedos\",\"attr\":\"\",\"sku\":\"50430\",\"l2\":\"Volaille\",\"sl\":\"poulet-tournedos-nature-50430\",\"sn\":\"\",\"idxP\":24},{\"mq\":\"VDC\",\"nm\":\"Dinde 5\\\/7 cat.A\",\"nme\":\"Turkey 5\\\/7 A Grade\",\"attr\":\"\",\"sku\":\"55174\",\"l2\":\"Volaille\",\"sl\":\"dinde-57-cat.a-vdc-55174\",\"sn\":\"\",\"idxP\":21},{\"mq\":\"VDC\",\"nm\":\"Poulet poitrine avec dos VDC\",\"nme\":\"Chicken Breast with Back VDC\",\"attr\":\"\",\"sku\":\"50599\",\"l2\":\"Volaille\",\"sl\":\"poulet-poitrine-avec-dos-vdc-vdc-50599\",\"sn\":\"\",\"idxP\":36},{\"nm\":\"Boeuf picanha FR\",\"nme\":\"Beef Picanha FR\",\"attr\":\"\",\"sku\":\"57744\",\"l2\":\"Boeuf\",\"sl\":\"boeuf-picanha-fr-57744\",\"sn\":\"oeufs\",\"idxP\":47},{\"nm\":\"Boeuf filet d\u00E9nud\u00E9 non grad\u00E9\",\"nme\":\"Beef skinless no roll tenderloin\",\"attr\":\"\",\"sku\":\"53253\",\"l2\":\"Boeuf\",\"sl\":\"boeuf-filet-denude-non-grade-53253\",\"sn\":\"oeufs\",\"idxP\":88},{\"mq\":\"1855\",\"nm\":\"Boeuf filet d\u00E9nud\u00E9 1855\",\"nme\":\"Beef stripped tenderloin 1855\",\"attr\":\"\",\"sku\":\"57915\",\"l2\":\"Boeuf\",\"sl\":\"boeuf-filet-denude-1855-1855-57915\",\"sn\":\"oeufs\",\"idxP\":0},{\"mq\":\"Olymel\",\"nm\":\"Porc \u00E9paule picnic d\u00E9soss\u00E9e CG\",\"nme\":\"Pork Boneless Picnic Shoulder FZ\",\"attr\":\"\",\"sku\":\"56307\",\"l2\":\"Porc\",\"sl\":\"porc-epaule-picnic-desossee-cg-olymel-56307\",\"sn\":\"\",\"idxP\":33},{\"nm\":\"Poulet poitrine avec dos F\\\/E\",\"nme\":\"Chicken Breast with Back\",\"attr\":\"\",\"sku\":\"50407\",\"l2\":\"Volaille\",\"sl\":\"poulet-poitrine-avec-dos-fe-50407\",\"sn\":\"\",\"idxP\":-4},{\"mq\":\"1855\",\"nm\":\"Boeuf bout de c\u00F4te \u00E9paule 1855\",\"nme\":\"1855 Beef short ribs\",\"attr\":\"\",\"sku\":\"67563\",\"l2\":\"Boeuf\",\"sl\":\"boeuf-bout-de-cote-epaule-1855-1855-67563\",\"sn\":\"oeufs\",\"idxP\":5},{\"nm\":\"Poulet pilon marin\u00E9\",\"nme\":\"Chicken marinated Drumsticks\",\"attr\":\"\",\"sku\":\"51416\",\"l2\":\"Volaille\",\"sl\":\"poulet-pilon-marine-51416\",\"sn\":\"\",\"idxP\":70},{\"mq\":\"VDC\",\"nm\":\"Poulet grain pilon VDC\",\"nme\":\"Chicken, Grain-fed drumstick VDC\",\"attr\":\"\",\"sku\":\"50314\",\"l2\":\"Volaille\",\"sl\":\"poulet-grain-pilon-vdc-vdc-50314\",\"sn\":\"\",\"idxP\":100},{\"mq\":\"VDC\",\"nm\":\"Poulet gr cuisse VDC\",\"nme\":\"Chicken, big thigh VDC\",\"attr\":\"\",\"sku\":\"50349\",\"l2\":\"Volaille\",\"sl\":\"poulet-gr-cuisse-vdc-vdc-50349\",\"sn\":\"\",\"idxP\":100},{\"mq\":\"Nagano\",\"nm\":\"Porc jarret style marteau de Thor\",\"nme\":\"Thor Hammer Style Pork Shank\",\"attr\":\"\",\"sku\":\"11502\",\"l2\":\"Porc\",\"sl\":\"porc-jarret-style-marteau-de-thor-nagano-11502\",\"sn\":\"\",\"idxP\":1},{\"nm\":\"Porc grillade nature\",\"nme\":\"Pork Grilled Plain\",\"attr\":\"\",\"sku\":\"53341\",\"l2\":\"Porc\",\"sl\":\"porc-grillade-nature-53341\",\"sn\":\"\",\"idxP\":53},{\"nm\":\"Agneau gigot d'Australie, d\u00E9soss\u00E9 CG\",\"nme\":\"Lamb,Boneless Leg from Australia FZ\",\"attr\":\"\",\"sku\":\"50854\",\"l2\":\"Agneau\",\"sl\":\"agneau-gigot-daustralie-desosse-cg-50854\",\"sn\":\"\",\"idxP\":4},{\"mq\":\"Nagano\",\"nm\":\"Porc hach\u00E9 Nagano\",\"nme\":\"Nagano Ground Pork\",\"attr\":\"\",\"sku\":\"11673\",\"l2\":\"Porc\",\"sl\":\"porc-hache-nagano-nagano-11673\",\"sn\":\"\",\"idxP\":0},{\"mq\":\"Viande Richelieu\",\"nm\":\"Cheval hach\u00E9 extra-maigre congel\u00E9\",\"nme\":\"Frozen Extra Lean Horse Ground Meat\",\"attr\":\"\",\"sku\":\"11697\",\"l2\":\"Gibier\",\"sl\":\"cheval-hache-extra-maigre-congele-viande-richelieu-11697\",\"sn\":\"\",\"idxP\":6},{\"mq\":\"Famille Fontaine\",\"nm\":\"Veau c\u00F4te h\u00F4tel vieillie CG\",\"nme\":\"Aged Veal Chop FZ\",\"attr\":\"\",\"sku\":\"11836\",\"l2\":\"Veau\",\"sl\":\"veau-cote-hotel-vieillie-cg-famille-fontaine-11836\",\"sn\":\"\",\"idxP\":8},{\"nm\":\"Porc surlonge d\u00E9soss\u00E9e CG\",\"nme\":\"Pork Boneless Buckeye FZ\",\"attr\":\"\",\"sku\":\"11835\",\"l2\":\"Porc\",\"sl\":\"porc-surlonge-desossee-cg-11835\",\"sn\":\"\",\"idxP\":7},{\"mq\":\"1855\",\"nm\":\"Boeuf haut de surlonge 1855 CG\",\"nme\":\"Beef top butt 1855 FZ\",\"attr\":\"\",\"sku\":\"11946\",\"l2\":\"Boeuf\",\"sl\":\"boeuf-haut-de-surlonge-1855-cg-1855-11946\",\"sn\":\"oeufs\",\"idxP\":8},{\"nm\":\"Porc jarret caisse CG\",\"nme\":\"Pork HockFZ\",\"attr\":\"\",\"sku\":\"68152\",\"l2\":\"Porc\",\"sl\":\"porc-jarret-caisse-cg-68152\",\"sn\":\"\",\"idxP\":33},{\"mq\":\"Famille Fontaine\",\"nm\":\"Veau Kefta\",\"nme\":\"Veal Kefta\",\"attr\":\"\",\"sku\":\"12150\",\"l2\":\"Veau\",\"sl\":\"veau-kefta-famille-fontaine-12150\",\"sn\":\"\",\"idxP\":2},{\"mq\":\"Famille Fontaine\",\"nm\":\"Veau boulettes assaisonn\u00E9es\",\"nme\":\"Seasoned Veal Meatballs\",\"attr\":\"\",\"sku\":\"12149\",\"l2\":\"Veau\",\"sl\":\"veau-boulettes-assaisonnees-famille-fontaine-12149\",\"sn\":\"\",\"idxP\":1},{\"mq\":\"VDC\",\"nm\":\"Dinde enti\u00E8re biologique\",\"nme\":\"Organic Whole Turkey\",\"attr\":\"\",\"sku\":\"12136\",\"l2\":\"Volaille\",\"sl\":\"dinde-entiere-biologique-vdc-12136\",\"sn\":\"biologique, bio, organic, organique\",\"idxP\":0},{\"nm\":\"Agneau gigot avec os NZ CG\",\"nme\":\"Lamb leg with bone NZ FZ\",\"attr\":\"\",\"sku\":\"38125\",\"l2\":\"Agneau\",\"sl\":\"agneau-gigot-avec-os-nz-cg-38125\",\"sn\":\"\",\"idxP\":70},{\"mq\":\"Olymel\",\"nm\":\"Porc c\u00F4te de flanc St-Louis Olymel COV CG\",\"nme\":\"Pork Side Spare Ribs St-Louis Olymel COV CG\",\"attr\":\"\",\"sku\":\"12333\",\"l2\":\"Porc\",\"sl\":\"porc-cote-de-flanc-st-louis-olymel-cov-cg-olymel-12333\",\"sn\":\"\",\"idxP\":0}], [{\"mq\":\"VDC\",\"nm\":\"Poulet ailes douces\",\"nme\":\"Mild Chicken Wings\",\"attr\":\"\",\"sku\":\"51414\",\"l2\":\"Volaille\",\"sl\":\"poulet-ailes-douces-vdc-51414\",\"sn\":\"\",\"idxP\":5},{\"mq\":\"VDC\",\"nm\":\"Saucisse au poulet italienne\",\"nme\":\"Italian Chicken Sausage\",\"attr\":\"\",\"sku\":\"51423\",\"l2\":\"Saucisse\",\"sl\":\"saucisse-au-poulet-italienne-vdc-51423\",\"sn\":\"\",\"idxP\":0},{\"mq\":\"VDC\",\"nm\":\"Saucisse au poulet portugaise\",\"nme\":\"Portuguese Chicken Sausage\",\"attr\":\"\",\"sku\":\"51426\",\"l2\":\"Saucisse\",\"sl\":\"saucisse-au-poulet-portugaise-vdc-51426\",\"sn\":\"\",\"idxP\":0},{\"mq\":\"VDC\",\"nm\":\"Poulet ailes fortes\",\"nme\":\"Spicy Chicken Wings\",\"attr\":\"\",\"sku\":\"51421\",\"l2\":\"Volaille\",\"sl\":\"poulet-ailes-fortes-vdc-51421\",\"sn\":\"\",\"idxP\":6},{\"mq\":\"VDC\",\"nm\":\"Saucisse au poulet nature\",\"nme\":\"Plain Chicken Sausage\",\"attr\":\"\",\"sku\":\"51427\",\"l2\":\"Saucisse\",\"sl\":\"saucisse-au-poulet-nature-vdc-51427\",\"sn\":\"\",\"idxP\":0},{\"mq\":\"VDC\",\"nm\":\"Saucisse au poulet tomate et basilic\",\"nme\":\"Tomato Basil Chicken Sausage\",\"attr\":\"\",\"sku\":\"51424\",\"l2\":\"Saucisse\",\"sl\":\"saucisse-au-poulet-tomate-et-basilic-vdc-51424\",\"sn\":\"tomates\",\"idxP\":0},{\"mq\":\"VDC\",\"nm\":\"Saucisse au poulet fines herbes\",\"nme\":\"Herbs Chicken Sausage\",\"attr\":\"\",\"sku\":\"51425\",\"l2\":\"Saucisse\",\"sl\":\"saucisse-au-poulet-fines-herbes-vdc-51425\",\"sn\":\"\",\"idxP\":0},{\"mq\":\"VDC\",\"nm\":\"Saucisse au poulet pour d\u00E9jeuner\",\"nme\":\"Chicken Breakfast Sausage\",\"attr\":\"\",\"sku\":\"51422\",\"l2\":\"Saucisse\",\"sl\":\"saucisse-au-poulet-pour-dejeuner-vdc-51422\",\"sn\":\"\",\"idxP\":0},{\"mq\":\"VDC\",\"nm\":\"Poulet hach\u00E9\",\"nme\":\"Ground Chicken\",\"attr\":\"\",\"sku\":\"51428\",\"l2\":\"Volaille\",\"sl\":\"poulet-hache-vdc-51428\",\"sn\":\"\",\"idxP\":0},{\"mq\":\"Roma\",\"nm\":\"Saucisse burger\",\"nme\":\"Burger Sausage\",\"attr\":\"\",\"sku\":\"23294\",\"l2\":\"Saucisse\",\"sl\":\"saucisse-burger-23294\",\"sn\":\"\",\"idxP\":8},{\"mq\":\"Roma\",\"nm\":\"Saucisse merguez\",\"nme\":\"Merguez Sausage\",\"attr\":\"\",\"sku\":\"29495\",\"l2\":\"Saucisse\",\"sl\":\"saucisse-merguez-29495\",\"sn\":\"\",\"idxP\":4},{\"mq\":\"Roma\",\"nm\":\"Saucisse italienne douce\",\"nme\":\"Mild Italian Sausage\",\"attr\":\"\",\"sku\":\"32731\",\"l2\":\"Saucisse\",\"sl\":\"saucisse-italienne-douce-roma-32731\",\"sn\":\"\",\"idxP\":4},{\"mq\":\"Mayrand CHEF\",\"nm\":\"Saucisse merguez\",\"nme\":\"Merguez Sausage\",\"attr\":\"\",\"sku\":\"12570\",\"l2\":\"Saucisse\",\"sl\":\"saucisse-merguez-12570\",\"sn\":\"\",\"idxP\":0},{\"mq\":\"Mayrand CHEF\",\"nm\":\"Saucisse italienne forte\",\"nme\":\"Hot Italian Sausage\",\"attr\":\"\",\"sku\":\"12571\",\"l2\":\"Saucisse\",\"sl\":\"saucisse-italienne-forte-12571\",\"sn\":\"\",\"idxP\":0},{\"mq\":\"Mayrand CHEF\",\"nm\":\"Saucisse italienne douce\",\"nme\":\"Mild Italian Sausage\",\"attr\":\"\",\"sku\":\"12572\",\"l2\":\"Saucisse\",\"sl\":\"saucisse-italienne-douce-12572\",\"sn\":\"\",\"idxP\":1},{\"mq\":\"Mayrand CHEF\",\"nm\":\"Saucisse chorizo\",\"nme\":\"Chorizo Sausage\",\"attr\":\"\",\"sku\":\"12573\",\"l2\":\"Saucisse\",\"sl\":\"saucisse-chorizo-12573\",\"sn\":\"\",\"idxP\":1},{\"mq\":\"Mayrand CHEF\",\"nm\":\"Saucisse portugaise\",\"nme\":\"Portuguese Sausage\",\"attr\":\"\",\"sku\":\"12574\",\"l2\":\"Saucisse\",\"sl\":\"saucisse-portugaise-12574\",\"sn\":\"\",\"idxP\":15},{\"mq\":\"Mayrand CHEF\",\"nm\":\"Saucisse chair italienne forte\",\"nme\":\"Hot Italian Sausage Meat\",\"attr\":\"\",\"sku\":\"12575\",\"l2\":\"Saucisse\",\"sl\":\"saucisse-chair-italienne-forte-12575\",\"sn\":\"\",\"idxP\":6},{\"mq\":\"Mayrand CHEF\",\"nm\":\"Saucisse bacon fromage\",\"nme\":\"Bacon Cheese Sausage\",\"attr\":\"\",\"sku\":\"12576\",\"l2\":\"Saucisse\",\"sl\":\"saucisse-bacon-fromage-12576\",\"sn\":\"fromages\",\"idxP\":0},{\"mq\":\"Mayrand CHEF\",\"nm\":\"Saucisse chair italienne douce\",\"nme\":\"Mild Italian Sausage Meat\",\"attr\":\"\",\"sku\":\"12577\",\"l2\":\"Saucisse\",\"sl\":\"saucisse-chair-italienne-douce-12577\",\"sn\":\"\",\"idxP\":14},{\"nm\":\"Galette de boeuf hach\u00E9 maigre\",\"nme\":\"Lean Ground Beef Patty\",\"attr\":\"\",\"sku\":\"12613\",\"l2\":\"Boeuf\",\"sl\":\"galette-de-boeuf-hache-maigre-12613\",\"sn\":\"oeufs\",\"idxP\":0},{\"nm\":\"Galette de porc hach\u00E9 maigre\",\"nme\":\"Lean Ground Pork Patty\",\"attr\":\"\",\"sku\":\"12614\",\"l2\":\"Porc\",\"sl\":\"galette-de-porc-hache-maigre-12614\",\"sn\":\"\",\"idxP\":0},{\"mq\":\"Mayrand CHEF\",\"nm\":\"Saucisse italienne forte CG\",\"nme\":\"Hot Italian Sausage FZ\",\"attr\":\"\",\"sku\":\"12647\",\"l2\":\"Saucisse\",\"sl\":\"saucisse-italienne-forte-cg-12647\",\"sn\":\"\",\"idxP\":11},{\"mq\":\"Mayrand CHEF\",\"nm\":\"Saucisse italienne douce CG\",\"nme\":\"Mild Italian Sausage FZ\",\"attr\":\"\",\"sku\":\"12648\",\"l2\":\"Saucisse\",\"sl\":\"saucisse-italienne-douce-cg-12648\",\"sn\":\"\",\"idxP\":2},{\"mq\":\"Mayrand CHEF\",\"nm\":\"Saucisse chair italienne forte CG\",\"nme\":\"Hot Italian Sausage Meat FZ\",\"attr\":\"\",\"sku\":\"12651\",\"l2\":\"Saucisse\",\"sl\":\"saucisse-chair-italienne-forte-cg-12651\",\"sn\":\"\",\"idxP\":4},{\"mq\":\"Mayrand CHEF\",\"nm\":\"Saucisse bacon fromage CG\",\"nme\":\"Bacon Cheese Sausage FZ\",\"attr\":\"\",\"sku\":\"12652\",\"l2\":\"Saucisse\",\"sl\":\"saucisse-bacon-fromage-cg-12652\",\"sn\":\"fromages\",\"idxP\":2},{\"mq\":\"Mayrand CHEF\",\"nm\":\"Saucisse chair italienne douce CG\",\"nme\":\"Mild Italian Sausage Meat FZ\",\"attr\":\"\",\"sku\":\"12653\",\"l2\":\"Saucisse\",\"sl\":\"saucisse-chair-italienne-douce-cg-12653\",\"sn\":\"\",\"idxP\":1},{\"nm\":\"Galette de boeuf hach\u00E9 mi-maigre\",\"nme\":\"Medium Lean Ground Beef Patty\",\"attr\":\"\",\"sku\":\"52262\",\"l2\":\"Boeuf\",\"sl\":\"galette-de-boeuf-hache-mi-maigre-52262\",\"sn\":\"oeufs\",\"idxP\":0},{\"nm\":\"Boeuf bifteck de c\u00F4te AA coupe Cowboy\",\"nme\":\"Beef rib Steak AA Cowboy\",\"attr\":\"\",\"sku\":\"50566\",\"l2\":\"Boeuf\",\"sl\":\"boeuf-bifteck-de-cote-aa-coupe-cowboy-50566\",\"sn\":\"steak, oeufs\",\"idxP\":0},{\"mq\":\"Viandes Lauzon\",\"nm\":\"Boeuf hach\u00E9 extra-maigre\",\"nme\":\"Extra Lean Ground Beef\",\"attr\":\"\",\"sku\":\"13032\",\"l2\":\"Boeuf\",\"sl\":\"boeuf-hache-extra-maigre-13032\",\"sn\":\"oeufs\",\"idxP\":0},{\"mq\":\"Viandes Lauzon\",\"nm\":\"Boeuf hach\u00E9 maigre\",\"nme\":\"Lean Ground Beef\",\"attr\":\"\",\"sku\":\"13034\",\"l2\":\"Boeuf\",\"sl\":\"boeuf-hache-maigre-13034\",\"sn\":\"oeufs\",\"idxP\":0},{\"mq\":\"Viandes Lauzon\",\"nm\":\"Boeuf hach\u00E9 mi-maigre\",\"nme\":\"Medium Lean Ground Beef\",\"attr\":\"\",\"sku\":\"13035\",\"l2\":\"Boeuf\",\"sl\":\"boeuf-hache-mi-maigre-13035\",\"sn\":\"oeufs\",\"idxP\":0},{\"mq\":\"Viandes Lauzon\",\"nm\":\"Porc hach\u00E9 mi-maigre\",\"nme\":\"Medium Lean Ground Pork\",\"attr\":\"\",\"sku\":\"13036\",\"l2\":\"Porc\",\"sl\":\"porc-hache-mi-maigre-13036\",\"sn\":\"\",\"idxP\":0},{\"mq\":\"Viandes Lauzon\",\"nm\":\"Veau hach\u00E9 extra-maigre\",\"nme\":\"Extra Lean Ground Veal\",\"attr\":\"\",\"sku\":\"13037\",\"l2\":\"Veau\",\"sl\":\"veau-hache-extra-maigre-13037\",\"sn\":\"\",\"idxP\":0},{\"nm\":\"Porc c\u00F4te de dos FR\",\"nme\":\"Pork baby back ribs FR\",\"attr\":\"\",\"sku\":\"50230\",\"l2\":\"Porc\",\"sl\":\"porc-cote-de-dos-fr-50230\",\"sn\":\"\",\"idxP\":30},{\"mq\":\"Olymel\",\"nm\":\"Poulet brochette shish taouk\",\"nme\":\"Shish Taouk Chicken Skewer\",\"attr\":\"\",\"sku\":\"56003\",\"l2\":\"Volaille\",\"sl\":\"poulet-brochette-shish-taouk-56003\",\"sn\":\"\",\"idxP\":0},{\"mq\":\"Olymel\",\"nm\":\"Poulet pilon piri piri\",\"nme\":\"Piri Piri Chicken Drumstick\",\"attr\":\"\",\"sku\":\"56004\",\"l2\":\"Volaille\",\"sl\":\"poulet-pilon-piri-piri-56004\",\"sn\":\"\",\"idxP\":0},{\"mq\":\"Olymel\",\"nm\":\"Dindon poitrine fum\u00E9e \u00E9rable\",\"nme\":\"Maple Smoked Turkey Breast\",\"attr\":\"\",\"sku\":\"56005\",\"l2\":\"Volaille\",\"sl\":\"dindon-poitrine-fumee-erable-56005\",\"sn\":\"\",\"idxP\":0},{\"mq\":\"Olymel\",\"nm\":\"Poulet poitrine Toscane\",\"nme\":\"Tuscan Chicken Breast\",\"attr\":\"\",\"sku\":\"56006\",\"l2\":\"Volaille\",\"sl\":\"poulet-poitrine-toscane-56006\",\"sn\":\"\",\"idxP\":0},{\"mq\":\"Olymel\",\"nm\":\"Poulet cuisse BBQ\",\"nme\":\"BBQ Chicken Thigh\",\"attr\":\"\",\"sku\":\"56014\",\"l2\":\"Volaille\",\"sl\":\"poulet-cuisse-bbq-56014\",\"sn\":\"\",\"idxP\":0},{\"mq\":\"Olymel\",\"nm\":\"Poulet aile marin\u00E9e BBQ\",\"nme\":\"BBQ Marinated Chicken Wing\",\"attr\":\"\",\"sku\":\"56015\",\"l2\":\"Volaille\",\"sl\":\"poulet-aile-marinee-bbq-56015\",\"sn\":\"\",\"idxP\":0},{\"mq\":\"Olymel\",\"nm\":\"Porc filet miel ail\",\"nme\":\"Honey Garlic Pork Tenderloin\",\"attr\":\"\",\"sku\":\"56016\",\"l2\":\"Porc\",\"sl\":\"porc-filet-miel-ail-56016\",\"sn\":\"\",\"idxP\":0},{\"mq\":\"Olymel\",\"nm\":\"Porc filet COV\",\"nme\":\"COV Pork Tenderloin\",\"attr\":\"\",\"sku\":\"56027\",\"l2\":\"Porc\",\"sl\":\"porc-filet-cov-56027\",\"sn\":\"\",\"idxP\":0},{\"mq\":\"Pierette\",\"nm\":\"Dinde A 5 \u00E0 7 kg\",\"nme\":\"A Turkey 5 to 7kg\",\"attr\":\"\",\"sku\":\"53249\",\"l2\":\"Volaille\",\"sl\":\"dinde-a-5-a-7-kg-53249\",\"sn\":\"\",\"idxP\":0},{\"nm\":\"Veau de grain escalope\",\"nme\":\"Grain feed veal Scalop\",\"attr\":\"\",\"sku\":\"52905\",\"l2\":\"Veau\",\"sl\":\"veau-de-grain-escalope-52905\",\"sn\":\"\",\"idxP\":2},{\"mq\":\"Butcher Selection\",\"nm\":\"C\u00F4te dos porc\",\"nme\":\"Pork Back Ribs\",\"attr\":\"\",\"sku\":\"13204\",\"l2\":\"Porc\",\"sl\":\"cote-dos-porc-13204\",\"sn\":\"\",\"idxP\":0},{\"mq\":\"VDC\",\"nm\":\"Poulet haut cuisse d\u00E9soss\u00E9 par\u00E9 VDC\",\"nme\":\"Chicken, thigh boneless full trim VDC\",\"attr\":\"\",\"sku\":\"50437\",\"l2\":\"Volaille\",\"sl\":\"poulet-haut-cuisse-desosse-pare-vdc-50437\",\"sn\":\"\",\"idxP\":33},{\"nm\":\"Boeuf fondue\",\"nme\":\"Fondue Beef\",\"attr\":\"\",\"sku\":\"13407\",\"l2\":\"Boeuf\",\"sl\":\"boeuf-fondue-13407\",\"sn\":\"oeufs\",\"idxP\":0},{\"nm\":\"Poulet fondue\",\"nme\":\"Fondue Chicken\",\"attr\":\"\",\"sku\":\"13414\",\"l2\":\"Volaille\",\"sl\":\"poulet-fondue-13414\",\"sn\":\"\",\"idxP\":0},{\"nm\":\"Porc fondue\",\"nme\":\"Fondue Pork\",\"attr\":\"\",\"sku\":\"13415\",\"l2\":\"Volaille\",\"sl\":\"porc-fondue-13415\",\"sn\":\"\",\"idxP\":0},{\"mq\":\"Sagetra\",\"nm\":\"Pelle \u00E0 pizza en aluminium 14\\\"x14\\\"\",\"nme\":\"Aluminium Pizza Peel 14\\\"x14\\\"\",\"attr\":\"\",\"sku\":\"21192\",\"l2\":\"Accessoire pour pizza\",\"sl\":\"pelle-a-pizza-en-aluminium-14x14-sagetra-21192\",\"sn\":\"\",\"idxP\":27},{\"mq\":\"Sagetra\",\"nm\":\"Spatule \u00E0 m\u00E9langer en bois 42\\\"\",\"nme\":\"Mixing Paddle Wood 42\\\"\",\"attr\":\"\",\"sku\":\"24327\",\"l2\":\"Ustensiles et accessoires\",\"sl\":\"spatule-a-melanger-en-bois-42-sagetra-24327\",\"sn\":\"\",\"idxP\":7},{\"mq\":\"Sagetra\",\"nm\":\"Pelle \u00E0 pizza aluminium 12\\\"x12\\\"\",\"nme\":\"Aluminium Pizza Peel 12\\\"x12\\\"\",\"attr\":\"\",\"sku\":\"24942\",\"l2\":\"Accessoire pour pizza\",\"sl\":\"pelle-a-pizza-aluminium-12x12-sagetra-24942\",\"sn\":\"\",\"idxP\":27},{\"mq\":\"Julia\",\"nm\":\"Nappe Julia noire 52\\\"x70\\\"\",\"nme\":\"Julia Black Tablecloth 52\\\"x70\\\"\",\"attr\":\"\",\"sku\":\"24987\",\"l2\":\"Serviette et nappe\",\"sl\":\"nappe-julia-noire-52x70-julia-24987\",\"sn\":\"\",\"idxP\":16},{\"mq\":\"Sagetra\",\"nm\":\"Planche \u00E0 d\u00E9couper bleue 12\\\"x18\\\"\",\"nme\":\"Blue Cutting Board 12 po x 18 po\",\"attr\":\"\",\"sku\":\"24955\",\"l2\":\"Planche\",\"sl\":\"planche-a-decouper-bleue-12x18-sagetra-24955\",\"sn\":\"\",\"idxP\":35},{\"mq\":\"Sagetra\",\"nm\":\"Planche \u00E0 d\u00E9couper verte 15\\\"x20\\\"\",\"nme\":\"Green Cutting Board 15\\\"x20\\\"\",\"attr\":\"\",\"sku\":\"24974\",\"l2\":\"Planche\",\"sl\":\"planche-a-decouper-verte-15x20-sagetra-24974\",\"sn\":\"\",\"idxP\":23},{\"mq\":\"Julia\",\"nm\":\"Nappe Julia charcoal 60\\\"x84\\\"\",\"nme\":\"Julia Charcoal Tablecloth 60\\\"x84\\\"\",\"attr\":\"\",\"sku\":\"24989\",\"l2\":\"Serviette et nappe\",\"sl\":\"nappe-julia-charcoal-60x84-julia-24989\",\"sn\":\"\",\"idxP\":18},{\"mq\":\"Sagetra\",\"nm\":\"Planche \u00E0 d\u00E9couper verte 18\\\"x24\\\"\",\"nme\":\"Green Cutting Board 18\\\"x24\\\"\",\"attr\":\"\",\"sku\":\"24951\",\"l2\":\"Planche\",\"sl\":\"planche-a-decouper-verte-18x24-sagetra-24951\",\"sn\":\"\",\"idxP\":19},{\"mq\":\"Julia\",\"nm\":\"Nappe Julia rouge 52\\\"x70\\\"\",\"nme\":\"Julia Red Tablecloth 52\\\"x70\\\"\",\"attr\":\"\",\"sku\":\"24986\",\"l2\":\"Serviette et nappe\",\"sl\":\"nappe-julia-rouge-52x70-julia-24986\",\"sn\":\"\",\"idxP\":16},{\"mq\":\"Julia\",\"nm\":\"Nappe Julia rouge 60\\\"x120\\\"\",\"nme\":\"Julia Red Tablecloth 60\\\"x120\\\"\",\"attr\":\"\",\"sku\":\"25004\",\"l2\":\"Serviette et nappe\",\"sl\":\"nappe-julia-rouge-60x120-julia-25004\",\"sn\":\"\",\"idxP\":17},{\"mq\":\"Sagetra\",\"nm\":\"Planche \u00E0 d\u00E9couper verte 12\\\"x18\\\"\",\"nme\":\"Green Cutting Board 12\\\"x18\\\"\",\"attr\":\"\",\"sku\":\"24945\",\"l2\":\"Planche\",\"sl\":\"planche-a-decouper-verte-12x18-sagetra-24945\",\"sn\":\"\",\"idxP\":37},{\"mq\":\"Julia\",\"nm\":\"Nappe Julia blanche 52\\\"x70\\\"\",\"nme\":\"Julia White Tablecloth 52\\\"x70\\\"\",\"attr\":\"\",\"sku\":\"24988\",\"l2\":\"Serviette et nappe\",\"sl\":\"nappe-julia-blanche-52x70-julia-24988\",\"sn\":\"\",\"idxP\":13},{\"mq\":\"Julia\",\"nm\":\"Nappe Julia noire 60\\\"x84\\\"\",\"nme\":\"Julia Black Tablecloth 60\\\"x84\\\"\",\"attr\":\"\",\"sku\":\"24996\",\"l2\":\"Serviette et nappe\",\"sl\":\"nappe-julia-noire-60x84-julia-24996\",\"sn\":\"\",\"idxP\":17},{\"mq\":\"Sagetra\",\"nm\":\"Planche \u00E0 d\u00E9couper bleue 18\\\"x24\\\"\",\"nme\":\"Green Cutting Board 18\\\"x24\\\"\",\"attr\":\"\",\"sku\":\"24952\",\"l2\":\"Planche\",\"sl\":\"planche-a-decouper-bleue-18x24-sagetra-24952\",\"sn\":\"\",\"idxP\":20},{\"mq\":\"Julia\",\"nm\":\"Nappe Julia charcoal 52\\\"x70\\\"\",\"nme\":\"Julia Charcoal Tablecloth 52\\\"x70\\\"\",\"attr\":\"\",\"sku\":\"24985\",\"l2\":\"Serviette et nappe\",\"sl\":\"nappe-julia-charcoal-52x70-julia-24985\",\"sn\":\"\",\"idxP\":13},{\"mq\":\"Julia\",\"nm\":\"Nappe ronde Julia rouge 70\\\"\",\"nme\":\"Julia Red Round Tablecloth 70\\\"\",\"attr\":\"\",\"sku\":\"25010\",\"l2\":\"Serviette et nappe\",\"sl\":\"nappe-ronde-julia-rouge-70-julia-25010\",\"sn\":\"\",\"idxP\":12},{\"mq\":\"Sagetra\",\"nm\":\"Planche \u00E0 d\u00E9couper jaune 18\\\"x24\\\"\",\"nme\":\"Yellow Cutting Board 18 po x 24 po\",\"attr\":\"\",\"sku\":\"24948\",\"l2\":\"Planche\",\"sl\":\"planche-a-decouper-jaune-18x24-sagetra-24948\",\"sn\":\"\",\"idxP\":23},{\"mq\":\"Julia\",\"nm\":\"Nappe Julia charcoal 60\\\"x104\\\"\",\"nme\":\"Julia Charcoal Tablecloth 60\\\"x104\\\"\",\"attr\":\"\",\"sku\":\"24998\",\"l2\":\"Serviette et nappe\",\"sl\":\"nappe-julia-charcoal-60x104-julia-24998\",\"sn\":\"\",\"idxP\":22},{\"mq\":\"Julia\",\"nm\":\"Nappe Julia noire 60\\\"x120\\\"\",\"nme\":\"Julia Black Tablecloth 60\\\"x120\\\"\",\"attr\":\"\",\"sku\":\"25005\",\"l2\":\"Serviette et nappe\",\"sl\":\"nappe-julia-noire-60x120-julia-25005\",\"sn\":\"\",\"idxP\":15},{\"mq\":\"Julia\",\"nm\":\"Nappe Julia rouge 60\\\"x104\\\"\",\"nme\":\"Julia Red Tablecloth 60\\\"x104\\\"\",\"attr\":\"\",\"sku\":\"24999\",\"l2\":\"Serviette et nappe\",\"sl\":\"nappe-julia-rouge-60x104-julia-24999\",\"sn\":\"\",\"idxP\":18},{\"mq\":\"Julia\",\"nm\":\"Nappe Julia blanche 60\\\"x120\\\"\",\"nme\":\"Julia White Tablecloth 60\\\"x120\\\"\",\"attr\":\"\",\"sku\":\"25006\",\"l2\":\"Serviette et nappe\",\"sl\":\"nappe-julia-blanche-60x120-julia-25006\",\"sn\":\"\",\"idxP\":17},{\"mq\":\"Sagetra\",\"nm\":\"Pelle \u00E0 pizza en bois 12\\\"x14\\\"\",\"nme\":\"Wooden Pizza Peel 12\\\"x14\\\"\",\"attr\":\"\",\"sku\":\"24941\",\"l2\":\"Accessoire pour pizza\",\"sl\":\"pelle-a-pizza-en-bois-12x14-sagetra-24941\",\"sn\":\"\",\"idxP\":17},{\"mq\":\"Julia\",\"nm\":\"Nappe Julia rouge 60\\\"x84\\\"\",\"nme\":\"Julia Red Tablecloth 60\\\"x84\\\"\",\"attr\":\"\",\"sku\":\"24995\",\"l2\":\"Serviette et nappe\",\"sl\":\"nappe-julia-rouge-60x84-julia-24995\",\"sn\":\"\",\"idxP\":20},{\"mq\":\"Julia\",\"nm\":\"Nappe Julia blanche 60\\\"x104\\\"\",\"nme\":\"Julia White Tablecloth 60\\\"x104\\\"\",\"attr\":\"\",\"sku\":\"25002\",\"l2\":\"Serviette et nappe\",\"sl\":\"nappe-julia-blanche-60x104-julia-25002\",\"sn\":\"\",\"idxP\":28},{\"mq\":\"Julia\",\"nm\":\"Nappe ronde Julia blanche 70\\\"\",\"nme\":\"Julia White Round Tablecloth 70\\\"\",\"attr\":\"\",\"sku\":\"25012\",\"l2\":\"Serviette et nappe\",\"sl\":\"nappe-ronde-julia-blanche-70-julia-25012\",\"sn\":\"\",\"idxP\":9},{\"mq\":\"Julia\",\"nm\":\"Nappe Julia noire 60\\\"x144\\\"\",\"nme\":\"Julia Black Tablecloth 60\\\"x144\\\"\",\"attr\":\"\",\"sku\":\"25007\",\"l2\":\"Serviette et nappe\",\"sl\":\"nappe-julia-noire-60x144-julia-25007\",\"sn\":\"\",\"idxP\":9},{\"mq\":\"Julia\",\"nm\":\"Nappe Julia blanche 60\\\"x84\\\"\",\"nme\":\"Julia White Tablecloth 60\\\"x84\\\"\",\"attr\":\"\",\"sku\":\"24997\",\"l2\":\"Serviette et nappe\",\"sl\":\"nappe-julia-blanche-60x84-julia-24997\",\"sn\":\"\",\"idxP\":21},{\"mq\":\"Julia\",\"nm\":\"Nappe Julia charcoal 60\\\"x120\\\"\",\"nme\":\"Julia Charcoal Tablecloth 60\\\"x120\\\"\",\"attr\":\"\",\"sku\":\"25003\",\"l2\":\"Serviette et nappe\",\"sl\":\"nappe-julia-charcoal-60x120-julia-25003\",\"sn\":\"\",\"idxP\":15},{\"mq\":\"Julia\",\"nm\":\"Nappe Julia blanche 60\\\"x144\\\"\",\"nme\":\"Julia White Tablecloth 60\\\"x144\\\"\",\"attr\":\"\",\"sku\":\"25008\",\"l2\":\"Serviette et nappe\",\"sl\":\"nappe-julia-blanche-60x144-julia-25008\",\"sn\":\"\",\"idxP\":11},{\"mq\":\"Julia\",\"nm\":\"Nappe carr\u00E9e Julia noire 70\\\"\",\"nme\":\"Julia Black Square Tablecloth 70 po\",\"attr\":\"\",\"sku\":\"25013\",\"l2\":\"Serviette et nappe\",\"sl\":\"nappe-carree-julia-noire-70-julia-25013\",\"sn\":\"\",\"idxP\":14},{\"mq\":\"Julia\",\"nm\":\"Nappe Julia noire 60\\\"x104\\\"\",\"nme\":\"Julia Black Tablecloth 60\\\"x104\\\"\",\"attr\":\"\",\"sku\":\"25001\",\"l2\":\"Serviette et nappe\",\"sl\":\"nappe-julia-noire-60x104-julia-25001\",\"sn\":\"\",\"idxP\":21},{\"mq\":\"Julia\",\"nm\":\"Nappe ronde Julia charcoal 70\\\"\",\"nme\":\"Julia Charcoal Round Tablecloth 70\\\"\",\"attr\":\"\",\"sku\":\"25009\",\"l2\":\"Serviette et nappe\",\"sl\":\"nappe-ronde-julia-charcoal-70-julia-25009\",\"sn\":\"\",\"idxP\":10},{\"mq\":\"Julia\",\"nm\":\"Nappe carr\u00E9e Julia blanche 70\\\"x70\\\"\",\"nme\":\"Julia Square White Tablecloth 70 po\",\"attr\":\"\",\"sku\":\"25014\",\"l2\":\"Serviette et nappe\",\"sl\":\"nappe-carree-julia-blanche-70x70-julia-25014\",\"sn\":\"\",\"idxP\":17},{\"mq\":\"Julia\",\"nm\":\"Nappe Julia ronde noire 70\\\"\",\"nme\":\"Julia Black Round Tablecloth 70\\\"\",\"attr\":\"\",\"sku\":\"25011\",\"l2\":\"Serviette et nappe\",\"sl\":\"nappe-julia-ronde-noire-70-julia-25011\",\"sn\":\"\",\"idxP\":7},{\"mq\":\"Leolight\",\"nm\":\"Support pour r\u00E9chaud \u00E0 buffet\",\"nme\":\"Frame Catering Quick\",\"attr\":\"\",\"sku\":\"25436\",\"l2\":\"Buffet\",\"sl\":\"support-pour-rechaud-a-buffet-leolight-25436\",\"sn\":\"\",\"idxP\":54},{\"mq\":\"Mayrand CHEF\",\"nm\":\"Nappe restauration blanche 60\\\" x 84\\\"\",\"nme\":\"Restaurant White Tablecloth 60 po x 84 po\",\"attr\":\"\",\"sku\":\"25750\",\"l2\":\"Serviette et nappe\",\"sl\":\"nappe-restauration-blanche-60-x-84-mayrand-chef-25750\",\"sn\":\"\",\"idxP\":1},{\"mq\":\"Mayrand CHEF\",\"nm\":\"Nappe restauration blanche 54\\\" x 54\\\"\",\"nme\":\"Restaurant White Tablecloth 54 po x 54 po\",\"attr\":\"\",\"sku\":\"25748\",\"l2\":\"Serviette et nappe\",\"sl\":\"nappe-restauration-blanche-54-x-54-mayrand-chef-25748\",\"sn\":\"\",\"idxP\":19},{\"mq\":\"Mayrand CHEF\",\"nm\":\"Serviette de table en tissu blanche\",\"nme\":\"Restaurant White Cloth Napkin\",\"attr\":\"\",\"sku\":\"25751\",\"l2\":\"Serviette et nappe\",\"sl\":\"serviette-de-table-en-tissu-blanche-mayrand-chef-25751\",\"sn\":\"\",\"idxP\":10},{\"mq\":\"Mayrand CHEF\",\"nm\":\"Nappe restauration blanche 45\\\" x 45\\\"\",\"nme\":\"Restaurant White Tablecloth 45 po x 45 po\",\"attr\":\"\",\"sku\":\"25749\",\"l2\":\"Serviette et nappe\",\"sl\":\"nappe-restauration-blanche-45-x-45-mayrand-chef-25749\",\"sn\":\"\",\"idxP\":3},{\"mq\":\"Wipeco\",\"nm\":\"Coton \u00E0 fromage 100 verges\",\"nme\":\"Cheesecloth 100 yards\",\"attr\":\"\",\"sku\":\"25972\",\"l2\":\"Accessoire de cuisine\",\"sl\":\"coton-a-fromage-100-verges-wipeco-25972\",\"sn\":\"fromages\",\"idxP\":6},{\"mq\":\"Bunn\",\"nm\":\"Cafeti\u00E8re professionnelle \u00E0 2 r\u00E9chauds\",\"nme\":\"Professional coffee maker with 2 warmers\",\"attr\":\"\",\"sku\":\"26165\",\"l2\":\"Service de table\",\"sl\":\"cafetiere-professionnelle-a-2-rechauds-bunn-26165\",\"sn\":\"commercial\",\"idxP\":4},{\"mq\":\"Sagetra\",\"nm\":\"\u00C9cumoire ronde \u00E0 maille fine 6 1\\\/2\\\"\",\"nme\":\"Round Fine Wire Skimmer 6 1\\\/2\\\"\",\"attr\":\"\",\"sku\":\"25904\",\"l2\":\"Ustensiles et accessoires\",\"sl\":\"ecumoire-ronde-a-maille-fine-6-12-sagetra-25904\",\"sn\":\"\",\"idxP\":18},{\"mq\":\"Sagetra\",\"nm\":\"Passoire maille fine 4 3\\\/4'' \\\/ 12 cm\",\"nme\":\"Single Fine Mesh Strainer 4 3\\\/4'' \\\/ 12 cm\",\"attr\":\"\",\"sku\":\"28675\",\"l2\":\"Accessoire de cuisine\",\"sl\":\"passoire-maille-fine-4-34-12-cm-sagetra-28675\",\"sn\":\"\",\"idxP\":15},{\"mq\":\"Sagetra\",\"nm\":\"Passoire DMMR 9\\\" \\\/ 23 cm\",\"nme\":\"DMRM Strainer 9\\\" \\\/ 23 cm\",\"attr\":\"\",\"sku\":\"28674\",\"l2\":\"Accessoire de cuisine\",\"sl\":\"passoire-dmmr-9-23-cm-sagetra-28674\",\"sn\":\"\",\"idxP\":11},{\"mq\":\"Bunn\",\"nm\":\"R\u00E9chaud \u00E0 caf\u00E9 simple\",\"nme\":\"Simple coffee warmer\",\"attr\":\"\",\"sku\":\"26163\",\"l2\":\"Service de table\",\"sl\":\"rechaud-a-cafe-simple-bunn-26163\",\"sn\":\"\",\"idxP\":2},{\"mq\":\"Bunn\",\"nm\":\"Serveur thermique sans base 2.5 litres\",\"nme\":\"Thermal server without base 2.5 liters\",\"attr\":\"\",\"sku\":\"26171\",\"l2\":\"Service de table\",\"sl\":\"serveur-thermique-sans-base-2.5-litres-bunn-26171\",\"sn\":\"\",\"idxP\":7},{\"mq\":\"Sagetra\",\"nm\":\"Assiette \u00E0 pizza \u00E0 bord roul\u00E9 11\\\"\",\"nme\":\"Pizza Pan 11\\\" with Beaded Edge\",\"attr\":\"\",\"sku\":\"37366\",\"l2\":\"Accessoire pour pizza\",\"sl\":\"assiette-a-pizza-a-bord-roule-11-sagetra-37366\",\"sn\":\"\",\"idxP\":15},{\"mq\":\"Sagetra\",\"nm\":\"Assiette \u00E0 pizza \u00E0 bord roul\u00E9 7\\\"\",\"nme\":\"Pizza Pan with Beaded Edge 7\\\"\",\"attr\":\"\",\"sku\":\"37362\",\"l2\":\"Accessoire pour pizza\",\"sl\":\"assiette-a-pizza-a-bord-roule-7-sagetra-37362\",\"sn\":\"\",\"idxP\":7},{\"mq\":\"Sagetra\",\"nm\":\"Assiette \u00E0 pizza \u00E0 bord roul\u00E9 10\\\"\",\"nme\":\"Pizza Pan 10\\\" with Beaded Edge\",\"attr\":\"\",\"sku\":\"37365\",\"l2\":\"Accessoire pour pizza\",\"sl\":\"assiette-a-pizza-a-bord-roule-10-sagetra-37365\",\"sn\":\"\",\"idxP\":22},{\"mq\":\"Sagetra\",\"nm\":\"Assiette \u00E0 pizza \u00E0 bord roul\u00E9 12\\\"\",\"nme\":\"Pizza Pan 12\\\" with Beaded Edge\",\"attr\":\"\",\"sku\":\"37367\",\"l2\":\"Accessoire pour pizza\",\"sl\":\"assiette-a-pizza-a-bord-roule-12-sagetra-37367\",\"sn\":\"\",\"idxP\":32},{\"mq\":\"Sagetra\",\"nm\":\"Assiette \u00E0 pizza \u00E0 bord roul\u00E9 9\\\"\",\"nme\":\"Pizza Pan with Beaded Edge 9\\\"\",\"attr\":\"\",\"sku\":\"37364\",\"l2\":\"Accessoire pour pizza\",\"sl\":\"assiette-a-pizza-a-bord-roule-9-sagetra-37364\",\"sn\":\"\",\"idxP\":16},{\"mq\":\"Orly\",\"nm\":\"Moule \u00E0 madeleine\",\"nme\":\"Madeleine Cake Pan\",\"attr\":\"\",\"sku\":\"38382\",\"l2\":\"Accessoire de p\u00E2tisserie\",\"sl\":\"moule-a-madeleine-orly-38382\",\"sn\":\"moules\",\"idxP\":33},{\"mq\":\"Kayali\",\"nm\":\"Verre \u00E0 cognac Windsor 11 oz \\\/ 325 ml\",\"nme\":\"Windsor Cognac Glass 11 oz \\\/ 325 ml\",\"attr\":\"\",\"sku\":\"39718\",\"l2\":\"Verrerie\",\"sl\":\"verre-a-cognac-windsor-11-oz-325-ml-kayali-39718\",\"sn\":\"\",\"idxP\":3},{\"mq\":\"Kayali\",\"nm\":\"Verre \u00E0 eau 9,75 oz \\\/ 288 ml x12\",\"nme\":\"Water Glass 9.75 oz \\\/ 288 ml x12\",\"attr\":\"\",\"sku\":\"39719\",\"l2\":\"Verrerie\",\"sl\":\"verre-a-eau-975-oz-288-ml-x12-kayali-39719\",\"sn\":\"\",\"idxP\":6},{\"mq\":\"Kayali\",\"nm\":\"Verre \u00E0 whisky Ada 10,25 oz \\\/ 300 ml\",\"nme\":\"Ada Whisky Glass 10.25oz \\\/ 300ml\",\"attr\":\"\",\"sku\":\"39726\",\"l2\":\"Verrerie\",\"sl\":\"verre-a-whisky-ada-1025-oz-300-ml-kayali-39726\",\"sn\":\"\",\"idxP\":9},{\"mq\":\"Kayali\",\"nm\":\"Verre ballon \u00E0 vin 8,75 oz x12\",\"nme\":\"Balloon Wine Glass 8.75oz\",\"attr\":\"\",\"sku\":\"39721\",\"l2\":\"Verrerie\",\"sl\":\"verre-ballon-a-vin-875-oz-x12-kayali-39721\",\"sn\":\"\",\"idxP\":10},{\"mq\":\"Kayali\",\"nm\":\"Fl\u00FBte \u00E0 champagne Windsor 6oz \\\/ 177ml\",\"nme\":\"Windsor Champagne Glass 6 oz \\\/ 177 ml\",\"attr\":\"\",\"sku\":\"38579\",\"l2\":\"Verrerie\",\"sl\":\"flute-a-champagne-windsor-6oz-177ml-kayali-38579\",\"sn\":\"\",\"idxP\":13},{\"mq\":\"Kayali\",\"nm\":\"Verre \u00E0 vin ballon 11,5 oz x12\",\"nme\":\"Balloon Wine Glass 11.5oz\",\"attr\":\"\",\"sku\":\"39720\",\"l2\":\"Verrerie\",\"sl\":\"verre-a-vin-ballon-115-oz-x12-kayali-39720\",\"sn\":\"\",\"idxP\":9},{\"mq\":\"Eurodib\",\"nm\":\"Friteuse \u00E9lectrique 240 volt 8L\",\"nme\":\"Electric Fryer 240 volt\",\"attr\":\"\",\"sku\":\"26243\",\"l2\":\"Ustensiles et accessoires\",\"sl\":\"friteuse-electrique-240-volt-8l-eurodib-26243\",\"sn\":\"\",\"idxP\":15},{\"mq\":\"Sagetra\",\"nm\":\"Pince tout-usage verte 12\\\"\",\"nme\":\"Green Utility Tong 12\\\"\",\"attr\":\"\",\"sku\":\"26284\",\"l2\":\"Ustensiles et accessoires\",\"sl\":\"pince-tout-usage-verte-12-sagetra-26284\",\"sn\":\"\",\"idxP\":18},{\"mq\":\"Sagetra\",\"nm\":\"Cuill\u00E8re \u00E0 rainure en inox 11\\\"\",\"nme\":\"Stainless Steel Slotted Spoon 11\\\"\",\"attr\":\"\",\"sku\":\"26295\",\"l2\":\"Ustensiles et accessoires\",\"sl\":\"cuillere-a-rainure-en-inox-11-sagetra-26295\",\"sn\":\"\",\"idxP\":21},{\"mq\":\"Sagetra\",\"nm\":\"Cuill\u00E8re \u00E0 rainure en inox 18\\\"\",\"nme\":\"Stainless Steel Slotted Spoon 18\\\"\",\"attr\":\"\",\"sku\":\"26298\",\"l2\":\"Ustensiles et accessoires\",\"sl\":\"cuillere-a-rainure-en-inox-18-sagetra-26298\",\"sn\":\"\",\"idxP\":17},{\"mq\":\"Sagetra\",\"nm\":\"Pince tout-usage rouge 12\\\"\",\"nme\":\"Red Utility Tong 12\\\"\",\"attr\":\"\",\"sku\":\"26283\",\"l2\":\"Ustensiles et accessoires\",\"sl\":\"pince-tout-usage-rouge-12-sagetra-26283\",\"sn\":\"\",\"idxP\":23},{\"mq\":\"Sagetra\",\"nm\":\"Cuill\u00E8re pleine inox 11\\\"\",\"nme\":\"Stainless Steel Solid Spoon 11\\\"\",\"attr\":\"\",\"sku\":\"26290\",\"l2\":\"Ustensiles et accessoires\",\"sl\":\"cuillere-pleine-inox-11-sagetra-26290\",\"sn\":\"\",\"idxP\":10},{\"mq\":\"Sagetra\",\"nm\":\"Cuill\u00E8re rainure inox 13\\\"\",\"nme\":\"Spoon slotted stainless 13\\\"\",\"attr\":\"\",\"sku\":\"26296\",\"l2\":\"Ustensiles et accessoires\",\"sl\":\"cuillere-rainure-inox-13-sagetra-26296\",\"sn\":\"\",\"idxP\":18},{\"mq\":\"Sagetra\",\"nm\":\"Pince \u00E0 salade 9 1\\\/4''\",\"nme\":\"Salad Tong 9 1\\\/4''\",\"attr\":\"\",\"sku\":\"26280\",\"l2\":\"Ustensiles et accessoires\",\"sl\":\"pince-a-salade-9-14-sagetra-26280\",\"sn\":\"\",\"idxP\":14},{\"mq\":\"Sagetra\",\"nm\":\"Cuill\u00E8re pleine en inox 18\\\"\",\"nme\":\"Stainless Steel Solid Spoon 18\\\"\",\"attr\":\"\",\"sku\":\"26294\",\"l2\":\"Ustensiles et accessoires\",\"sl\":\"cuillere-pleine-en-inox-18-sagetra-26294\",\"sn\":\"\",\"idxP\":18},{\"mq\":\"Sagetra\",\"nm\":\"Pince tout-usage noire 9\\\"\",\"nme\":\"Black Utility Tong 9\\\"\",\"attr\":\"\",\"sku\":\"26287\",\"l2\":\"Ustensiles et accessoires\",\"sl\":\"pince-tout-usage-noire-9-sagetra-26287\",\"sn\":\"\",\"idxP\":20},{\"mq\":\"Sagetra\",\"nm\":\"Cuill\u00E8re pleine inox 13\\\"\",\"nme\":\"Stainless Steel Solid Spoon 13\\\"\",\"attr\":\"\",\"sku\":\"26291\",\"l2\":\"Ustensiles et accessoires\",\"sl\":\"cuillere-pleine-inox-13-sagetra-26291\",\"sn\":\"\",\"idxP\":12},{\"mq\":\"Sagetra\",\"nm\":\"Pince \u00E0 glace 7\\\"\",\"nme\":\"Ice Tong 7\\\"\",\"attr\":\"\",\"sku\":\"26281\",\"l2\":\"Ustensiles et accessoires\",\"sl\":\"pince-a-glace-7-sagetra-26281\",\"sn\":\"\",\"idxP\":22},{\"mq\":\"Sagetra\",\"nm\":\"Pince tout-usage verte 16\\\"\",\"nme\":\"Green Utility Tong 16\\\"\",\"attr\":\"\",\"sku\":\"26286\",\"l2\":\"Ustensiles et accessoires\",\"sl\":\"pince-tout-usage-verte-16-sagetra-26286\",\"sn\":\"\",\"idxP\":13},{\"mq\":\"Sagetra\",\"nm\":\"Cuill\u00E8re pleine en inox 15\\\"\",\"nme\":\"Stainless Steel Solid Spoon 15\\\"\",\"attr\":\"\",\"sku\":\"26293\",\"l2\":\"Ustensiles et accessoires\",\"sl\":\"cuillere-pleine-en-inox-15-sagetra-26293\",\"sn\":\"\",\"idxP\":21},{\"mq\":\"Sagetra\",\"nm\":\"Pince tout-usage 12\\\"\",\"nme\":\"Utility Tong 0.5 mm 12\\\"\",\"attr\":\"\",\"sku\":\"26282\",\"l2\":\"Ustensiles et accessoires\",\"sl\":\"pince-tout-usage-12-sagetra-26282\",\"sn\":\"\",\"idxP\":28},{\"mq\":\"Sagetra\",\"nm\":\"Pince tout-usage rouge 9\\\"\",\"nme\":\"Red Utility Tong 9\\\"\",\"attr\":\"\",\"sku\":\"26289\",\"l2\":\"Ustensiles et accessoires\",\"sl\":\"pince-tout-usage-rouge-9-sagetra-26289\",\"sn\":\"\",\"idxP\":19},{\"mq\":\"Sagetra\",\"nm\":\"Pince tout-usage rouge 16\\\"\",\"nme\":\"Red Utility Tong 16\\\"\",\"attr\":\"\",\"sku\":\"26285\",\"l2\":\"Ustensiles et accessoires\",\"sl\":\"pince-tout-usage-rouge-16-sagetra-26285\",\"sn\":\"\",\"idxP\":21},{\"mq\":\"Thermalloy\",\"nm\":\"Po\u00EAle en fonte 12\\\" \\\/ 30,5 cm\",\"nme\":\"Carbon Steel Fry Pan 12\\\" \\\/ 30.5 cm\",\"attr\":\"\",\"sku\":\"26308\",\"l2\":\"Batterie de cuisine\",\"sl\":\"poele-en-fonte-12-305-cm-thermalloy-26308\",\"sn\":\"\",\"idxP\":14},{\"mq\":\"Kayali\",\"nm\":\"Plat coquille St-Jacques 6\\\"\",\"nme\":\"St-Jacques Shell Plate 6\\\"\",\"attr\":\"\",\"sku\":\"23875\",\"l2\":\"Service de table\",\"sl\":\"plat-coquille-st-jacques-6-kayali-23875\",\"sn\":\"\",\"idxP\":76},{\"mq\":\"Thermalloy\",\"nm\":\"Po\u00EAle en fonte 8\\\" \\\/ 20,3 cm\",\"nme\":\"Carbon Steel Fry Pan 8\\\" \\\/ 20.3 cm\",\"attr\":\"\",\"sku\":\"26306\",\"l2\":\"Batterie de cuisine\",\"sl\":\"poele-en-fonte-8-203-cm-thermalloy-26306\",\"sn\":\"\",\"idxP\":6},{\"mq\":\"Sagetra\",\"nm\":\"Cuill\u00E8re rainure inox 15\\\"\",\"nme\":\"Spoon slotted stainless 15\\\"\",\"attr\":\"\",\"sku\":\"26297\",\"l2\":\"Ustensiles et accessoires\",\"sl\":\"cuillere-rainure-inox-15-sagetra-26297\",\"sn\":\"\",\"idxP\":19},{\"mq\":\"Thermalloy\",\"nm\":\"Po\u00EAle en fonte 10\\\" \\\/ 25,4 cm\",\"nme\":\"Carbon Steel Fry Pan 10\\\" \\\/ 25.4 cm\",\"attr\":\"\",\"sku\":\"26307\",\"l2\":\"Batterie de cuisine\",\"sl\":\"poele-en-fonte-10-254-cm-thermalloy-26307\",\"sn\":\"\",\"idxP\":12},{\"mq\":\"Sagetra\",\"nm\":\"Pince tout-usage verte 0,5 mm 9\\\"\",\"nme\":\"Green Utility Tong 0.5 mm 9\\\"\",\"attr\":\"\",\"sku\":\"26299\",\"l2\":\"Ustensiles et accessoires\",\"sl\":\"pince-tout-usage-verte-05-mm-9-sagetra-26299\",\"sn\":\"\",\"idxP\":14},{\"mq\":\"Kayali\",\"nm\":\"Bol porcelaine 4.5\",\"nme\":\"Bowl porcelaine 4.5\",\"attr\":\"\",\"sku\":\"49359\",\"l2\":\"Vaisselle\",\"sl\":\"bol-porcelaine-4.5-kayali-49359\",\"sn\":\"\",\"idxP\":32},{\"mq\":\"Sanelli\",\"nm\":\"Couteau japonais oliv\u00E9 7\\\" \\\/ 18 cm\",\"nme\":\"Indented Japanese Knife 7\\\" \\\/ 18 cm\",\"attr\":\"\",\"sku\":\"39689\",\"l2\":\"Couteau de chef\",\"sl\":\"couteau-japonais-olive-7-18-cm-sanelli-39689\",\"sn\":\"\",\"idxP\":11},{\"mq\":\"Eurodib\",\"nm\":\"Plaque \u00E0 induction 220 volt\",\"nme\":\"Single Induction Cooker 220V\",\"attr\":\"\",\"sku\":\"26251\",\"l2\":\"Ustensiles et accessoires\",\"sl\":\"plaque-a-induction-220-volt-eurodib-26251\",\"sn\":\"commercial\",\"idxP\":16},{\"mq\":\"Eurodib\",\"nm\":\"Plaque \u00E0 induction 120 volt\",\"nme\":\"Single Induction Cooker 120V\",\"attr\":\"\",\"sku\":\"26252\",\"l2\":\"Ustensiles et accessoires\",\"sl\":\"plaque-a-induction-120-volt-eurodib-26252\",\"sn\":\"\",\"idxP\":16},{\"mq\":\"Standa\",\"nm\":\"Assiette de pr\u00E9sentation or 13\\\"\",\"nme\":\"Gold Charger Plate 13\\\"\",\"attr\":\"\",\"sku\":\"08329\",\"l2\":\"Vaisselle\",\"sl\":\"assiette-de-presentation-or-13-standa-08329\",\"sn\":\"\",\"idxP\":54},{\"mq\":\"Revelation\",\"nm\":\"Tire bouchon serveur\",\"nme\":\"Corkscrew Waiter\",\"attr\":\"\",\"sku\":\"00291\",\"l2\":\"Ustensiles et accessoires\",\"sl\":\"tire-bouchon-serveur-revelation-00291\",\"sn\":\"\",\"idxP\":14},{\"mq\":\"Rabco\",\"nm\":\"Panier \u00E0 pain rond noir et dor\u00E9\",\"nme\":\"Black and Gold Basket Bread\",\"attr\":\"\",\"sku\":\"00056\",\"l2\":\"Service de table\",\"sl\":\"panier-a-pain-rond-noir-et-dore-rabco-00056\",\"sn\":\"\",\"idxP\":33},{\"mq\":\"Trudeau\",\"nm\":\"Presse ail en acier inoxydable\",\"nme\":\"Stainless Steel Garlic Press\",\"attr\":\"\",\"sku\":\"08301\",\"l2\":\"Ustensiles et accessoires\",\"sl\":\"presse-ail-en-acier-inoxydable-trudeau-08301\",\"sn\":\"\",\"idxP\":23},{\"mq\":\"Sagetra\",\"nm\":\"Attendrisseur en aluminium 10x2.75\\\"\",\"nme\":\"Aluminum Meat Tenderizer\",\"attr\":\"\",\"sku\":\"15658\",\"l2\":\"Ustensiles et accessoires\",\"sl\":\"attendrisseur-en-aluminium-10x2.75-sagetra-15658\",\"sn\":\"\",\"idxP\":22},{\"mq\":\"Lapaco\",\"nm\":\"Moule \u00E0 g\u00E2teau tulipe chocolat\",\"nme\":\"Tulip Brown Baking Cup\",\"attr\":\"\",\"sku\":\"29908\",\"l2\":\"Accessoire de p\u00E2tisserie\",\"sl\":\"moule-a-gateau-tulipe-chocolat-lapaco-29908\",\"sn\":\"moules\",\"idxP\":18},{\"mq\":\"Rabco\",\"nm\":\"Tasses \u00E0 mesurer en inox ens. de 4\",\"nme\":\"Stainless Steel Measuring Cup Set x4\",\"attr\":\"\",\"sku\":\"10618\",\"l2\":\"Accessoire de cuisine\",\"sl\":\"tasses-a-mesurer-en-inox-ens.-de-4-rabco-10618\",\"sn\":\"\",\"idxP\":8},{\"mq\":\"Standa\",\"nm\":\"Assiette de pr\u00E9sentation argent 13\\\"\",\"nme\":\"Silver Charger Plate 13\\\"\",\"attr\":\"\",\"sku\":\"10802\",\"l2\":\"Vaisselle\",\"sl\":\"assiette-de-presentation-argent-13-standa-10802\",\"sn\":\"\",\"idxP\":65},{\"mq\":\"Labell\",\"nm\":\"Planche avec poign\u00E9e 7\\\"x14\\\"x3\\\/4\\\"\",\"nme\":\"Board with Handle 7\\\"x14\\\"x3\\\/4\\\"\",\"attr\":\"\",\"sku\":\"15543\",\"l2\":\"Planche\",\"sl\":\"planche-avec-poignee-7x14x34-labell-15543\",\"sn\":\"\",\"idxP\":12},{\"mq\":\"Labell\",\"nm\":\"Planche avec poign\u00E9e 10\\\"x20\\\"x3\\\/4\\\"\",\"nme\":\"Board with Handle 10\\\"x20\\\"x3\\\/4\\\"\",\"attr\":\"\",\"sku\":\"15544\",\"l2\":\"Planche\",\"sl\":\"planche-avec-poignee-10x20x34-labell-15544\",\"sn\":\"\",\"idxP\":12},{\"mq\":\"Labell\",\"nm\":\"Bloc planche en bois r\u00E9cup\u00E9r\u00E9 16\\\"x20\\\"x1,5\\\"\",\"nme\":\"Recuparated wood Serving Board 16\\\"x20\\\"x1.5\\\"\",\"attr\":\"\",\"sku\":\"15540\",\"l2\":\"Planche\",\"sl\":\"bloc-planche-en-bois-recupere-16x20x15-labell-15540\",\"sn\":\"\",\"idxP\":19},{\"mq\":\"Labell\",\"nm\":\"Planche \u00E0 d\u00E9couper utilitaire 16\\\"x20\\\"x3\\\/4\\\"\",\"nme\":\"Cutting board 16\\\"x20\\\"x3\\\/4\\\"\",\"attr\":\"\",\"sku\":\"15548\",\"l2\":\"Planche\",\"sl\":\"planche-a-decouper-utilitaire-16x20x34-labell-15548\",\"sn\":\"\",\"idxP\":15},{\"mq\":\"Labell\",\"nm\":\"Planche \u00E0 d\u00E9couper pour r\u00F4ti 12\\\"x18\\\"x3\\\/4\\\"\",\"nme\":\"Roasted Beef Cutting Board 12\\\"x18\\\"x3\\\/4\\\"\",\"attr\":\"\",\"sku\":\"15545\",\"l2\":\"Planche\",\"sl\":\"planche-a-decouper-pour-roti-12x18x34-labell-15545\",\"sn\":\"\",\"idxP\":18},{\"mq\":\"Labell\",\"nm\":\"Planche \u00E0 Pizza 12 cm diam\u00E8tres\",\"nme\":\"Pizza Board 12 Diameters\",\"attr\":\"\",\"sku\":\"15542\",\"l2\":\"Planche\",\"sl\":\"planche-a-pizza-12-cm-diametres-labell-15542\",\"sn\":\"\",\"idxP\":11},{\"mq\":\"Labell\",\"nm\":\"Planche \u00E0 d\u00E9couper utilitaire 18\\\"x24\\\"x3\\\/4\\\"\",\"nme\":\"Cutting board 18\\\"x24\\\"x3\\\/4\\\"\",\"attr\":\"\",\"sku\":\"15549\",\"l2\":\"Planche\",\"sl\":\"planche-a-decouper-utilitaire-18x24x34-labell-15549\",\"sn\":\"\",\"idxP\":28},{\"mq\":\"Labell\",\"nm\":\"Bloc planche en bois 16\\\"x20\\\"x1,5\\\"\",\"nme\":\"Wood Serving Board 16\\\"x20\\\"x1.5\\\"\",\"attr\":\"\",\"sku\":\"15539\",\"l2\":\"Planche\",\"sl\":\"bloc-planche-en-bois-16x20x15-labell-15539\",\"sn\":\"\",\"idxP\":-8},{\"mq\":\"Labell\",\"nm\":\"Planche \u00E0 d\u00E9couper utilitaire 12\\\"x16\\\"x3\\\/4\\\"\",\"nme\":\"Cutting Board 12\\\"x16\\\"x3\\\/4\\\"\",\"attr\":\"\",\"sku\":\"15547\",\"l2\":\"Planche\",\"sl\":\"planche-a-decouper-utilitaire-12x16x34-labell-15547\",\"sn\":\"\",\"idxP\":13},{\"mq\":\"Trudeau\",\"nm\":\"Pot de couleur pour sirop 19oz\",\"nme\":\"Color Dispenser Syrup 19oz\",\"attr\":\"\",\"sku\":\"17176\",\"l2\":\"Service de table\",\"sl\":\"pot-de-couleur-pour-sirop-19oz-trudeau-17176\",\"sn\":\"\",\"idxP\":12},{\"mq\":\"Sagetra\",\"nm\":\"R\u00E9chaud Style Edinburgh empilable 18\\\/8\",\"nme\":\"Edinburgh Style Stackable Chafer 18\\\/8\",\"attr\":\"\",\"sku\":\"21194\",\"l2\":\"Buffet\",\"sl\":\"rechaud-style-edinburgh-empilable-188-sagetra-21194\",\"sn\":\"\",\"idxP\":17},{\"mq\":\"Ateco\",\"nm\":\"Sac \u00E0 p\u00E2tisserie polyurethane 14\\\"\",\"nme\":\"Polyurethane Pastry Bag 14\\\"\",\"attr\":\"\",\"sku\":\"13283\",\"l2\":\"Accessoire de p\u00E2tisserie\",\"sl\":\"sac-a-patisserie-polyurethane-14-ateco-13283\",\"sn\":\"\",\"idxP\":10},{\"mq\":\"Standa\",\"nm\":\"Assiette or floral 13\\\"\",\"nme\":\"Gold Floral Plate Charger 13\\\"\",\"attr\":\"\",\"sku\":\"11371\",\"l2\":\"Vaisselle\",\"sl\":\"assiette-or-floral-13-standa-11371\",\"sn\":\"\",\"idxP\":55},{\"mq\":\"Kayali\",\"nm\":\"Couteau santoku noir 5\\\"\",\"nme\":\"Black Santoku Knife 5\\\"\",\"attr\":\"\",\"sku\":\"21306\",\"l2\":\"Couteau de chef\",\"sl\":\"couteau-santoku-noir-5-kayali-21306\",\"sn\":\"\",\"idxP\":15},{\"mq\":\"Kayali\",\"nm\":\"Couteau d'office noir 5\\\"\",\"nme\":\"Black Paring Knife 5\\\"\",\"attr\":\"\",\"sku\":\"21312\",\"l2\":\"Couteau de chef\",\"sl\":\"couteau-doffice-noir-5-kayali-21312\",\"sn\":\"\",\"idxP\":23},{\"mq\":\"Kayali\",\"nm\":\"Couteau d'office noir 3 1\\\/2\\\"\",\"nme\":\"Black Paring Knife 3 1\\\/2\\\"\",\"attr\":\"\",\"sku\":\"21314\",\"l2\":\"Couteau de chef\",\"sl\":\"couteau-doffice-noir-3-12-kayali-21314\",\"sn\":\"\",\"idxP\":24},{\"mq\":\"Kayali\",\"nm\":\"Couteau de chef noir 8\\\"\",\"nme\":\"Black Chef Knife 8\\\"\",\"attr\":\"\",\"sku\":\"21302\",\"l2\":\"Couteau de chef\",\"sl\":\"couteau-de-chef-noir-8-kayali-21302\",\"sn\":\"\",\"idxP\":21},{\"mq\":\"Sagetra\",\"nm\":\"R\u00E9cipient antiblocage pleine grandeur 1\\\/1 x 4\\\"\",\"nme\":\"Anti-Jam Rectangular Pan Full Size 1\\\/1 x 4\\\"\",\"attr\":\"\",\"sku\":\"21323\",\"l2\":\"Buffet\",\"sl\":\"recipient-antiblocage-pleine-grandeur-11-x-4-sagetra-21323\",\"sn\":\"\",\"idxP\":49},{\"mq\":\"Sagetra\",\"nm\":\"R\u00E9cipient antiblocage grandeur 1\\\/2 x 6\\\"\",\"nme\":\"Anti-Jam Rectangular Pan 1\\\/2 x 6\\\"\",\"attr\":\"\",\"sku\":\"21331\",\"l2\":\"Buffet\",\"sl\":\"recipient-antiblocage-grandeur-12-x-6-sagetra-21331\",\"sn\":\"\",\"idxP\":36},{\"mq\":\"Kayali\",\"nm\":\"Couteau santoku noir 7\\\"\",\"nme\":\"Black Santoku Knife 7\\\"\",\"attr\":\"\",\"sku\":\"21304\",\"l2\":\"Couteau de chef\",\"sl\":\"couteau-santoku-noir-7-kayali-21304\",\"sn\":\"\",\"idxP\":16},{\"mq\":\"Sagetra\",\"nm\":\"R\u00E9cipient antiblocage pleine grandeur 1\\\/1 x 1 1\\\/2\\\"\",\"nme\":\"Anti-Jam Rectangular Pan Full Size 1\\\/1 x 1 1\\\/2\\\"\",\"attr\":\"\",\"sku\":\"21321\",\"l2\":\"Buffet\",\"sl\":\"recipient-antiblocage-pleine-grandeur-11-x-1-12-sagetra-21321\",\"sn\":\"\",\"idxP\":17},{\"mq\":\"Sagetra\",\"nm\":\"R\u00E9cipient antiblocage demi grandeur 1\\\/2 x 4\\\"\",\"nme\":\"Anti-Jam Rectangular Pan Half Size 1\\\/2 x 4\\\"\",\"attr\":\"\",\"sku\":\"21328\",\"l2\":\"Buffet\",\"sl\":\"recipient-antiblocage-demi-grandeur-12-x-4-sagetra-21328\",\"sn\":\"\",\"idxP\":40},{\"mq\":\"Kayali\",\"nm\":\"Couteau \u00E0 pain noir 8\\\"\",\"nme\":\"Black Bread Knife 8\\\"\",\"attr\":\"\",\"sku\":\"21308\",\"l2\":\"Couteau de chef\",\"sl\":\"couteau-a-pain-noir-8-kayali-21308\",\"sn\":\"\",\"idxP\":13},{\"mq\":\"Sagetra\",\"nm\":\"R\u00E9cipient antiblocage grandeur 1\\\/3  x 2 1\\\/2\\\"\",\"nme\":\"Anti-Jan Rectangular Pan 1\\\/3  x 2 1\\\/2\\\"\",\"attr\":\"\",\"sku\":\"21332\",\"l2\":\"Buffet\",\"sl\":\"recipient-antiblocage-grandeur-13-x-2-12-sagetra-21332\",\"sn\":\"\",\"idxP\":24},{\"mq\":\"Sagetra\",\"nm\":\"R\u00E9cipient antiblocage grandeur 1\\\/4 x 6\\\"\",\"nme\":\"Anti-Jam Rectangle Pan 1\\\/4 x 6\\\"\",\"attr\":\"\",\"sku\":\"21337\",\"l2\":\"Buffet\",\"sl\":\"recipient-antiblocage-grandeur-14-x-6-sagetra-21337\",\"sn\":\"\",\"idxP\":16},{\"mq\":\"Sagetra\",\"nm\":\"R\u00E9cipient antiblocage NSF grandeur 1\\\/3 x 6\\\"\",\"nme\":\"Anti-Jam Rectangle Pan 1\\\/3 x 6\\\"\",\"attr\":\"\",\"sku\":\"21334\",\"l2\":\"Buffet\",\"sl\":\"recipient-antiblocage-nsf-grandeur-13-x-6-sagetra-21334\",\"sn\":\"\",\"idxP\":20},{\"mq\":\"Sagetra\",\"nm\":\"R\u00E9cipient antiblocage grandeur 1\\\/9 x 2 1\\\/2\\\"\",\"nme\":\"Anti-Jam Rectangular Pan 1\\\/9 Size 2 1\\\/2\\\" Deep\",\"attr\":\"\",\"sku\":\"21341\",\"l2\":\"Buffet\",\"sl\":\"recipient-antiblocage-grandeur-19-x-2-12-sagetra-21341\",\"sn\":\"\",\"idxP\":29},{\"mq\":\"Sagetra\",\"nm\":\"R\u00E9cipient antiblocage pleine grandeur 1\\\/1 x 6\\\"\",\"nme\":\"Anti-Jam Rectangular Pan Full Size 1\\\/1 x 6\\\"\",\"attr\":\"\",\"sku\":\"21324\",\"l2\":\"Buffet\",\"sl\":\"recipient-antiblocage-pleine-grandeur-11-x-6-sagetra-21324\",\"sn\":\"\",\"idxP\":53},{\"mq\":\"Sagetra\",\"nm\":\"R\u00E9cipient antiblocage grandeur 1\\\/3 x 4\\\"\",\"nme\":\"Anti-Jam Rectangular Pan 1\\\/3 Size 4\\\" Deep\",\"attr\":\"\",\"sku\":\"21333\",\"l2\":\"Buffet\",\"sl\":\"recipient-antiblocage-grandeur-13-x-4-sagetra-21333\",\"sn\":\"\",\"idxP\":24},{\"mq\":\"Sagetra\",\"nm\":\"R\u00E9cipient antiblocage grandeur 1\\\/6 x 6\\\"\",\"nme\":\"Anti-Jam Rectangular Pan 1\\\/6 Size 6\\\" Deep\",\"attr\":\"\",\"sku\":\"21340\",\"l2\":\"Buffet\",\"sl\":\"recipient-antiblocage-grandeur-16-x-6-sagetra-21340\",\"sn\":\"\",\"idxP\":27},{\"mq\":\"Sagetra\",\"nm\":\"R\u00E9cipient perfor\u00E9 antiblocage 1\\\/2  x 1 1\\\/2\\\"\",\"nme\":\"Perforated Anti-Jam Rectang Pan 1\\\/2  x 1 1\\\/2\\\"\",\"attr\":\"\",\"sku\":\"21346\",\"l2\":\"Buffet\",\"sl\":\"recipient-perfore-antiblocage-12-x-1-12-sagetra-21346\",\"sn\":\"\",\"idxP\":10},{\"mq\":\"Sagetra\",\"nm\":\"R\u00E9cipient perfor\u00E9 antiblocage 1\\\/2 x 2 1\\\/2\\\"\",\"nme\":\"Perforated Anti-Jam Rectangle Pan 1\\\/2 x 2 1\\\/2\\\"\",\"attr\":\"\",\"sku\":\"21347\",\"l2\":\"Buffet\",\"sl\":\"recipient-perfore-antiblocage-12-x-2-12-sagetra-21347\",\"sn\":\"\",\"idxP\":15},{\"mq\":\"Sagetra\",\"nm\":\"R\u00E9cipient perfor\u00E9 antiblocage 1\\\/1 x 4\\\"\",\"nme\":\"Perforated Anti-Jam Rectangular 1\\\/1 x 4\\\"\",\"attr\":\"\",\"sku\":\"21352\",\"l2\":\"Buffet\",\"sl\":\"recipient-perfore-antiblocage-11-x-4-sagetra-21352\",\"sn\":\"\",\"idxP\":10},{\"mq\":\"Sagetra\",\"nm\":\"R\u00E9cipient antiblocage demi grandeur 1\\\/2 x 1 1\\\/2\\\"\",\"nme\":\"Anti-Jam Rectangular Pan Half Size 1\\\/2 x 1 1\\\/2\\\"\",\"attr\":\"\",\"sku\":\"21325\",\"l2\":\"Buffet\",\"sl\":\"recipient-antiblocage-demi-grandeur-12-x-1-12-sagetra-21325\",\"sn\":\"\",\"idxP\":24},{\"mq\":\"Sagetra\",\"nm\":\"R\u00E9cipient antiblocage grandeur 1\\\/6 x 4\\\"\",\"nme\":\"Anti-Jam Rectangular Pan 1\\\/6 Size 4\\\" Deep\",\"attr\":\"\",\"sku\":\"21339\",\"l2\":\"Buffet\",\"sl\":\"recipient-antiblocage-grandeur-16-x-4-sagetra-21339\",\"sn\":\"\",\"idxP\":23},{\"mq\":\"Sagetra\",\"nm\":\"R\u00E9cipient antiblocage grandeur 1\\\/9 x 4\\\"\",\"nme\":\"Anti-Jam Rectangular Pan 1\\\/9 Size 4\\\" Deep\",\"attr\":\"\",\"sku\":\"21342\",\"l2\":\"Buffet\",\"sl\":\"recipient-antiblocage-grandeur-19-x-4-sagetra-21342\",\"sn\":\"\",\"idxP\":28},{\"mq\":\"Sagetra\",\"nm\":\"R\u00E9cipient antiblocage pleine grandeur 1\\\/1 x 2 1\\\/2\\\"\",\"nme\":\"Anti-Jam Rectangular Pan Full Size 1\\\/1 x 2 1\\\/2\\\"\",\"attr\":\"\",\"sku\":\"21322\",\"l2\":\"Buffet\",\"sl\":\"recipient-antiblocage-pleine-grandeur-11-x-2-12-sagetra-21322\",\"sn\":\"\",\"idxP\":37},{\"mq\":\"Sagetra\",\"nm\":\"Faux-fond pour r\u00E9cipient grandeur 1\\\/3\",\"nme\":\"False Bottom Food Pan Polycarbonate 1\\\/3\",\"attr\":\"\",\"sku\":\"21345\",\"l2\":\"Buffet\",\"sl\":\"faux-fond-pour-recipient-grandeur-13-sagetra-21345\",\"sn\":\"\",\"idxP\":7},{\"mq\":\"Sagetra\",\"nm\":\"R\u00E9cipient perfor\u00E9 antiblocage 1\\\/2 x 4\\\"\",\"nme\":\"Perforated Anti-Jam Rectangle Pan 1\\\/2 x 4\\\"\",\"attr\":\"\",\"sku\":\"21348\",\"l2\":\"Buffet\",\"sl\":\"recipient-perfore-antiblocage-12-x-4-sagetra-21348\",\"sn\":\"\",\"idxP\":15},{\"mq\":\"Sagetra\",\"nm\":\"R\u00E9cipient perfor\u00E9 antiblocage 1\\\/1 x 1 1\\\/2\\\"\",\"nme\":\"Perforated Anti-Jam Rectangle 1\\\/1 x 1 1\\\/2\\\"\",\"attr\":\"\",\"sku\":\"21350\",\"l2\":\"Buffet\",\"sl\":\"recipient-perfore-antiblocage-11-x-1-12-sagetra-21350\",\"sn\":\"\",\"idxP\":14},{\"mq\":\"Sagetra\",\"nm\":\"Couvercle plein antiblocage grandeur 1\\\/4\",\"nme\":\"Solid Cover Anti-Jam Rectangular Size 1\\\/4\",\"attr\":\"\",\"sku\":\"21355\",\"l2\":\"Buffet\",\"sl\":\"couvercle-plein-antiblocage-grandeur-14-sagetra-21355\",\"sn\":\"\",\"idxP\":15},{\"mq\":\"Sagetra\",\"nm\":\"Couvercle long rainure r\u00E9cipient antiblocage 1\\\/2\",\"nme\":\"Slotted Cover Anti-Jam Rectangular Pan Half Size\",\"attr\":\"\",\"sku\":\"21361\",\"l2\":\"Buffet\",\"sl\":\"couvercle-long-rainure-recipient-antiblocage-12-sagetra-21361\",\"sn\":\"\",\"idxP\":10},{\"mq\":\"Sagetra\",\"nm\":\"R\u00E9cipient antiblocage demi grandeur 1\\\/2 x 2 1\\\/2\\\"\",\"nme\":\"Anti-Jam Rectangular Pan Half Size 1\\\/2 x 2 1\\\/2\\\"\",\"attr\":\"\",\"sku\":\"21327\",\"l2\":\"Buffet\",\"sl\":\"recipient-antiblocage-demi-grandeur-12-x-2-12-sagetra-21327\",\"sn\":\"\",\"idxP\":42},{\"mq\":\"Sagetra\",\"nm\":\"R\u00E9cipient antiblocage grandeur 1\\\/4 x 2 1\\\/2\\\"\",\"nme\":\"Anti-Jam Rectangular 1\\\/4 x 2 1\\\/2\\\"\",\"attr\":\"\",\"sku\":\"21335\",\"l2\":\"Buffet\",\"sl\":\"recipient-antiblocage-grandeur-14-x-2-12-sagetra-21335\",\"sn\":\"\",\"idxP\":20},{\"mq\":\"Sagetra\",\"nm\":\"Couvercle plein r\u00E9cipient antiblocage grandeur 1\\\/9\",\"nme\":\"Solid Cover for Anti-Jam Rextangular Pan 1\\\/9 Size\",\"attr\":\"\",\"sku\":\"21357\",\"l2\":\"Buffet\",\"sl\":\"couvercle-plein-recipient-antiblocage-grandeur-19-sagetra-21357\",\"sn\":\"\",\"idxP\":20},{\"mq\":\"Sagetra\",\"nm\":\"Faux-fond pour r\u00E9cipient grandeur 1\\\/2\",\"nme\":\"False Bottom for Steam Table Pan Half Size 1\\\/2\",\"attr\":\"\",\"sku\":\"21344\",\"l2\":\"Buffet\",\"sl\":\"faux-fond-pour-recipient-grandeur-12-sagetra-21344\",\"sn\":\"\",\"idxP\":11},{\"mq\":\"Sagetra\",\"nm\":\"R\u00E9cipient antiblocage perfor\u00E9 1\\\/2 x 6\\\"\",\"nme\":\"Perforated Anti-Jam Pan 1\\\/2 x 6\\\"\",\"attr\":\"\",\"sku\":\"21349\",\"l2\":\"Buffet\",\"sl\":\"recipient-antiblocage-perfore-12-x-6-sagetra-21349\",\"sn\":\"\",\"idxP\":16},{\"mq\":\"Sagetra\",\"nm\":\"R\u00E9cipient perfor\u00E9 antiblocage 1\\\/1 x 6\\\"\",\"nme\":\"Perforated Anti-Jam Rectangle Pan 1\\\/1 x 6\\\"\",\"attr\":\"\",\"sku\":\"21353\",\"l2\":\"Buffet\",\"sl\":\"recipient-perfore-antiblocage-11-x-6-sagetra-21353\",\"sn\":\"\",\"idxP\":24},{\"mq\":\"Sagetra\",\"nm\":\"Couvercle rainure r\u00E9cipient antiblocage grand 1\\\/9\",\"nme\":\"Slotted Cover for Anti-Jam Rectang.Pan 1\\\/9 Size\",\"attr\":\"\",\"sku\":\"21359\",\"l2\":\"Buffet\",\"sl\":\"couvercle-rainure-recipient-antiblocage-grand-19-sagetra-21359\",\"sn\":\"\",\"idxP\":23},{\"mq\":\"Sagetra\",\"nm\":\"R\u00E9cipient antiblocage grandeur 1\\\/4 x 4\\\"\",\"nme\":\"Anti-Jam Rectangular Pan Size 1\\\/4 x 4\\\"\",\"attr\":\"\",\"sku\":\"21336\",\"l2\":\"Buffet\",\"sl\":\"recipient-antiblocage-grandeur-14-x-4-sagetra-21336\",\"sn\":\"\",\"idxP\":19},{\"mq\":\"Sagetra\",\"nm\":\"Faux-fond pour r\u00E9cipient grandeur 1\\\/1\",\"nme\":\"False Bottom Food Pan Polycarbonate Size 1\\\/1\",\"attr\":\"\",\"sku\":\"21343\",\"l2\":\"Buffet\",\"sl\":\"faux-fond-pour-recipient-grandeur-11-sagetra-21343\",\"sn\":\"\",\"idxP\":15},{\"mq\":\"Sagetra\",\"nm\":\"R\u00E9cipient perfor\u00E9 antiblocage 1\\\/1 x 2 1\\\/2\\\"\",\"nme\":\"Perforated Anti-Jam Rectangle Pan 1\\\/1 x 2 1\\\/2\\\"\",\"attr\":\"\",\"sku\":\"21351\",\"l2\":\"Buffet\",\"sl\":\"recipient-perfore-antiblocage-11-x-2-12-sagetra-21351\",\"sn\":\"\",\"idxP\":13},{\"mq\":\"Sagetra\",\"nm\":\"Bol \u00E0 m\u00E9langer en inox 13 Qt\",\"nme\":\"Stainless Steel Mixing Bowl 13 Qt\",\"attr\":\"\",\"sku\":\"25208\",\"l2\":\"Accessoire de cuisine\",\"sl\":\"bol-a-melanger-en-inox-13-qt-sagetra-25208\",\"sn\":\"\",\"idxP\":24},{\"mq\":\"Sagetra\",\"nm\":\"Conteneur alimentaire NSF 65 litres\",\"nme\":\"65 liter NSF food container\",\"attr\":\"\",\"sku\":\"25203\",\"l2\":\"Contenant et pot\",\"sl\":\"conteneur-alimentaire-nsf-65-litres-sagetra-25203\",\"sn\":\"\",\"idxP\":6},{\"mq\":\"Sagetra\",\"nm\":\"Conteneur alimentaire NSF 12 litres\",\"nme\":\"12 liter NSF food container\",\"attr\":\"\",\"sku\":\"25210\",\"l2\":\"Contenant et pot\",\"sl\":\"conteneur-alimentaire-nsf-12-litres-sagetra-25210\",\"sn\":\"\",\"idxP\":7},{\"mq\":\"Sagetra\",\"nm\":\"Couvercle rainures bac aliment polycarbonate\",\"nme\":\"Slotted Cover Food Pan Polycarbonate Half Size\",\"attr\":\"\",\"sku\":\"25501\",\"l2\":\"Buffet\",\"sl\":\"couvercle-rainures-bac-aliment-polycarbonate-sagetra-25501\",\"sn\":\"\",\"idxP\":7},{\"mq\":\"Sagetra\",\"nm\":\"Couvercle rainure r\u00E9cipient antiblocage grand 1\\\/4\",\"nme\":\"Slotted Cover Food Pan Polycarbonate 1\\\/4 Size\",\"attr\":\"\",\"sku\":\"21358\",\"l2\":\"Buffet\",\"sl\":\"couvercle-rainure-recipient-antiblocage-grand-14-sagetra-21358\",\"sn\":\"\",\"idxP\":17},{\"mq\":\"Sagetra\",\"nm\":\"Conteneur alimentaire rond polycarbonate 12 Qt\",\"nme\":\"Round Polycarbonate Food Storage Container 12 Qt\",\"attr\":\"\",\"sku\":\"25204\",\"l2\":\"Contenant et pot\",\"sl\":\"conteneur-alimentaire-rond-polycarbonate-12-qt-sagetra-25204\",\"sn\":\"\",\"idxP\":10},{\"mq\":\"Sagetra\",\"nm\":\"Conteneur alimentaire NSF 18 litres\",\"nme\":\"18 liter NSF food container\",\"attr\":\"\",\"sku\":\"25211\",\"l2\":\"Contenant et pot\",\"sl\":\"conteneur-alimentaire-nsf-18-litres-sagetra-25211\",\"sn\":\"\",\"idxP\":16},{\"mq\":\"Sagetra\",\"nm\":\"Bol \u00E0 m\u00E9langer en inox 16 Qt\",\"nme\":\"Stainless Steel Mixing Bowl 16 Qt\",\"attr\":\"\",\"sku\":\"25207\",\"l2\":\"Accessoire de cuisine\",\"sl\":\"bol-a-melanger-en-inox-16-qt-sagetra-25207\",\"sn\":\"\",\"idxP\":39},{\"mq\":\"Sagetra\",\"nm\":\"Couvercle \u00E0 rainures r\u00E9cipient antiblocage grandeu\",\"nme\":\"Slotted Cover Food Pan Polycarbonate 1\\\/3 Size\",\"attr\":\"\",\"sku\":\"25492\",\"l2\":\"Buffet\",\"sl\":\"couvercle-a-rainures-recipient-antiblocage-grandeu-sagetra-25492\",\"sn\":\"\",\"idxP\":4},{\"mq\":\"Sagetra\",\"nm\":\"Couvercle plein bac \u00E0 aliment polycarbonate 1\\\/9\",\"nme\":\"Solid Cover Food Pan Polycarbonate 1\\\/9 Size\",\"attr\":\"\",\"sku\":\"25498\",\"l2\":\"Buffet\",\"sl\":\"couvercle-plein-bac-a-aliment-polycarbonate-19-sagetra-25498\",\"sn\":\"\",\"idxP\":17},{\"mq\":\"Sagetra\",\"nm\":\"Conteneur alimentaire polycarbonate rond 2 Qt\",\"nme\":\"Round Polycarbonate Food Storage Container 2 Qt\",\"attr\":\"\",\"sku\":\"25209\",\"l2\":\"Contenant et pot\",\"sl\":\"conteneur-alimentaire-polycarbonate-rond-2-qt-sagetra-25209\",\"sn\":\"\",\"idxP\":10},{\"mq\":\"Sagetra\",\"nm\":\"Couvercle rouge rond en poly\u00E9thyl\u00E8ne\",\"nme\":\"Polyethylene Round Red Cover\",\"attr\":\"\",\"sku\":\"25212\",\"l2\":\"Contenant et pot\",\"sl\":\"couvercle-rouge-rond-en-polyethylene-sagetra-25212\",\"sn\":\"\",\"idxP\":15},{\"mq\":\"Sagetra\",\"nm\":\"Couvercle \u00E0 rainures bac \u00E0 aliment polycarbonate g\",\"nme\":\"Slotted Cover Food Pan Polycarbonate 1\\\/6 Size\",\"attr\":\"\",\"sku\":\"25496\",\"l2\":\"Buffet\",\"sl\":\"couvercle-a-rainures-bac-a-aliment-polycarbonate-g-sagetra-25496\",\"sn\":\"\",\"idxP\":29},{\"mq\":\"Sagetra\",\"nm\":\"Couvercle \u00E0 rainures bac \u00E0 aliment polycarbonate g\",\"nme\":\"Slotted Cover Food Pan Polycarbonate 1\\\/4 Size\",\"attr\":\"\",\"sku\":\"25494\",\"l2\":\"Buffet\",\"sl\":\"couvercle-a-rainures-bac-a-aliment-polycarbonate-g-sagetra-25494\",\"sn\":\"\",\"idxP\":12},{\"mq\":\"Sagetra\",\"nm\":\"Couvercle plein bac \u00E0 aliment polycarbonate 1\\\/2\",\"nme\":\"Solid Cover for Food Pan Polycarbonate Half Size\",\"attr\":\"\",\"sku\":\"25500\",\"l2\":\"Buffet\",\"sl\":\"couvercle-plein-bac-a-aliment-polycarbonate-12-sagetra-25500\",\"sn\":\"\",\"idxP\":7},{\"mq\":\"Sagetra\",\"nm\":\"Bac \u00E0 aliment en polycarb. demi grandeur x2-1\\\/2\\\"\",\"nme\":\"Deep Full Pan Polycarbonate NSF Half Size x 2-1\\\/2\\\"\",\"attr\":\"\",\"sku\":\"25499\",\"l2\":\"Buffet\",\"sl\":\"bac-a-aliment-en-polycarb.-demi-grandeur-x2-12-sagetra-25499\",\"sn\":\"\",\"idxP\":15},{\"mq\":\"Sagetra\",\"nm\":\"Faux-fond 1\\\/4 pleine grandeur plateau \u00E0 vapeur\",\"nme\":\"False Bottom for Steam Table Pan 1\\\/4 Size\",\"attr\":\"\",\"sku\":\"25511\",\"l2\":\"Buffet\",\"sl\":\"faux-fond-14-pleine-grandeur-plateau-a-vapeur-sagetra-25511\",\"sn\":\"\",\"idxP\":9},{\"mq\":\"Sagetra\",\"nm\":\"Faux-fond r\u00E9cipient polycarbonate demi grandeur\",\"nme\":\"False Bottom Food Pan Polycarbonate Half Size\",\"attr\":\"\",\"sku\":\"25532\",\"l2\":\"Buffet\",\"sl\":\"faux-fond-recipient-polycarbonate-demi-grandeur-sagetra-25532\",\"sn\":\"\",\"idxP\":9},{\"mq\":\"Sagetra\",\"nm\":\"Conteneur alimentaire rond polycarbonate 18 Qt\",\"nme\":\"Round Polycarbonate Food Storage Container 18 Qt\",\"attr\":\"\",\"sku\":\"25205\",\"l2\":\"Contenant et pot\",\"sl\":\"conteneur-alimentaire-rond-polycarbonate-18-qt-sagetra-25205\",\"sn\":\"\",\"idxP\":7},{\"mq\":\"Sagetra\",\"nm\":\"Plateau 14 po. antid\u00E9rapant en polypropyl\u00E8ne\",\"nme\":\"Roun14 in tray. non-slip polypropylene\",\"attr\":\"\",\"sku\":\"25530\",\"l2\":\"Vaisselle\",\"sl\":\"plateau-14-po.-antiderapant-en-polypropylene-sagetra-25530\",\"sn\":\"plateau\",\"idxP\":22},{\"mq\":\"Sagetra\",\"nm\":\"Assiette \u00E0 tarte en aluminium 10\\\"\",\"nme\":\"Aluminium Pie Plate 10\\\"\",\"attr\":\"\",\"sku\":\"25533\",\"l2\":\"Accessoire de p\u00E2tisserie\",\"sl\":\"assiette-a-tarte-en-aluminium-10-sagetra-25533\",\"sn\":\"\",\"idxP\":18},{\"mq\":\"Sagetra\",\"nm\":\"Faux-fond r\u00E9cipient polycarbonate grandeur 1\\\/3\",\"nme\":\"False Bottom Food Pan Polycarbonate 1\\\/3 Size\",\"attr\":\"\",\"sku\":\"25510\",\"l2\":\"Buffet\",\"sl\":\"faux-fond-recipient-polycarbonate-grandeur-13-sagetra-25510\",\"sn\":\"\",\"idxP\":11},{\"mq\":\"Sagetra\",\"nm\":\"Assiette \u00E0 tarte en aluminium 9\\\"\",\"nme\":\"Aluminium Pie Plate 9\\\"\",\"attr\":\"\",\"sku\":\"25534\",\"l2\":\"Accessoire de p\u00E2tisserie\",\"sl\":\"assiette-a-tarte-en-aluminium-9-sagetra-25534\",\"sn\":\"\",\"idxP\":17},{\"mq\":\"Sagetra\",\"nm\":\"Couvercle rainure bac \u00E0 aliment polycarbonate\",\"nme\":\"Slotted Cover Food Pan Polycarbonate Full Size\",\"attr\":\"\",\"sku\":\"25509\",\"l2\":\"Buffet\",\"sl\":\"couvercle-rainure-bac-a-aliment-polycarbonate-sagetra-25509\",\"sn\":\"\",\"idxP\":14},{\"mq\":\"Sagetra\",\"nm\":\"Faux-fond r\u00E9cipient polycarbonate grandeur 1\\\/6\",\"nme\":\"False Bottom Food Pan Polycarbonate 1\\\/6 Size\",\"attr\":\"\",\"sku\":\"25514\",\"l2\":\"Buffet\",\"sl\":\"faux-fond-recipient-polycarbonate-grandeur-16-sagetra-25514\",\"sn\":\"\",\"idxP\":10},{\"mq\":\"Dynamic\",\"nm\":\"Essoreuse \u00E0 salade commerciale 20 litres\",\"nme\":\"20L commercial salad spinner\",\"attr\":\"\",\"sku\":\"24096\",\"l2\":\"Accessoire de cuisine\",\"sl\":\"essoreuse-a-salade-commerciale-20-litres-dynamic-24096\",\"sn\":\"\",\"idxP\":7},{\"mq\":\"Sagetra\",\"nm\":\"Couvercle rainure bac \u00E0 aliment polycarbonate 1\\\/9\",\"nme\":\"Slotted Cover Food Pan Polycarbonate 1\\\/9 Size\",\"attr\":\"\",\"sku\":\"25497\",\"l2\":\"Buffet\",\"sl\":\"couvercle-rainure-bac-a-aliment-polycarbonate-19-sagetra-25497\",\"sn\":\"\",\"idxP\":13},{\"mq\":\"Dynamic\",\"nm\":\"Essoreuse \u00E0 salade commerciale 10 litres\",\"nme\":\"10L commercial salad spinner\",\"attr\":\"\",\"sku\":\"24097\",\"l2\":\"Accessoire de cuisine\",\"sl\":\"essoreuse-a-salade-commerciale-10-litres-dynamic-24097\",\"sn\":\"\",\"idxP\":9},{\"mq\":\"Browne\",\"nm\":\"R\u00E9chaud pleine grandeur\",\"nme\":\"Chafer Full Size\",\"attr\":\"\",\"sku\":\"25523\",\"l2\":\"Buffet\",\"sl\":\"rechaud-pleine-grandeur-browne-25523\",\"sn\":\"\",\"idxP\":66},{\"mq\":\"Windsor\",\"nm\":\"Cuill\u00E8re \u00E0 caf\u00E9 118 mm x 1,5 mm\",\"nme\":\"Espresso Spoon\",\"attr\":\"\",\"sku\":\"20600\",\"l2\":\"Ustensile de table\",\"sl\":\"cuillere-a-cafe-118-mm-x-15-mm-windsor-20600\",\"sn\":\"\",\"idxP\":13},{\"mq\":\"Sagetra\",\"nm\":\"Assiette \u00E0 pizza rigide perfor\u00E9e 19\\\"\",\"nme\":\"Perforated Rigid Pizza Pan 19\\\"\",\"attr\":\"\",\"sku\":\"37360\",\"l2\":\"Accessoire pour pizza\",\"sl\":\"assiette-a-pizza-rigide-perforee-19-sagetra-37360\",\"sn\":\"\",\"idxP\":10},{\"mq\":\"Sagetra\",\"nm\":\"Assiette \u00E0 pizza rigide perfor\u00E9e 10\\\"\",\"nme\":\"Perforated Rigid Pizza Pan 10\\\"\",\"attr\":\"\",\"sku\":\"37343\",\"l2\":\"Accessoire pour pizza\",\"sl\":\"assiette-a-pizza-rigide-perforee-10-sagetra-37343\",\"sn\":\"\",\"idxP\":26},{\"mq\":\"Sagetra\",\"nm\":\"Assiette \u00E0 pizza rigide perfor\u00E9e 17\\\"\",\"nme\":\"Perforated Rigid Pizza Pan 17\\\"\",\"attr\":\"\",\"sku\":\"37358\",\"l2\":\"Accessoire pour pizza\",\"sl\":\"assiette-a-pizza-rigide-perforee-17-sagetra-37358\",\"sn\":\"\",\"idxP\":4},{\"mq\":\"Sagetra\",\"nm\":\"Assiette \u00E0 pizza rigide perfor\u00E9e 11\\\"\",\"nme\":\"Perforated Rigid Pizza Pan 11\\\"\",\"attr\":\"\",\"sku\":\"37344\",\"l2\":\"Accessoire pour pizza\",\"sl\":\"assiette-a-pizza-rigide-perforee-11-sagetra-37344\",\"sn\":\"\",\"idxP\":17},{\"mq\":\"Sagetra\",\"nm\":\"Assiette \u00E0 pizza rigide perfor\u00E9e 13\\\"\",\"nme\":\"Perforated Rigid Pizza Pan 11\\\"\",\"attr\":\"\",\"sku\":\"37346\",\"l2\":\"Accessoire pour pizza\",\"sl\":\"assiette-a-pizza-rigide-perforee-13-sagetra-37346\",\"sn\":\"\",\"idxP\":17},{\"mq\":\"Sagetra\",\"nm\":\"Assiette \u00E0 pizza rigide perfor\u00E9e 7\\\"\",\"nme\":\"Perforated Rigid Pizza Pan 7\\\"\",\"attr\":\"\",\"sku\":\"37340\",\"l2\":\"Accessoire pour pizza\",\"sl\":\"assiette-a-pizza-rigide-perforee-7-sagetra-37340\",\"sn\":\"\",\"idxP\":12},{\"mq\":\"Sagetra\",\"nm\":\"Assiette \u00E0 pizza rigide perfor\u00E9e 8\\\"\",\"nme\":\"Perforated Rigid Pizza Pan 8\\\"\",\"attr\":\"\",\"sku\":\"37341\",\"l2\":\"Accessoire pour pizza\",\"sl\":\"assiette-a-pizza-rigide-perforee-8-sagetra-37341\",\"sn\":\"\",\"idxP\":14},{\"mq\":\"Sagetra\",\"nm\":\"Assiette \u00E0 pizza rigide perfor\u00E9e 9\\\"\",\"nme\":\"Perforated Pizza Pan 9\\\"\",\"attr\":\"\",\"sku\":\"37342\",\"l2\":\"Accessoire pour pizza\",\"sl\":\"assiette-a-pizza-rigide-perforee-9-sagetra-37342\",\"sn\":\"\",\"idxP\":10},{\"mq\":\"Sagetra\",\"nm\":\"Assiette \u00E0 pizza rigide perfor\u00E9e 12\\\"\",\"nme\":\"Perforated Rigid Pizza Pan 12\\\"\",\"attr\":\"\",\"sku\":\"37345\",\"l2\":\"Accessoire pour pizza\",\"sl\":\"assiette-a-pizza-rigide-perforee-12-sagetra-37345\",\"sn\":\"\",\"idxP\":34},{\"mq\":\"Sagetra\",\"nm\":\"Assiette \u00E0 pizza rigide perfor\u00E9e 18\\\"\",\"nme\":\"Perforated Pizza Pan 18\\\"\",\"attr\":\"\",\"sku\":\"37359\",\"l2\":\"Accessoire pour pizza\",\"sl\":\"assiette-a-pizza-rigide-perforee-18-sagetra-37359\",\"sn\":\"\",\"idxP\":15},{\"mq\":\"Sagetra\",\"nm\":\"Bol \u00E0 m\u00E9langer profond en acier inoxydable 1.5L\",\"nme\":\"Deep Stainless Steel Mixing Bowl 1.5 L\",\"attr\":\"\",\"sku\":\"21501\",\"l2\":\"Accessoire de cuisine\",\"sl\":\"bol-a-melanger-profond-en-acier-inoxydable-1.5l-sagetra-21501\",\"sn\":\"\",\"idxP\":34},{\"mq\":\"Sagetra\",\"nm\":\"Bol \u00E0 m\u00E9langer profond en acier inoxydable 5L\",\"nme\":\"Stainless Steel Deep Mixing Bowl 5 L\",\"attr\":\"\",\"sku\":\"21503\",\"l2\":\"Accessoire de cuisine\",\"sl\":\"bol-a-melanger-profond-en-acier-inoxydable-5l-sagetra-21503\",\"sn\":\"\",\"idxP\":38},{\"mq\":\"Kayali\",\"nm\":\"Bol \u00E0 p\u00E2te 10.5\\\"\",\"nme\":\"Pasta Bowl 10.5\\\"\",\"attr\":\"\",\"sku\":\"21276\",\"l2\":\"Vaisselle\",\"sl\":\"bol-a-pate-10.5-kayali-21276\",\"sn\":\"\",\"idxP\":17},{\"mq\":\"Kayali\",\"nm\":\"Bol \u00E0 p\u00E2te 11.5\\\"\",\"nme\":\"Pasta Bowl 11.5\\\"\",\"attr\":\"\",\"sku\":\"21277\",\"l2\":\"Vaisselle\",\"sl\":\"bol-a-pate-11.5-kayali-21277\",\"sn\":\"\",\"idxP\":16},{\"mq\":\"Sagetra\",\"nm\":\"Bol \u00E0 m\u00E9langer profond en acier inoxydable 8L\",\"nme\":\"Stainless Steel Deep Mixing Bowl 8 L\",\"attr\":\"\",\"sku\":\"21504\",\"l2\":\"Accessoire de cuisine\",\"sl\":\"bol-a-melanger-profond-en-acier-inoxydable-8l-sagetra-21504\",\"sn\":\"\",\"idxP\":30},{\"mq\":\"Kayali\",\"nm\":\"Verre \u00E0 vin pour d\u00E9gustation 7 1\\\/4'\",\"nme\":\"Wine Tasting Glass 7 1\\\/4\\\" x6\",\"attr\":\"\",\"sku\":\"21507\",\"l2\":\"Verrerie\",\"sl\":\"verre-a-vin-pour-degustation-7-14-kayali-21507\",\"sn\":\"\",\"idxP\":5},{\"mq\":\"Sagetra\",\"nm\":\"Bol \u00E0 m\u00E9langer profond en acier inoxydable 3L\",\"nme\":\"Stainless Steel Deep Mixing Bowl 3 L\",\"attr\":\"\",\"sku\":\"21502\",\"l2\":\"Accessoire de cuisine\",\"sl\":\"bol-a-melanger-profond-en-acier-inoxydable-3l-sagetra-21502\",\"sn\":\"\",\"idxP\":35},{\"mq\":\"Sagetra\",\"nm\":\"Bol \u00E0 m\u00E9langer profond inox\",\"nme\":\"Stainless Steel Mixing Bowl 12 L\",\"attr\":\"\",\"sku\":\"21508\",\"l2\":\"Accessoire de cuisine\",\"sl\":\"bol-a-melanger-profond-inox-sagetra-21508\",\"sn\":\"\",\"idxP\":37},{\"mq\":\"Oxo Danesco\",\"nm\":\"Chalumeau \u00E0 cuisson\",\"nme\":\"Cooking Torch\",\"attr\":\"\",\"sku\":\"22969\",\"l2\":\"Accessoire de p\u00E2tisserie\",\"sl\":\"chalumeau-a-cuisson-oxo-danesco-22969\",\"sn\":\"\",\"idxP\":23},{\"mq\":\"Sagetra\",\"nm\":\"Plat Coquille St-Jacques c\u00E9ramique blanc 7-1\\\/4oz\",\"nme\":\"Baking Shell White Ceramic 7 1\\\/4 oz\",\"attr\":\"\",\"sku\":\"25683\",\"l2\":\"Service de table\",\"sl\":\"plat-coquille-st-jacques-ceramique-blanc-7-14oz-sagetra-25683\",\"sn\":\"\",\"idxP\":38},{\"mq\":\"Sagetra\",\"nm\":\"Bol de soupe \u00E0 l'oignon en c\u00E9ramique brune 8 oz\",\"nme\":\"Onion Soup Bowl Brown Ceramic 8 oz\",\"attr\":\"\",\"sku\":\"25675\",\"l2\":\"Vaisselle\",\"sl\":\"bol-de-soupe-a-loignon-en-ceramique-brune-8-oz-sagetra-25675\",\"sn\":\"onions, oignons\",\"idxP\":24},{\"mq\":\"Sagetra\",\"nm\":\"Plat \u00E0 gratin en porcelaine 15 oz\",\"nme\":\"Ceramic Gratin Dish 15 oz\",\"attr\":\"\",\"sku\":\"25685\",\"l2\":\"Service de table\",\"sl\":\"plat-a-gratin-en-porcelaine-15-oz-sagetra-25685\",\"sn\":\"\",\"idxP\":22},{\"mq\":\"Sagetra\",\"nm\":\"Plat \u00E0 gratin en porcelaine 6 1\\\/2 oz\",\"nme\":\"Ceramic Gratin Dish 6 1\\\/2 oz\",\"attr\":\"\",\"sku\":\"25684\",\"l2\":\"Service de table\",\"sl\":\"plat-a-gratin-en-porcelaine-6-12-oz-sagetra-25684\",\"sn\":\"\",\"idxP\":9},{\"mq\":\"Sagetra\",\"nm\":\"Ramequin blanc en c\u00E9ramique 4 oz\",\"nme\":\"White Ceramic Ramekin 4 oz\",\"attr\":\"\",\"sku\":\"25691\",\"l2\":\"Vaisselle\",\"sl\":\"ramequin-blanc-en-ceramique-4-oz-sagetra-25691\",\"sn\":\"\",\"idxP\":32},{\"mq\":\"Sagetra\",\"nm\":\"Bol \u00E0 m\u00E9langer profond en acier inoxydable 0.5L\",\"nme\":\"Deep Mixing Bowl 0.5 L\",\"attr\":\"\",\"sku\":\"21500\",\"l2\":\"Accessoire de cuisine\",\"sl\":\"bol-a-melanger-profond-en-acier-inoxydable-0.5l-sagetra-21500\",\"sn\":\"\",\"idxP\":32},{\"mq\":\"Sagetra\",\"nm\":\"Wok chinois avec poign\u00E9e en bois 16\\\" \\\/ 40 cm\",\"nme\":\"Chinese Wok with Wood Handle 16\\\" \\\/ 40 cm\",\"attr\":\"\",\"sku\":\"25693\",\"l2\":\"Batterie de cuisine\",\"sl\":\"wok-chinois-avec-poignee-en-bois-16-40-cm-sagetra-25693\",\"sn\":\"\",\"idxP\":8},{\"mq\":\"Sagetra\",\"nm\":\"Bol de soupe \u00E0 l'oignon en c\u00E9ramique blanche 12 o\",\"nme\":\"Onion Soup Bowl White Ceramic 12 oz\",\"attr\":\"\",\"sku\":\"25681\",\"l2\":\"Vaisselle\",\"sl\":\"bol-de-soupe-a-loignon-en-ceramique-blanche-12-o-sagetra-25681\",\"sn\":\"onions, oignons\",\"idxP\":26},{\"mq\":\"Sagetra\",\"nm\":\"Ramequin blanc en c\u00E9ramique 10 oz\",\"nme\":\"White Ceramic Ramekin 10 oz\",\"attr\":\"\",\"sku\":\"25687\",\"l2\":\"Vaisselle\",\"sl\":\"ramequin-blanc-en-ceramique-10-oz-sagetra-25687\",\"sn\":\"\",\"idxP\":24},{\"mq\":\"Sagetra\",\"nm\":\"Plat Coquille St-Jacques c\u00E9ramique blanc 6-1\\\/4oz\",\"nme\":\"Baking Shell White Ceramic 6 1\\\/4 oz\",\"attr\":\"\",\"sku\":\"25682\",\"l2\":\"Service de table\",\"sl\":\"plat-coquille-st-jacques-ceramique-blanc-6-14oz-sagetra-25682\",\"sn\":\"\",\"idxP\":23},{\"mq\":\"Sagetra\",\"nm\":\"Wok chinois avec poign\u00E9e en bois 12'' \\\/ 30 cm\",\"nme\":\"Chinese Wok with Wood Handle 12'' \\\/ 30 cm\",\"attr\":\"\",\"sku\":\"25695\",\"l2\":\"Batterie de cuisine\",\"sl\":\"wok-chinois-avec-poignee-en-bois-12-30-cm-sagetra-25695\",\"sn\":\"\",\"idxP\":12},{\"mq\":\"Trudeau\",\"nm\":\"Pince \u00E0 fruits de mer\",\"nme\":\"Sea Food Cracker\",\"attr\":\"\",\"sku\":\"21813\",\"l2\":\"Ustensile de table\",\"sl\":\"pince-a-fruits-de-mer-trudeau-21813\",\"sn\":\"\",\"idxP\":18},{\"mq\":\"Sagetra\",\"nm\":\"Bol de soupe \u00E0 l'oignon en c\u00E9ramique brune 12 oz\",\"nme\":\"Onion Soup Bowl Brown Ceramic 12 oz\",\"attr\":\"\",\"sku\":\"25680\",\"l2\":\"Vaisselle\",\"sl\":\"bol-de-soupe-a-loignon-en-ceramique-brune-12-oz-sagetra-25680\",\"sn\":\"onions, oignons\",\"idxP\":22},{\"mq\":\"Trudeau\",\"nm\":\"Bouteille en vitre transparent 50cl\",\"nme\":\"Clear Glass Bottle 50cl\",\"attr\":\"\",\"sku\":\"20890\",\"l2\":\"Service de table\",\"sl\":\"bouteille-en-vitre-transparent-50cl-trudeau-20890\",\"sn\":\"transparent\",\"idxP\":28},{\"mq\":\"Trudeau\",\"nm\":\"Ciseaux \u00E0 fruits de mer\",\"nme\":\"Sea Food Shears\",\"attr\":\"\",\"sku\":\"21816\",\"l2\":\"Ustensiles et accessoires\",\"sl\":\"ciseaux-a-fruits-de-mer-trudeau-21816\",\"sn\":\"\",\"idxP\":19},{\"mq\":\"Trudeau\",\"nm\":\"Bouteille d'huile 10 oz \\\/ 282 ml\",\"nme\":\"Oil Bottle 10 oz \\\/ 282 ml\",\"attr\":\"\",\"sku\":\"21924\",\"l2\":\"Service de table\",\"sl\":\"bouteille-dhuile-10-oz-282-ml-trudeau-21924\",\"sn\":\"\",\"idxP\":15},{\"mq\":\"Sagetra\",\"nm\":\"Ramequin blanc en c\u00E9ramique 5 oz\",\"nme\":\"White Ceramic Ramekin 5 oz\",\"attr\":\"\",\"sku\":\"25688\",\"l2\":\"Vaisselle\",\"sl\":\"ramequin-blanc-en-ceramique-5-oz-sagetra-25688\",\"sn\":\"\",\"idxP\":40},{\"mq\":\"Sagetra\",\"nm\":\"Wok chinois avec poign\u00E9e en bois 14'' \\\/ 36 cm\",\"nme\":\"Chinese Wok with Wood Handle 14'' \\\/ 36 cm\",\"attr\":\"\",\"sku\":\"25694\",\"l2\":\"Batterie de cuisine\",\"sl\":\"wok-chinois-avec-poignee-en-bois-14-36-cm-sagetra-25694\",\"sn\":\"\",\"idxP\":10},{\"mq\":\"Trudeau\",\"nm\":\"Ensemble de 2 pics \u00E0 fruits de mer\",\"nme\":\"Seafood Service Two Sticks Set\",\"attr\":\"\",\"sku\":\"21812\",\"l2\":\"Ustensile de table\",\"sl\":\"ensemble-de-2-pics-a-fruits-de-mer-trudeau-21812\",\"sn\":\"\",\"idxP\":25},{\"mq\":\"Adamo\",\"nm\":\"Pique-p\u00E2te en plastique\",\"nme\":\"Pastic Paste Pick\",\"attr\":\"\",\"sku\":\"26063\",\"l2\":\"Accessoire de p\u00E2tisserie\",\"sl\":\"pique-pate-en-plastique-adamo-26063\",\"sn\":\"\",\"idxP\":18},{\"mq\":\"Sagetra\",\"nm\":\"Plat \u00E0 gratin en porcelaine 12 oz\",\"nme\":\"Ceramic Gratin Dish 12 oz\",\"attr\":\"\",\"sku\":\"25686\",\"l2\":\"Service de table\",\"sl\":\"plat-a-gratin-en-porcelaine-12-oz-sagetra-25686\",\"sn\":\"\",\"idxP\":20},{\"mq\":\"Adamo\",\"nm\":\"Entonnoir en acier 14,3 cm\",\"nme\":\"Steel Funnel 14.3 cm\",\"attr\":\"\",\"sku\":\"26056\",\"l2\":\"Ustensiles et accessoires\",\"sl\":\"entonnoir-en-acier-143-cm-adamo-26056\",\"sn\":\"\",\"idxP\":15},{\"mq\":\"Trudeau\",\"nm\":\"Ciseaux de cuisine d\u00E9tachables noires\",\"nme\":\"Detachable Kitchen Shears\",\"attr\":\"\",\"sku\":\"26860\",\"l2\":\"Ustensiles et accessoires\",\"sl\":\"ciseaux-de-cuisine-detachables-noires-trudeau-26860\",\"sn\":\"\",\"idxP\":11},{\"mq\":\"Adamo\",\"nm\":\"Moule \u00E0 beigne en acier\",\"nme\":\"Steel Donut Mold\",\"attr\":\"\",\"sku\":\"26066\",\"l2\":\"Accessoire de p\u00E2tisserie\",\"sl\":\"moule-a-beigne-en-acier-adamo-26066\",\"sn\":\"moules\",\"idxP\":13},{\"mq\":\"Adamo\",\"nm\":\"Machine \u00E0 tomate manuelle\",\"nme\":\"Manual Tomato Machine\",\"attr\":\"\",\"sku\":\"26068\",\"l2\":\"Ustensile de table\",\"sl\":\"machine-a-tomate-manuelle-adamo-26068\",\"sn\":\"tomates\",\"idxP\":9},{\"mq\":\"Trudeau\",\"nm\":\"Assiette \u00E0 dessert Parma 20 cm\",\"nme\":\"Parma Dessert Plate 20 cm\",\"attr\":\"\",\"sku\":\"26209\",\"l2\":\"Vaisselle\",\"sl\":\"assiette-a-dessert-parma-20-cm-trudeau-26209\",\"sn\":\"\",\"idxP\":35},{\"mq\":\"Adamo\",\"nm\":\"Tubes \u00E0 canoli 14cm\",\"nme\":\"Pastry Canoli Tubes 14cm\",\"attr\":\"\",\"sku\":\"26062\",\"l2\":\"Accessoire de p\u00E2tisserie\",\"sl\":\"tubes-a-canoli-14cm-adamo-26062\",\"sn\":\"\",\"idxP\":14},{\"mq\":\"Trudeau\",\"nm\":\"Petit bol Parma\",\"nme\":\"Parma Small Bowl\",\"attr\":\"\",\"sku\":\"26208\",\"l2\":\"Vaisselle\",\"sl\":\"petit-bol-parma-trudeau-26208\",\"sn\":\"\",\"idxP\":37},{\"mq\":\"Kayali\",\"nm\":\"Assiette rectangle 14x6\\\"\",\"nme\":\"Rectangular Plate 14\\\"x6\\\"\",\"attr\":\"\",\"sku\":\"26986\",\"l2\":\"Vaisselle\",\"sl\":\"assiette-rectangle-14x6-kayali-26986\",\"sn\":\"\",\"idxP\":17},{\"mq\":\"Trudeau\",\"nm\":\"Moulin \u00E0 poivre S\u00E9ville 25 cm\",\"nme\":\"Pepper Mill 25 cm\",\"attr\":\"\",\"sku\":\"37720\",\"l2\":\"Service de table\",\"sl\":\"moulin-a-poivre-seville-25-cm-trudeau-37720\",\"sn\":\"\",\"idxP\":27},{\"mq\":\"Sagetra\",\"nm\":\"Ramequin blanc en c\u00E9ramique 3 oz\",\"nme\":\"White Ceramic Ramekin 3 oz\",\"attr\":\"\",\"sku\":\"25692\",\"l2\":\"Vaisselle\",\"sl\":\"ramequin-blanc-en-ceramique-3-oz-sagetra-25692\",\"sn\":\"\",\"idxP\":44},{\"mq\":\"Kayali\",\"nm\":\"Bol \u00E0 hors d'oeuvre rond et cuill\u00E8re porcelaine\",\"nme\":\"Porcelain Round Bowl with Spoon 2.25\\\"\",\"attr\":\"\",\"sku\":\"34699\",\"l2\":\"Vaisselle\",\"sl\":\"bol-a-hors-doeuvre-rond-et-cuillere-porcelaine-kayali-34699\",\"sn\":\"\",\"idxP\":32},{\"mq\":\"Kayali\",\"nm\":\"Cuill\u00E8re \u00E0 soupe Fillet\",\"nme\":\"Fillet Soup Spoon\",\"attr\":\"\",\"sku\":\"38559\",\"l2\":\"Ustensile de table\",\"sl\":\"cuillere-a-soupe-fillet-kayali-38559\",\"sn\":\"\",\"idxP\":23},{\"mq\":\"Kayali\",\"nm\":\"Sali\u00E8re et poivri\u00E8re en verre\",\"nme\":\"Glass Salt and Pepper Dispensers\",\"attr\":\"\",\"sku\":\"38571\",\"l2\":\"Service de table\",\"sl\":\"saliere-et-poivriere-en-verre-kayali-38571\",\"sn\":\"\",\"idxP\":62},{\"mq\":\"Kayali\",\"nm\":\"Couteau \u00E0 steak\",\"nme\":\"Steak Knife\",\"attr\":\"\",\"sku\":\"39583\",\"l2\":\"Ustensile de table\",\"sl\":\"couteau-a-steak-kayali-39583\",\"sn\":\"\",\"idxP\":30},{\"mq\":\"Kayali\",\"nm\":\"Contenant plastique rectangulaire haut 1,6 L\",\"nme\":\"High Side Rectangular Plastic Container 1.6 L\",\"attr\":\"\",\"sku\":\"39599\",\"l2\":\"Contenant et pot\",\"sl\":\"contenant-plastique-rectangulaire-haut-16-l-kayali-39599\",\"sn\":\"\",\"idxP\":16},{\"mq\":\"Trudeau\",\"nm\":\"Vaporiseur d'huile 282 ml\",\"nme\":\"Oil Spray Bottle 10 oz \\\/ 282 ml\",\"attr\":\"\",\"sku\":\"31133\",\"l2\":\"Service de table\",\"sl\":\"vaporiseur-dhuile-282-ml-trudeau-31133\",\"sn\":\"\",\"idxP\":19},{\"mq\":\"Trudeau\",\"nm\":\"Moulin \u00E0 poivre et \u00E0 sel S\u00E9ville 15 cm\",\"nme\":\"S\u00E9ville Pepper and Salt Mills 15 cm\",\"attr\":\"\",\"sku\":\"37729\",\"l2\":\"Service de table\",\"sl\":\"moulin-a-poivre-et-a-sel-seville-15-cm-trudeau-37729\",\"sn\":\"\",\"idxP\":11},{\"mq\":\"Trudeau\",\"nm\":\"Pichet linea avec couvercle\",\"nme\":\"Linea Jug 1.8 L\",\"attr\":\"\",\"sku\":\"25127\",\"l2\":\"Service de table\",\"sl\":\"pichet-linea-avec-couvercle-trudeau-25127\",\"sn\":\"\",\"idxP\":22},{\"mq\":\"Adamo\",\"nm\":\"Douille de d\u00E9coration \u00E0 g\u00E2teau\",\"nme\":\"Cake Decoration Tubes\",\"attr\":\"\",\"sku\":\"26064\",\"l2\":\"Accessoire de p\u00E2tisserie\",\"sl\":\"douille-de-decoration-a-gateau-adamo-26064\",\"sn\":\"\",\"idxP\":18},{\"mq\":\"Kayali\",\"nm\":\"Assiette rectangulaire en porcelaine 14\\\"x6\\\"\",\"nme\":\"Rectangular Porcelain Plate 14\\\"x6\\\"\",\"attr\":\"\",\"sku\":\"35007\",\"l2\":\"Vaisselle\",\"sl\":\"assiette-rectangulaire-en-porcelaine-14x6-kayali-35007\",\"sn\":\"\",\"idxP\":37},{\"mq\":\"Kayali\",\"nm\":\"Bol de soupe \u00E0 l'oignon\",\"nme\":\"Soup Bowl Onion\",\"attr\":\"\",\"sku\":\"38542\",\"l2\":\"Vaisselle\",\"sl\":\"bol-de-soupe-a-loignon-kayali-38542\",\"sn\":\"onions, oignons\",\"idxP\":44},{\"mq\":\"Kayali\",\"nm\":\"Cuill\u00E8re \u00E0 soupe Resto\",\"nme\":\"Resto Soup Spoon\",\"attr\":\"\",\"sku\":\"38560\",\"l2\":\"Ustensile de table\",\"sl\":\"cuillere-a-soupe-resto-kayali-38560\",\"sn\":\"\",\"idxP\":24},{\"mq\":\"Kayali\",\"nm\":\"Fourchette \u00E0 d\u00EEner Resto\",\"nme\":\"Resto Dinner Fork\",\"attr\":\"\",\"sku\":\"38575\",\"l2\":\"Ustensile de table\",\"sl\":\"fourchette-a-diner-resto-kayali-38575\",\"sn\":\"\",\"idxP\":10},{\"mq\":\"Trudeau\",\"nm\":\"Moulins \u00E0 poivre et \u00E0 sel Alexa 18 cm\",\"nme\":\"Alexa Pepper and Salt Mills 18 cm\",\"attr\":\"\",\"sku\":\"37728\",\"l2\":\"Service de table\",\"sl\":\"moulins-a-poivre-et-a-sel-alexa-18-cm-trudeau-37728\",\"sn\":\"\",\"idxP\":18},{\"mq\":\"Kayali\",\"nm\":\"Beurrier en porcelaine 1lb\",\"nme\":\"Porcelaine Butter Dish 1lb\",\"attr\":\"\",\"sku\":\"38515\",\"l2\":\"Service de table\",\"sl\":\"beurrier-en-porcelaine-1lb-kayali-38515\",\"sn\":\"\",\"idxP\":28},{\"mq\":\"Kayali\",\"nm\":\"Cuill\u00E8re \u00E0 caf\u00E9 Fillet\",\"nme\":\"Fillet Coffee Spoon\",\"attr\":\"\",\"sku\":\"38555\",\"l2\":\"Ustensile de table\",\"sl\":\"cuillere-a-cafe-fillet-kayali-38555\",\"sn\":\"\",\"idxP\":31},{\"mq\":\"Trudeau\",\"nm\":\"Assiette \u00E0 d\u00EEner Parma 27 cm\",\"nme\":\"Parma Dinner Plate 27 cm\",\"attr\":\"\",\"sku\":\"26210\",\"l2\":\"Vaisselle\",\"sl\":\"assiette-a-diner-parma-27-cm-trudeau-26210\",\"sn\":\"\",\"idxP\":58},{\"mq\":\"Kayali\",\"nm\":\"Tasse en porcelaine 8 oz \\\/ 236 ml\",\"nme\":\"Porcelain Mug 8 oz \\\/ 236 ml\",\"attr\":\"\",\"sku\":\"35626\",\"l2\":\"Vaisselle\",\"sl\":\"tasse-en-porcelaine-8-oz-236-ml-kayali-35626\",\"sn\":\"\",\"idxP\":18},{\"mq\":\"Kayali\",\"nm\":\"Couteau de table\",\"nme\":\"Dinner Knife\",\"attr\":\"\",\"sku\":\"38551\",\"l2\":\"Couteau de chef\",\"sl\":\"couteau-de-table-kayali-38551\",\"sn\":\"\",\"idxP\":30},{\"mq\":\"Kayali\",\"nm\":\"Cuill\u00E8re \u00E0 th\u00E9 Fillet\",\"nme\":\"Fillet Tea Spoon\",\"attr\":\"\",\"sku\":\"38561\",\"l2\":\"Ustensile de table\",\"sl\":\"cuillere-a-the-fillet-kayali-38561\",\"sn\":\"\",\"idxP\":20},{\"mq\":\"Kayali\",\"nm\":\"Fourchette \u00E0 salade\",\"nme\":\"Fourchette \u00E0 salade dans un filet de luxe\",\"attr\":\"\",\"sku\":\"38577\",\"l2\":\"Ustensile de table\",\"sl\":\"fourchette-a-salade-kayali-38577\",\"sn\":\"\",\"idxP\":20},{\"mq\":\"Kayali\",\"nm\":\"Plat \u00E0 escargot\",\"nme\":\"Snails Plate\",\"attr\":\"\",\"sku\":\"39588\",\"l2\":\"Service de table\",\"sl\":\"plat-a-escargot-kayali-39588\",\"sn\":\"\",\"idxP\":59},{\"mq\":\"Trudeau\",\"nm\":\"Moulin \u00E0 poivre \u00E0 piles 15 cm \\\/ 6\\\"\",\"nme\":\"Pepper Mill with Battery 15 cm \\\/ 6\\\"\",\"attr\":\"\",\"sku\":\"37735\",\"l2\":\"Service de table\",\"sl\":\"moulin-a-poivre-a-piles-15-cm-6-trudeau-37735\",\"sn\":\"\",\"idxP\":14},{\"mq\":\"Kayali\",\"nm\":\"Cuill\u00E8re \u00E0 th\u00E9 Resto\",\"nme\":\"Resto Tea Spoon\",\"attr\":\"\",\"sku\":\"38562\",\"l2\":\"Ustensile de table\",\"sl\":\"cuillere-a-the-resto-kayali-38562\",\"sn\":\"\",\"idxP\":19},{\"mq\":\"Kayali\",\"nm\":\"Plat en porcelaine rectangulaire 12\\\"x5\\\"\",\"nme\":\"Porcelain Rectangular Plate 12\\\"x5\\\"\",\"attr\":\"\",\"sku\":\"39589\",\"l2\":\"Service de table\",\"sl\":\"plat-en-porcelaine-rectangulaire-12x5-kayali-39589\",\"sn\":\"\",\"idxP\":24},{\"mq\":\"Kayali\",\"nm\":\"Fourchette \u00E0 d\u00EEner Fillet\",\"nme\":\"Fillet Dinner Fork\",\"attr\":\"\",\"sku\":\"38574\",\"l2\":\"Ustensile de table\",\"sl\":\"fourchette-a-diner-fillet-kayali-38574\",\"sn\":\"\",\"idxP\":14},{\"mq\":\"Kayali\",\"nm\":\"Fourchette \u00E0 salade Resto\",\"nme\":\"Resto Salad Fork\",\"attr\":\"\",\"sku\":\"39581\",\"l2\":\"Ustensile de table\",\"sl\":\"fourchette-a-salade-resto-kayali-39581\",\"sn\":\"\",\"idxP\":25}], [{\"mq\":\"Kayali\",\"nm\":\"3 Contenants plastiques carr\u00E9s 170 ml\",\"nme\":\"3 Square Plastic Containers 170 ml\",\"attr\":\"\",\"sku\":\"39594\",\"l2\":\"Contenant et pot\",\"sl\":\"3-contenants-plastiques-carres-170-ml-kayali-39594\",\"sn\":\"\",\"idxP\":24},{\"mq\":\"Kayali\",\"nm\":\"Contenant rond pour four\",\"nme\":\"Round Owen Container 400 ml\",\"attr\":\"\",\"sku\":\"39593\",\"l2\":\"Contenant et pot\",\"sl\":\"contenant-rond-pour-four-kayali-39593\",\"sn\":\"\",\"idxP\":11},{\"mq\":\"Kayali\",\"nm\":\"Contenant plastique rectangulaire haut 2 L\",\"nme\":\"High Side Rectangular Plastic Container 2 L\",\"attr\":\"\",\"sku\":\"39600\",\"l2\":\"Contenant et pot\",\"sl\":\"contenant-plastique-rectangulaire-haut-2-l-kayali-39600\",\"sn\":\"\",\"idxP\":6},{\"mq\":\"Kayali\",\"nm\":\"Contenant plastique rectangulaire 500 ml\",\"nme\":\"Rectangular Plastic Container 500 ml\",\"attr\":\"\",\"sku\":\"39607\",\"l2\":\"Contenant et pot\",\"sl\":\"contenant-plastique-rectangulaire-500-ml-kayali-39607\",\"sn\":\"\",\"idxP\":25},{\"mq\":\"Kayali\",\"nm\":\"Couteau de table Retro\",\"nme\":\"Retro Dinner Knife\",\"attr\":\"\",\"sku\":\"38552\",\"l2\":\"Couteau de chef\",\"sl\":\"couteau-de-table-retro-kayali-38552\",\"sn\":\"\",\"idxP\":28},{\"mq\":\"Kayali\",\"nm\":\"Contenant plastique rectangulaire 2,5 L\",\"nme\":\"Rectangular Plastic Container 2.5 L\",\"attr\":\"\",\"sku\":\"39601\",\"l2\":\"Contenant et pot\",\"sl\":\"contenant-plastique-rectangulaire-25-l-kayali-39601\",\"sn\":\"\",\"idxP\":25},{\"mq\":\"Kayali\",\"nm\":\"Contenant plastique rectangulaire 900 ml\",\"nme\":\"Rectangular Plastic Container 900 ml\",\"attr\":\"\",\"sku\":\"39608\",\"l2\":\"Contenant et pot\",\"sl\":\"contenant-plastique-rectangulaire-900-ml-kayali-39608\",\"sn\":\"\",\"idxP\":23},{\"mq\":\"Kayali\",\"nm\":\"Sali\u00E8re et poivri\u00E8re en acier inoxydable\",\"nme\":\"Stainless Steel Salt and Pepper Shakers\",\"attr\":\"\",\"sku\":\"39591\",\"l2\":\"Service de table\",\"sl\":\"saliere-et-poivriere-en-acier-inoxydable-kayali-39591\",\"sn\":\"\",\"idxP\":36},{\"mq\":\"Kayali\",\"nm\":\"Contenant plastique rond haut 800 ml\",\"nme\":\"High Side Round Plastic Container 800 ml\",\"attr\":\"\",\"sku\":\"39612\",\"l2\":\"Contenant et pot\",\"sl\":\"contenant-plastique-rond-haut-800-ml-kayali-39612\",\"sn\":\"\",\"idxP\":15},{\"mq\":\"Kayali\",\"nm\":\"Assiette \u00E0 d\u00EEner 10.5\\\"\",\"nme\":\"Dinner Plate 10.5\\\"\",\"attr\":\"\",\"sku\":\"49387\",\"l2\":\"Vaisselle\",\"sl\":\"assiette-a-diner-10.5-kayali-49387\",\"sn\":\"\",\"idxP\":46},{\"mq\":\"Kayali\",\"nm\":\"Contenant plastique carr\u00E9 1,2 L\",\"nme\":\"Square Plastic Container 1.2 L\",\"attr\":\"\",\"sku\":\"39596\",\"l2\":\"Contenant et pot\",\"sl\":\"contenant-plastique-carre-12-l-kayali-39596\",\"sn\":\"\",\"idxP\":22},{\"mq\":\"Kayali\",\"nm\":\"Contenant plastique carr\u00E9 2 L\",\"nme\":\"Square Plastic Container 2 L\",\"attr\":\"\",\"sku\":\"39603\",\"l2\":\"Contenant et pot\",\"sl\":\"contenant-plastique-carre-2-l-kayali-39603\",\"sn\":\"\",\"idxP\":14},{\"mq\":\"Kayali\",\"nm\":\"Contenant plastique pour sandwich 600 ml\",\"nme\":\"Sandwich Plastic Container 600 ml\",\"attr\":\"\",\"sku\":\"39611\",\"l2\":\"Contenant et pot\",\"sl\":\"contenant-plastique-pour-sandwich-600-ml-kayali-39611\",\"sn\":\"\",\"idxP\":23},{\"mq\":\"Kayali\",\"nm\":\"Contenant plastique rectangulaire 1,5 L\",\"nme\":\"Rectangular Plastic Container 1.5 L\",\"attr\":\"\",\"sku\":\"39598\",\"l2\":\"Contenant et pot\",\"sl\":\"contenant-plastique-rectangulaire-15-l-kayali-39598\",\"sn\":\"\",\"idxP\":16},{\"mq\":\"Kayali\",\"nm\":\"Contenant plastique rectangulaire haut 430 ml\",\"nme\":\"High Side Rectangular Plastic Container 430 ml\",\"attr\":\"\",\"sku\":\"39605\",\"l2\":\"Contenant et pot\",\"sl\":\"contenant-plastique-rectangulaire-haut-430-ml-kayali-39605\",\"sn\":\"\",\"idxP\":12},{\"mq\":\"Kayali\",\"nm\":\"Contenant plastique carr\u00E9 700 ml\",\"nme\":\"Square Plastic Container 700 ml\",\"attr\":\"\",\"sku\":\"39610\",\"l2\":\"Contenant et pot\",\"sl\":\"contenant-plastique-carre-700-ml-kayali-39610\",\"sn\":\"\",\"idxP\":20},{\"mq\":\"Kayali\",\"nm\":\"Contenant plastique carr\u00E9 3 L\",\"nme\":\"Square Plastic Container 3 L\",\"attr\":\"\",\"sku\":\"39604\",\"l2\":\"Contenant et pot\",\"sl\":\"contenant-plastique-carre-3-l-kayali-39604\",\"sn\":\"\",\"idxP\":11},{\"mq\":\"Kayali\",\"nm\":\"Contenant plastique rectangulaire 1 L\",\"nme\":\"Rectangular Plastic Container 1 L\",\"attr\":\"\",\"sku\":\"39595\",\"l2\":\"Contenant et pot\",\"sl\":\"contenant-plastique-rectangulaire-1-l-kayali-39595\",\"sn\":\"\",\"idxP\":19},{\"mq\":\"Kayali\",\"nm\":\"Contenant plastique rectangulaire 240 ml\",\"nme\":\"Rectangular Plastic Container 240 ml\",\"attr\":\"\",\"sku\":\"39602\",\"l2\":\"Contenant et pot\",\"sl\":\"contenant-plastique-rectangulaire-240-ml-kayali-39602\",\"sn\":\"\",\"idxP\":23},{\"mq\":\"Sagetra\",\"nm\":\"Bol \u00E0 m\u00E9langer profond inox 5 Qt\",\"nme\":\"Stainless Steel Deep Mixing Bowl 5 Qt\",\"attr\":\"\",\"sku\":\"40082\",\"l2\":\"Accessoire de cuisine\",\"sl\":\"bol-a-melanger-profond-inox-5-qt-sagetra-40082\",\"sn\":\"\",\"idxP\":30},{\"mq\":\"Kayali\",\"nm\":\"Contenant rond pour four 500 ml\",\"nme\":\"Round Owen Container 500 ml\",\"attr\":\"\",\"sku\":\"39615\",\"l2\":\"Contenant et pot\",\"sl\":\"contenant-rond-pour-four-500-ml-kayali-39615\",\"sn\":\"\",\"idxP\":4},{\"mq\":\"Sagetra\",\"nm\":\"Bol \u00E0 m\u00E9langer profond inox 7,6 L\",\"nme\":\"Stainless Steel Deep Mixing Bowl 7.6 L\",\"attr\":\"\",\"sku\":\"40083\",\"l2\":\"Accessoire de cuisine\",\"sl\":\"bol-a-melanger-profond-inox-76-l-sagetra-40083\",\"sn\":\"\",\"idxP\":30},{\"mq\":\"Kayali\",\"nm\":\"Bol \u00E0 dessert 4.5\\\" 5oz\",\"nme\":\"Desert Bowl 4.5\\\" 5oz\",\"attr\":\"\",\"sku\":\"49388\",\"l2\":\"Vaisselle\",\"sl\":\"bol-a-dessert-4.5-5oz-kayali-49388\",\"sn\":\"\",\"idxP\":16},{\"mq\":\"Ateco\",\"nm\":\"Poche \u00E0 p\u00E2tisserie fini plastique 8\\\"\",\"nme\":\"Plastic Coated Pastry Bag 8\\\"\",\"attr\":\"\",\"sku\":\"27008\",\"l2\":\"Accessoire de p\u00E2tisserie\",\"sl\":\"poche-a-patisserie-fini-plastique-8-ateco-27008\",\"sn\":\"\",\"idxP\":8},{\"mq\":\"Ateco\",\"nm\":\"Poche de d\u00E9coration \u00E9tanche en polyurethane 16\\\"\",\"nme\":\"Polyurethane Leek Proof Pastry Decorating Bag 16\\\"\",\"attr\":\"\",\"sku\":\"27020\",\"l2\":\"Accessoire de p\u00E2tisserie\",\"sl\":\"poche-de-decoration-etanche-en-polyurethane-16-ateco-27020\",\"sn\":\"\",\"idxP\":10},{\"mq\":\"Ateco\",\"nm\":\"Poche \u00E0 p\u00E2tisserie fini plastique 12\\\"\",\"nme\":\"Plastic Coated Pastry Bag 12\\\"\",\"attr\":\"\",\"sku\":\"27009\",\"l2\":\"Accessoire de p\u00E2tisserie\",\"sl\":\"poche-a-patisserie-fini-plastique-12-ateco-27009\",\"sn\":\"\",\"idxP\":9},{\"mq\":\"Ateco\",\"nm\":\"Poche \u00E0 gla\u00E7age canvas 12\\\"\",\"nme\":\"Pastry Decorating Bag 12\\\"\",\"attr\":\"\",\"sku\":\"27022\",\"l2\":\"Accessoire de p\u00E2tisserie\",\"sl\":\"poche-a-glacage-canvas-12-ateco-27022\",\"sn\":\"\",\"idxP\":11},{\"mq\":\"Ateco\",\"nm\":\"Poche \u00E0 p\u00E2tisserie fini plastique 16\\\"\",\"nme\":\"Plastic Coated Pastry Bag 16\\\"\",\"attr\":\"\",\"sku\":\"27010\",\"l2\":\"Accessoire de p\u00E2tisserie\",\"sl\":\"poche-a-patisserie-fini-plastique-16-ateco-27010\",\"sn\":\"\",\"idxP\":13},{\"mq\":\"Ateco\",\"nm\":\"Poche de d\u00E9coration \u00E9tanche en polyurethane 8\\\"\",\"nme\":\"Polyurethane Leek Proof Pastry Decorating Bag 8\\\"\",\"attr\":\"\",\"sku\":\"27018\",\"l2\":\"Accessoire de p\u00E2tisserie\",\"sl\":\"poche-de-decoration-etanche-en-polyurethane-8-ateco-27018\",\"sn\":\"\",\"idxP\":11},{\"mq\":\"Ateco\",\"nm\":\"Pinceau \u00E0 p\u00E2tisserie plat blanc 4\\\"\",\"nme\":\"White Flat Pastry Brush 4\\\"\",\"attr\":\"\",\"sku\":\"27030\",\"l2\":\"Accessoire de p\u00E2tisserie\",\"sl\":\"pinceau-a-patisserie-plat-blanc-4-ateco-27030\",\"sn\":\"\",\"idxP\":11},{\"mq\":\"Ateco\",\"nm\":\"D\u00E9coupoir roulant \u00E0 croissant inoxydable\",\"nme\":\"Stainless Steel Croissant Roller Cutter\",\"attr\":\"\",\"sku\":\"27047\",\"l2\":\"Ustensiles et accessoires\",\"sl\":\"decoupoir-roulant-a-croissant-inoxydable-ateco-27047\",\"sn\":\"croissants\",\"idxP\":0},{\"mq\":\"Ateco\",\"nm\":\"Poche de d\u00E9coration \u00E9tanche en polyurethane 12\\\"\",\"nme\":\"Polyurethane Leek Proof Pastry Decorating Bag 12\\\"\",\"attr\":\"\",\"sku\":\"27019\",\"l2\":\"Accessoire de p\u00E2tisserie\",\"sl\":\"poche-de-decoration-etanche-en-polyurethane-12-ateco-27019\",\"sn\":\"\",\"idxP\":7},{\"mq\":\"Ateco\",\"nm\":\"Poche \u00E0 gla\u00E7age canvas 16\\\"\",\"nme\":\"Pastry Decorating Bag 16\\\"\",\"attr\":\"\",\"sku\":\"27023\",\"l2\":\"Accessoire de p\u00E2tisserie\",\"sl\":\"poche-a-glacage-canvas-16-ateco-27023\",\"sn\":\"\",\"idxP\":11},{\"mq\":\"Ateco\",\"nm\":\"Ensemble de d\u00E9coupoirs plastiques fleur 3 morceaux\",\"nme\":\"Flower Shape Plastic Cutters Set of 3 Pieces\",\"attr\":\"\",\"sku\":\"27053\",\"l2\":\"Accessoire de p\u00E2tisserie\",\"sl\":\"ensemble-de-decoupoirs-plastiques-fleur-3-morceaux-ateco-27053\",\"sn\":\"\",\"idxP\":2},{\"mq\":\"Ateco\",\"nm\":\"Ensemble de d\u00E9coupoir plastique feuille 3 morceaux\",\"nme\":\"Leaf Shape Plastic Cutters Set of 3 Pieces\",\"attr\":\"\",\"sku\":\"27056\",\"l2\":\"Accessoire de p\u00E2tisserie\",\"sl\":\"ensemble-de-decoupoir-plastique-feuille-3-morceaux-ateco-27056\",\"sn\":\"\",\"idxP\":2},{\"mq\":\"Ateco\",\"nm\":\"Ensemble de d\u00E9coupoirs ronds 11 morceaux\",\"nme\":\"Round Cutter Set 11 Pieces\",\"attr\":\"\",\"sku\":\"27104\",\"l2\":\"Accessoire de p\u00E2tisserie\",\"sl\":\"ensemble-de-decoupoirs-ronds-11-morceaux-ateco-27104\",\"sn\":\"\",\"idxP\":4},{\"mq\":\"Ateco\",\"nm\":\"Pinceau \u00E0 p\u00E2tisserie plat blanc 2\\\"\",\"nme\":\"White Flat Pastry Brush 2\\\"\",\"attr\":\"\",\"sku\":\"27028\",\"l2\":\"Accessoire de p\u00E2tisserie\",\"sl\":\"pinceau-a-patisserie-plat-blanc-2-ateco-27028\",\"sn\":\"\",\"idxP\":8},{\"mq\":\"Ateco\",\"nm\":\"Ensemble d\u00E9coupoirs alphabet 3'' 26 morceaux\",\"nme\":\"Alphabet Cookie Cutter Set 3'' 26 Pieces\",\"attr\":\"\",\"sku\":\"27058\",\"l2\":\"Accessoire de p\u00E2tisserie\",\"sl\":\"ensemble-decoupoirs-alphabet-3-26-morceaux-ateco-27058\",\"sn\":\"\",\"idxP\":1},{\"mq\":\"Ateco\",\"nm\":\"Ensemble d\u00E9coupoir cannel\u00E9 hexagone en inox 5 mcx\",\"nme\":\"Stainless Steel Flutted Hexagonal Cutter 5 Pieces\",\"attr\":\"\",\"sku\":\"27092\",\"l2\":\"Accessoire de p\u00E2tisserie\",\"sl\":\"ensemble-decoupoir-cannele-hexagone-en-inox-5-mcx-ateco-27092\",\"sn\":\"\",\"idxP\":1},{\"mq\":\"Ateco\",\"nm\":\"Ensemble de d\u00E9coupoirs ronds cannel\u00E9s 12 morceaux\",\"nme\":\"Fluted Round Cutter Set 12 Pieces\",\"attr\":\"\",\"sku\":\"27109\",\"l2\":\"Accessoire de p\u00E2tisserie\",\"sl\":\"ensemble-de-decoupoirs-ronds-canneles-12-morceaux-ateco-27109\",\"sn\":\"\",\"idxP\":1},{\"mq\":\"Ateco\",\"nm\":\"Ensemble de d\u00E9coupoirs ovales 7 morceaux\",\"nme\":\"Oval Cutter Set of 7 Pieces\",\"attr\":\"\",\"sku\":\"27077\",\"l2\":\"Accessoire de p\u00E2tisserie\",\"sl\":\"ensemble-de-decoupoirs-ovales-7-morceaux-ateco-27077\",\"sn\":\"\",\"idxP\":0},{\"mq\":\"Ateco\",\"nm\":\"Ensemble de d\u00E9coupoirs carr\u00E9s en inox 5 morceaux\",\"nme\":\"Stainless Steel Square Cutters Set of 5 Pieces\",\"attr\":\"\",\"sku\":\"27090\",\"l2\":\"Accessoire de p\u00E2tisserie\",\"sl\":\"ensemble-de-decoupoirs-carres-en-inox-5-morceaux-ateco-27090\",\"sn\":\"\",\"idxP\":1},{\"mq\":\"Ateco\",\"nm\":\"Ensemble de d\u00E9coupoirs ovales en inox 9 morceaux\",\"nme\":\"Stainless Steel Ovale Cutter Set of 9 Pieces\",\"attr\":\"\",\"sku\":\"27106\",\"l2\":\"Accessoire de p\u00E2tisserie\",\"sl\":\"ensemble-de-decoupoirs-ovales-en-inox-9-morceaux-ateco-27106\",\"sn\":\"\",\"idxP\":0},{\"mq\":\"Ateco\",\"nm\":\"Moule \u00E0 g\u00E2teau rectangle 1,75\\\" D x 2,5\\\" H\",\"nme\":\"Rectangular Cake Mold 1,75\\\" D x 2,5\\\" H\",\"attr\":\"\",\"sku\":\"27111\",\"l2\":\"Accessoire de p\u00E2tisserie\",\"sl\":\"moule-a-gateau-rectangle-175-d-x-25-h-ateco-27111\",\"sn\":\"moules\",\"idxP\":4},{\"mq\":\"Ateco\",\"nm\":\"Pinceau \u00E0 p\u00E2tisserie plat blanc 1\\\"\",\"nme\":\"White Flat Pastry Brush 1\\\"\",\"attr\":\"\",\"sku\":\"27026\",\"l2\":\"Accessoire de p\u00E2tisserie\",\"sl\":\"pinceau-a-patisserie-plat-blanc-1-ateco-27026\",\"sn\":\"\",\"idxP\":11},{\"mq\":\"Ateco\",\"nm\":\"D\u00E9coupoir plastique forme d'ananas 2\\\"\",\"nme\":\"Pineapple Shape Plastic Cutter 2\\\"\",\"attr\":\"\",\"sku\":\"27049\",\"l2\":\"Accessoire de p\u00E2tisserie\",\"sl\":\"decoupoir-plastique-forme-dananas-2-ateco-27049\",\"sn\":\"apples, ananas\",\"idxP\":3},{\"mq\":\"Ateco\",\"nm\":\"D\u00E9coupoir plastique forme de lys 2\\\"\",\"nme\":\"Lily Shape Plastic Cutter 2\\\"\",\"attr\":\"\",\"sku\":\"27055\",\"l2\":\"Accessoire de p\u00E2tisserie\",\"sl\":\"decoupoir-plastique-forme-de-lys-2-ateco-27055\",\"sn\":\"\",\"idxP\":1},{\"mq\":\"Ateco\",\"nm\":\"Ensemble de d\u00E9coupage alphabet 1\\\"\",\"nme\":\"Alphabet Cutter Set 1\\\"\",\"attr\":\"\",\"sku\":\"27060\",\"l2\":\"Accessoire de p\u00E2tisserie\",\"sl\":\"ensemble-de-decoupage-alphabet-1-ateco-27060\",\"sn\":\"\",\"idxP\":1},{\"mq\":\"Ateco\",\"nm\":\"Poche \u00E0 p\u00E2tisserie fini plastique 21\\\"\",\"nme\":\"Plastic Coated Pastry Bag 21\\\"\",\"attr\":\"\",\"sku\":\"27014\",\"l2\":\"Accessoire de p\u00E2tisserie\",\"sl\":\"poche-a-patisserie-fini-plastique-21-ateco-27014\",\"sn\":\"\",\"idxP\":10},{\"mq\":\"Ateco\",\"nm\":\"Ensemble de d\u00E9coupoirs chiffres 1,5'' 9 morceaux\",\"nme\":\"Stainless Steel Numbers Cutter Set 1.5'' 9 Pieces\",\"attr\":\"\",\"sku\":\"27059\",\"l2\":\"Accessoire de p\u00E2tisserie\",\"sl\":\"ensemble-de-decoupoirs-chiffres-15-9-morceaux-ateco-27059\",\"sn\":\"\",\"idxP\":2},{\"mq\":\"Ateco\",\"nm\":\"Poche de d\u00E9coration \u00E9tanche en polyurethane 18\\\"\",\"nme\":\"Polyurethane Leek Proof Pastry Decorating Bag 18\\\"\",\"attr\":\"\",\"sku\":\"27021\",\"l2\":\"Accessoire de p\u00E2tisserie\",\"sl\":\"poche-de-decoration-etanche-en-polyurethane-18-ateco-27021\",\"sn\":\"\",\"idxP\":13},{\"mq\":\"Ateco\",\"nm\":\"Pinceau \u00E0 p\u00E2tisserie plat blanc 1,5\\\"\",\"nme\":\"White Flat Pastry Brush 1.5\\\"\",\"attr\":\"\",\"sku\":\"27027\",\"l2\":\"Accessoire de p\u00E2tisserie\",\"sl\":\"pinceau-a-patisserie-plat-blanc-15-ateco-27027\",\"sn\":\"\",\"idxP\":9},{\"mq\":\"Ateco\",\"nm\":\"Moule hexagonal 2,3\\\"\",\"nme\":\"Hexagonal Mold 2.3\\\"\",\"attr\":\"\",\"sku\":\"27114\",\"l2\":\"Accessoire de p\u00E2tisserie\",\"sl\":\"moule-hexagonal-23-ateco-27114\",\"sn\":\"moules\",\"idxP\":5},{\"mq\":\"Ateco\",\"nm\":\"Moule \u00E0 g\u00E2teau rond 3,125\\\" D x 1,75\\\" H\",\"nme\":\"Round Cake Mold 3.125\\\" D x 1.75\\\" H\",\"attr\":\"\",\"sku\":\"27128\",\"l2\":\"Accessoire de p\u00E2tisserie\",\"sl\":\"moule-a-gateau-rond-3125-d-x-175-h-ateco-27128\",\"sn\":\"moules\",\"idxP\":5},{\"mq\":\"Ateco\",\"nm\":\"Moule \u00E0 g\u00E2teau rond 2,375\\\" D x 3\\\" H\",\"nme\":\"Round Cake Mold 2.375\\\" D x 3\\\" H\",\"attr\":\"\",\"sku\":\"27133\",\"l2\":\"Accessoire de p\u00E2tisserie\",\"sl\":\"moule-a-gateau-rond-2375-d-x-3-h-ateco-27133\",\"sn\":\"moules\",\"idxP\":3},{\"mq\":\"Ateco\",\"nm\":\"Ensemble de moules ronds 3,5'' D 4 morceaux\",\"nme\":\"Food Molding Round Set 3.5'' D 4 Pieces\",\"attr\":\"\",\"sku\":\"27160\",\"l2\":\"Accessoire de p\u00E2tisserie\",\"sl\":\"ensemble-de-moules-ronds-35-d-4-morceaux-ateco-27160\",\"sn\":\"moules\",\"idxP\":1},{\"mq\":\"Ateco\",\"nm\":\"Ensemble de d\u00E9coupoirs \u00E9toile en inox 8 morceaux\",\"nme\":\"Stainless Steel Star Cutters Set of 8 Pieces\",\"attr\":\"\",\"sku\":\"27093\",\"l2\":\"Accessoire de p\u00E2tisserie\",\"sl\":\"ensemble-de-decoupoirs-etoile-en-inox-8-morceaux-ateco-27093\",\"sn\":\"\",\"idxP\":1},{\"mq\":\"Ateco\",\"nm\":\"Ensemble de d\u00E9coupoirs football en inox 6 morceaux\",\"nme\":\"Stainless Steel Football Cutters Set of 6 Pieces\",\"attr\":\"\",\"sku\":\"27099\",\"l2\":\"Accessoire de p\u00E2tisserie\",\"sl\":\"ensemble-de-decoupoirs-football-en-inox-6-morceaux-ateco-27099\",\"sn\":\"\",\"idxP\":1},{\"mq\":\"Ateco\",\"nm\":\"Ensemble de d\u00E9coupoirs carr\u00E9s en inox 6 morceaux\",\"nme\":\"Stainless Steel Square Cutters Set of 6 Pieces\",\"attr\":\"\",\"sku\":\"27103\",\"l2\":\"Accessoire de p\u00E2tisserie\",\"sl\":\"ensemble-de-decoupoirs-carres-en-inox-6-morceaux-ateco-27103\",\"sn\":\"\",\"idxP\":1},{\"mq\":\"Ateco\",\"nm\":\"Poche \u00E0 gla\u00E7age canvas 21\\\"\",\"nme\":\"Pastry Decorating Bag 18\\\"\",\"attr\":\"\",\"sku\":\"27025\",\"l2\":\"Accessoire de p\u00E2tisserie\",\"sl\":\"poche-a-glacage-canvas-21-ateco-27025\",\"sn\":\"\",\"idxP\":9},{\"mq\":\"Ateco\",\"nm\":\"Pinceau p\u00E2tisserie rond blanc 1\\\"\",\"nme\":\"White Round Pastry Brush 1\\\"\",\"attr\":\"\",\"sku\":\"27036\",\"l2\":\"Accessoire de p\u00E2tisserie\",\"sl\":\"pinceau-patisserie-rond-blanc-1-ateco-27036\",\"sn\":\"\",\"idxP\":10},{\"mq\":\"Ateco\",\"nm\":\"Moule carreau 3,5\\\"\",\"nme\":\"Diamond Form Mold 3.5''\",\"attr\":\"\",\"sku\":\"27113\",\"l2\":\"Accessoire de p\u00E2tisserie\",\"sl\":\"moule-carreau-35-ateco-27113\",\"sn\":\"moules\",\"idxP\":5},{\"mq\":\"Ateco\",\"nm\":\"Moule ovale 4\\\"\",\"nme\":\"Ovale Mold 4\\\"\",\"attr\":\"\",\"sku\":\"27119\",\"l2\":\"Accessoire de p\u00E2tisserie\",\"sl\":\"moule-ovale-4-ateco-27119\",\"sn\":\"moules\",\"idxP\":3},{\"mq\":\"Ateco\",\"nm\":\"Poche \u00E0 gla\u00E7age canvas 18\\\"\",\"nme\":\"Pastry Decorating Bag 18\\\"\",\"attr\":\"\",\"sku\":\"27024\",\"l2\":\"Accessoire de p\u00E2tisserie\",\"sl\":\"poche-a-glacage-canvas-18-ateco-27024\",\"sn\":\"\",\"idxP\":11},{\"mq\":\"Ateco\",\"nm\":\"Pinceau \u00E0 p\u00E2tisserie plat blanc 3\\\"\",\"nme\":\"White Flat Pastry Brush 3\\\"\",\"attr\":\"\",\"sku\":\"27029\",\"l2\":\"Accessoire de p\u00E2tisserie\",\"sl\":\"pinceau-a-patisserie-plat-blanc-3-ateco-27029\",\"sn\":\"\",\"idxP\":6},{\"mq\":\"Ateco\",\"nm\":\"Ensemble de d\u00E9coupoirs plastique \u00E9toile 3 morceaux\",\"nme\":\"Star Shape Plastic Cutters Set of 3 Pieces\",\"attr\":\"\",\"sku\":\"27052\",\"l2\":\"Accessoire de p\u00E2tisserie\",\"sl\":\"ensemble-de-decoupoirs-plastique-etoile-3-morceaux-ateco-27052\",\"sn\":\"\",\"idxP\":2},{\"mq\":\"Ateco\",\"nm\":\"Ensemble de d\u00E9coupoirs feuille courb\u00E9e 3 morceaux\",\"nme\":\"Curved Leaf Set of 3 Pieces\",\"attr\":\"\",\"sku\":\"27057\",\"l2\":\"Accessoire de p\u00E2tisserie\",\"sl\":\"ensemble-de-decoupoirs-feuille-courbee-3-morceaux-ateco-27057\",\"sn\":\"\",\"idxP\":2},{\"mq\":\"Ateco\",\"nm\":\"Moule ovale 3,13\\\"\",\"nme\":\"Oval Shaped Form 3.13\\\"\",\"attr\":\"\",\"sku\":\"27120\",\"l2\":\"Accessoire de p\u00E2tisserie\",\"sl\":\"moule-ovale-313-ateco-27120\",\"sn\":\"moules\",\"idxP\":4},{\"mq\":\"Ateco\",\"nm\":\"Moule \u00E0 g\u00E2teau rond 8,875\\\" D x 3\\\" H\",\"nme\":\"Round Cake Mold 8.875\\\" D x 3\\\" H\",\"attr\":\"\",\"sku\":\"27155\",\"l2\":\"Accessoire de p\u00E2tisserie\",\"sl\":\"moule-a-gateau-rond-8875-d-x-3-h-ateco-27155\",\"sn\":\"moules\",\"idxP\":3},{\"mq\":\"Ateco\",\"nm\":\"Moule \u00E0 g\u00E2teau rond 9,5\\\" D x 3\\\" H\",\"nme\":\"Round Cake Mold 9,5\\\" D x 3\\\" H\",\"attr\":\"\",\"sku\":\"27156\",\"l2\":\"Accessoire de p\u00E2tisserie\",\"sl\":\"moule-a-gateau-rond-95-d-x-3-h-ateco-27156\",\"sn\":\"moules\",\"idxP\":2},{\"mq\":\"Ateco\",\"nm\":\"Ensemble de d\u00E9coupoirs hexagonaux en inox 6 mcx\",\"nme\":\"Stainless Steel Hexagonal Cutters Set of 6 Pieces\",\"attr\":\"\",\"sku\":\"27091\",\"l2\":\"Accessoire de p\u00E2tisserie\",\"sl\":\"ensemble-de-decoupoirs-hexagonaux-en-inox-6-mcx-ateco-27091\",\"sn\":\"\",\"idxP\":3},{\"mq\":\"Ateco\",\"nm\":\"Ensemble de d\u00E9coupoir ovale cannel\u00E9s en inox 9 mcx\",\"nme\":\"Stainless Steel Oval Flutted Cutter Set of 9 Piece\",\"attr\":\"\",\"sku\":\"27107\",\"l2\":\"Accessoire de p\u00E2tisserie\",\"sl\":\"ensemble-de-decoupoir-ovale-canneles-en-inox-9-mcx-ateco-27107\",\"sn\":\"\",\"idxP\":2},{\"mq\":\"Ateco\",\"nm\":\"Moule \u00E0 g\u00E2teau rond 5,5\\\" D x 3\\\" H\",\"nme\":\"Round Cake Mold 5.5\\\" D x 3\\\" H\",\"attr\":\"\",\"sku\":\"27154\",\"l2\":\"Accessoire de p\u00E2tisserie\",\"sl\":\"moule-a-gateau-rond-55-d-x-3-h-ateco-27154\",\"sn\":\"moules\",\"idxP\":1},{\"mq\":\"Ateco\",\"nm\":\"Moule pyramide 3,5\\\"\",\"nme\":\"Pyramid Mold 3.5\\\"\",\"attr\":\"\",\"sku\":\"27116\",\"l2\":\"Accessoire de p\u00E2tisserie\",\"sl\":\"moule-pyramide-35-ateco-27116\",\"sn\":\"moules\",\"idxP\":2},{\"mq\":\"Ateco\",\"nm\":\"Moule carr\u00E9 2,75\\\"\",\"nme\":\"Square Mold 2.75\\\"\",\"attr\":\"\",\"sku\":\"27123\",\"l2\":\"Accessoire de p\u00E2tisserie\",\"sl\":\"moule-carre-275-ateco-27123\",\"sn\":\"moules\",\"idxP\":5},{\"mq\":\"Ateco\",\"nm\":\"Ensemble de moules ronds 2,75'' D 4 morceaux\",\"nme\":\"Food Molding Round Set 2.75'' D 4 Pieces\",\"attr\":\"\",\"sku\":\"27159\",\"l2\":\"Accessoire de p\u00E2tisserie\",\"sl\":\"ensemble-de-moules-ronds-275-d-4-morceaux-ateco-27159\",\"sn\":\"moules\",\"idxP\":1},{\"mq\":\"Ateco\",\"nm\":\"Poche \u00E0 p\u00E2tisserie jetable doux 12\\\"\",\"nme\":\"Soft Disposable Pastry Bag 12\\\"\",\"attr\":\"\",\"sku\":\"27171\",\"l2\":\"Accessoire de p\u00E2tisserie\",\"sl\":\"poche-a-patisserie-jetable-doux-12-ateco-27171\",\"sn\":\"\",\"idxP\":7},{\"mq\":\"Ateco\",\"nm\":\"Grand moule pyramide en inox 4,75\\\"\",\"nme\":\"Stainless Steel Large Pyramid Mold 4.75\\\"\",\"attr\":\"\",\"sku\":\"27117\",\"l2\":\"Accessoire de p\u00E2tisserie\",\"sl\":\"grand-moule-pyramide-en-inox-475-ateco-27117\",\"sn\":\"moules\",\"idxP\":2},{\"mq\":\"Ateco\",\"nm\":\"Moule \u00E0 g\u00E2teau rond 4\\\"x3\\\"\",\"nme\":\"Round Cake Mold 4\\\"x3\\\"\",\"attr\":\"\",\"sku\":\"27143\",\"l2\":\"Accessoire de p\u00E2tisserie\",\"sl\":\"moule-a-gateau-rond-4x3-ateco-27143\",\"sn\":\"moules\",\"idxP\":3},{\"mq\":\"Ateco\",\"nm\":\"Ensemble de d\u00E9coupoir cannel\u00E9s larme en inox 5 mcx\",\"nme\":\"Stainless Steel Flutted Tear Drop Cut Set 5 Piece\",\"attr\":\"\",\"sku\":\"27097\",\"l2\":\"Accessoire de p\u00E2tisserie\",\"sl\":\"ensemble-de-decoupoir-canneles-larme-en-inox-5-mcx-ateco-27097\",\"sn\":\"\",\"idxP\":1},{\"mq\":\"Ateco\",\"nm\":\"Ensemble de d\u00E9coupoirs ronds cannel\u00E9s 11 morceaux\",\"nme\":\"Fluted Round Set of 11 Pieces\",\"attr\":\"\",\"sku\":\"27105\",\"l2\":\"Accessoire de p\u00E2tisserie\",\"sl\":\"ensemble-de-decoupoirs-ronds-canneles-11-morceaux-ateco-27105\",\"sn\":\"\",\"idxP\":1},{\"mq\":\"Ateco\",\"nm\":\"Moule anneau ajustable\",\"nme\":\"Round Adjustable Ring\",\"attr\":\"\",\"sku\":\"27118\",\"l2\":\"Accessoire de p\u00E2tisserie\",\"sl\":\"moule-anneau-ajustable-ateco-27118\",\"sn\":\"moules\",\"idxP\":3},{\"mq\":\"Ateco\",\"nm\":\"Moule \u00E0 g\u00E2teau rond 2,375\\\" D x 1,75\\\" H\",\"nme\":\"Round Cake Mold 2.375\\\" D x 1.75\\\" H\",\"attr\":\"\",\"sku\":\"27124\",\"l2\":\"Accessoire de p\u00E2tisserie\",\"sl\":\"moule-a-gateau-rond-2375-d-x-175-h-ateco-27124\",\"sn\":\"moules\",\"idxP\":3},{\"mq\":\"Ateco\",\"nm\":\"Moule rond 3,5''\",\"nme\":\"Round Mold 3.5''\",\"attr\":\"\",\"sku\":\"27161\",\"l2\":\"Accessoire de p\u00E2tisserie\",\"sl\":\"moule-rond-35-ateco-27161\",\"sn\":\"moules\",\"idxP\":5},{\"mq\":\"Ateco\",\"nm\":\"Moule rond 2\\\"\",\"nme\":\"Round Form 2\\\"\",\"attr\":\"\",\"sku\":\"27166\",\"l2\":\"Accessoire de p\u00E2tisserie\",\"sl\":\"moule-rond-2-ateco-27166\",\"sn\":\"moules\",\"idxP\":4},{\"mq\":\"Ateco\",\"nm\":\"Petit moule pyramide 2,25\\\"\",\"nme\":\"Small Pyramid Mold 2.25\\\"\",\"attr\":\"\",\"sku\":\"27115\",\"l2\":\"Accessoire de p\u00E2tisserie\",\"sl\":\"petit-moule-pyramide-225-ateco-27115\",\"sn\":\"moules\",\"idxP\":6},{\"mq\":\"Ateco\",\"nm\":\"Moule \u00E0 d\u00E9couper carr\u00E9 2\\\"\",\"nme\":\"Square Form Cutter 2\\\"\",\"attr\":\"\",\"sku\":\"27122\",\"l2\":\"Accessoire de p\u00E2tisserie\",\"sl\":\"moule-a-decouper-carre-2-ateco-27122\",\"sn\":\"moules\",\"idxP\":5},{\"mq\":\"Ateco\",\"nm\":\"Poche \u00E0 p\u00E2tisserie jetable doux 18\\\"\",\"nme\":\"Soft Disposable Pastry Bag 18\\\"\",\"attr\":\"\",\"sku\":\"27172\",\"l2\":\"Accessoire de p\u00E2tisserie\",\"sl\":\"poche-a-patisserie-jetable-doux-18-ateco-27172\",\"sn\":\"\",\"idxP\":5},{\"mq\":\"Ateco\",\"nm\":\"Moule \u00E0 g\u00E2teau rond 3,125\\\" D x 3\\\" H\",\"nme\":\"Round Cake Mold 3.125\\\" D x 3\\\" H\",\"attr\":\"\",\"sku\":\"27135\",\"l2\":\"Accessoire de p\u00E2tisserie\",\"sl\":\"moule-a-gateau-rond-3125-d-x-3-h-ateco-27135\",\"sn\":\"moules\",\"idxP\":8},{\"mq\":\"Ateco\",\"nm\":\"Moule \u00E0 g\u00E2teau rond 2\\\" D x 3\\\" H\",\"nme\":\"Round Cake Mold 2\\\" D x 3\\\" H\",\"attr\":\"\",\"sku\":\"27169\",\"l2\":\"Accessoire de p\u00E2tisserie\",\"sl\":\"moule-a-gateau-rond-2-d-x-3-h-ateco-27169\",\"sn\":\"moules\",\"idxP\":5},{\"mq\":\"Ateco\",\"nm\":\"Moule \u00E0 g\u00E2teau rond 4\\\" D x 1,75\\\" H\",\"nme\":\"Round Cake Mold 4\\\" D x 1.75\\\" H\",\"attr\":\"\",\"sku\":\"27129\",\"l2\":\"Accessoire de p\u00E2tisserie\",\"sl\":\"moule-a-gateau-rond-4-d-x-175-h-ateco-27129\",\"sn\":\"moules\",\"idxP\":7},{\"mq\":\"Ateco\",\"nm\":\"Moule rond 3\\\"\",\"nme\":\"Round Form Mold 3\\\"\",\"attr\":\"\",\"sku\":\"27162\",\"l2\":\"Accessoire de p\u00E2tisserie\",\"sl\":\"moule-rond-3-ateco-27162\",\"sn\":\"moules\",\"idxP\":5},{\"mq\":\"Browne\",\"nm\":\"Cuill\u00E8re \u00E0 th\u00E9 Royal 5,7\\\" \\\/ 14,3 cm\",\"nme\":\"Royal Teaspoon 5.7\\\" \\\/ 14.3 cm\",\"attr\":\"\",\"sku\":\"23989\",\"l2\":\"Ustensile de table\",\"sl\":\"cuillere-a-the-royal-57-143-cm-browne-23989\",\"sn\":\"\",\"idxP\":29},{\"mq\":\"Browne\",\"nm\":\"Cuill\u00E8re \u00E0 th\u00E9 Celine 6,4\\\" \\\/ 16,2 cm\",\"nme\":\"Celine Teaspoon 6.4\\\" \\\/ 16.2 cm\",\"attr\":\"\",\"sku\":\"23995\",\"l2\":\"Ustensile de table\",\"sl\":\"cuillere-a-the-celine-64-162-cm-browne-23995\",\"sn\":\"\",\"idxP\":39},{\"mq\":\"Browne\",\"nm\":\"Cuill\u00E8re \u00E0 soupe ronde Windsor 6,5\\\" \\\/ 16,5 cm\",\"nme\":\"Windsor Round Soup Spoon 6.5\\\" \\\/ 16.5 cm\",\"attr\":\"\",\"sku\":\"23981\",\"l2\":\"Ustensile de table\",\"sl\":\"cuillere-a-soupe-ronde-windsor-65-165-cm-browne-23981\",\"sn\":\"\",\"idxP\":18},{\"mq\":\"Browne\",\"nm\":\"Cuill\u00E8re \u00E0 th\u00E9 Windsor 6\\\" \\\/ 15,2 cm\",\"nme\":\"Windsor Teaspoon 6\\\" \\\/ 15.2 cm\",\"attr\":\"\",\"sku\":\"23983\",\"l2\":\"Ustensile de table\",\"sl\":\"cuillere-a-the-windsor-6-152-cm-browne-23983\",\"sn\":\"\",\"idxP\":27},{\"mq\":\"Browne\",\"nm\":\"Cuill\u00E8re \u00E0 dessert Celine 7,3\\\" \\\/ 18,4 cm\",\"nme\":\"Celine Dessert Spoon 7.3\\\" \\\/ 18.4 cm\",\"attr\":\"\",\"sku\":\"23991\",\"l2\":\"Ustensile de table\",\"sl\":\"cuillere-a-dessert-celine-73-184-cm-browne-23991\",\"sn\":\"\",\"idxP\":24},{\"mq\":\"Browne\",\"nm\":\"Cuill\u00E8re \u00E0 dessert Windsor 7,3\\\" \\\/ 18,4 cm\",\"nme\":\"Windsor Dessert Spoon 7.3\\\" \\\/ 18.4 cm\",\"attr\":\"\",\"sku\":\"23979\",\"l2\":\"Ustensile de table\",\"sl\":\"cuillere-a-dessert-windsor-73-184-cm-browne-23979\",\"sn\":\"\",\"idxP\":27},{\"mq\":\"Browne\",\"nm\":\"Cuill\u00E8re \u00E0 dessert Royal 7,1\\\" \\\/ 18,1 cm\",\"nme\":\"Royal Dessert Spoon 7.1\\\" \\\/ 18.1 cm\",\"attr\":\"\",\"sku\":\"23985\",\"l2\":\"Ustensile de table\",\"sl\":\"cuillere-a-dessert-royal-71-181-cm-browne-23985\",\"sn\":\"\",\"idxP\":12},{\"mq\":\"Bialetti\",\"nm\":\"Joint et filtre pour cafeti\u00E8re 9 tasses\",\"nme\":\"Rubber Rings for 9 Cup Bialetti\",\"attr\":\"\",\"sku\":\"23588\",\"l2\":\"Service de table\",\"sl\":\"joint-et-filtre-pour-cafetiere-9-tasses-bialetti-23588\",\"sn\":\"\",\"idxP\":10},{\"mq\":\"Sagetra\",\"nm\":\"Cuill\u00E8re \u00E0 servir en inox 11''\",\"nme\":\"Stainless Steel Serving Spoon 11''\",\"attr\":\"\",\"sku\":\"22814\",\"l2\":\"Ustensiles et accessoires\",\"sl\":\"cuillere-a-servir-en-inox-11-sagetra-22814\",\"sn\":\"\",\"idxP\":17},{\"mq\":\"Browne\",\"nm\":\"Cuill\u00E8re \u00E0 soupe Royal 6,9\\\" \\\/ 17,5 cm\",\"nme\":\"Royal Soup Spoon 6.9\\\" \\\/ 17.5 cm\",\"attr\":\"\",\"sku\":\"23988\",\"l2\":\"Ustensile de table\",\"sl\":\"cuillere-a-soupe-royal-69-175-cm-browne-23988\",\"sn\":\"\",\"idxP\":10},{\"mq\":\"Browne\",\"nm\":\"Cuill\u00E8re \u00E0 soupe ronde Celine 7\\\" \\\/ 17,8 cm\",\"nme\":\"Celine Round Soup Spoon 7\\\" \\\/ 17.8 cm\",\"attr\":\"\",\"sku\":\"23994\",\"l2\":\"Ustensile de table\",\"sl\":\"cuillere-a-soupe-ronde-celine-7-178-cm-browne-23994\",\"sn\":\"\",\"idxP\":20},{\"mq\":\"Eurodib\",\"nm\":\"Hachoir \u00E0 viande professionnel\",\"nme\":\"Meat Grinder\",\"attr\":\"\",\"sku\":\"26244\",\"l2\":\"Ustensiles et accessoires\",\"sl\":\"hachoir-a-viande-professionnel-eurodib-26244\",\"sn\":\"commercial\",\"idxP\":18},{\"mq\":\"Bialetti\",\"nm\":\"Joint et filtre pour cafeti\u00E8re 12 tasses\",\"nme\":\"Rubber Rings for 12 Cup Bialetti\",\"attr\":\"\",\"sku\":\"23589\",\"l2\":\"Service de table\",\"sl\":\"joint-et-filtre-pour-cafetiere-12-tasses-bialetti-23589\",\"sn\":\"\",\"idxP\":11},{\"mq\":\"Bialetti\",\"nm\":\"Joint et filtre pour cafeti\u00E8re 3 tasses\",\"nme\":\"Rubber Rings for 3 Cup Bialetti\",\"attr\":\"\",\"sku\":\"23586\",\"l2\":\"Service de table\",\"sl\":\"joint-et-filtre-pour-cafetiere-3-tasses-bialetti-23586\",\"sn\":\"\",\"idxP\":10},{\"mq\":\"Bialetti\",\"nm\":\"Joint et filtre pour cafeti\u00E8re 6 tasses\",\"nme\":\"Rubber Rings for 6 Cup Bialetti\",\"attr\":\"\",\"sku\":\"23587\",\"l2\":\"Service de table\",\"sl\":\"joint-et-filtre-pour-cafetiere-6-tasses-bialetti-23587\",\"sn\":\"\",\"idxP\":9},{\"mq\":\"Victorinox\",\"nm\":\"Protecteur pour lame 20cm \u00E0 25cm\",\"nme\":\"Knifesafe 20cm to 25cm\",\"attr\":\"\",\"sku\":\"29758\",\"l2\":\"Couteau de chef\",\"sl\":\"protecteur-pour-lame-20cm-a-25cm-victorinox-29758\",\"sn\":\"\",\"idxP\":7},{\"mq\":\"Adamo\",\"nm\":\"R\u00F4tissoire en aluminium plate rectangle 45cm\",\"nme\":\"Aluminum Rectangular Roaster 45cm\",\"attr\":\"\",\"sku\":\"26314\",\"l2\":\"Batterie de cuisine\",\"sl\":\"rotissoire-en-aluminium-plate-rectangle-45cm-adamo-26314\",\"sn\":\"\",\"idxP\":7},{\"mq\":\"Victorinox\",\"nm\":\"Protecteur pour lame 15cm \u00E0 20cm\",\"nme\":\"Knifesafe 15cm to 20cm\",\"attr\":\"\",\"sku\":\"29759\",\"l2\":\"Couteau de chef\",\"sl\":\"protecteur-pour-lame-15cm-a-20cm-victorinox-29759\",\"sn\":\"\",\"idxP\":13},{\"mq\":\"Orly\",\"nm\":\"R\u00E2pe 4 c\u00F4t\u00E9s anti-adh\u00E9sive rouge\",\"nme\":\"Red Anti-Adhesive 4 Side Rape\",\"attr\":\"\",\"sku\":\"20824\",\"l2\":\"Ustensiles et accessoires\",\"sl\":\"rape-4-cotes-anti-adhesive-rouge-orly-20824\",\"sn\":\"\",\"idxP\":13},{\"mq\":\"Orly\",\"nm\":\"Braisi\u00E8re 15L  Stock Pot\",\"nme\":\"Braiser 15L Stock Pot\",\"attr\":\"\",\"sku\":\"21479\",\"l2\":\"Batterie de cuisine\",\"sl\":\"braisiere-15l-stock-pot-orly-21479\",\"sn\":\"\",\"idxP\":18},{\"mq\":\"Orly\",\"nm\":\"R\u00E2pe pyramide 4 c\u00F4t\u00E9s\",\"nme\":\"Pyramid 4 Sides Grater\",\"attr\":\"\",\"sku\":\"20822\",\"l2\":\"Ustensiles et accessoires\",\"sl\":\"rape-pyramide-4-cotes-orly-20822\",\"sn\":\"\",\"idxP\":5},{\"mq\":\"Orly\",\"nm\":\"Moule \u00E0 quiche 9,5\\\"\",\"nme\":\"Quiche Mold 9.5\\\"\",\"attr\":\"\",\"sku\":\"20876\",\"l2\":\"Accessoire de p\u00E2tisserie\",\"sl\":\"moule-a-quiche-95-orly-20876\",\"sn\":\"moules\",\"idxP\":15},{\"mq\":\"Orly\",\"nm\":\"Casserole strauss tough pan 7L\",\"nme\":\"Strauss Tough Pan Casserole 7L\",\"attr\":\"\u00C9cologique\",\"sku\":\"21482\",\"l2\":\"Batterie de cuisine\",\"sl\":\"casserole-strauss-tough-pan-7l-orly-21482\",\"sn\":\"\",\"idxP\":29},{\"mq\":\"Orly\",\"nm\":\"Spatule \u00E0 cr\u00E8pe\",\"nme\":\"Crepe Wooden 20x15\\\"\",\"attr\":\"\",\"sku\":\"22836\",\"l2\":\"Ustensiles et accessoires\",\"sl\":\"spatule-a-crepe-orly-22836\",\"sn\":\"\",\"idxP\":24},{\"mq\":\"Orly\",\"nm\":\"Anti-\u00E9clabousseur 33 cm\",\"nme\":\"Screen Splatter 33 cm\",\"attr\":\"\",\"sku\":\"26818\",\"l2\":\"Accessoire de cuisine\",\"sl\":\"anti-eclabousseur-33-cm-orly-26818\",\"sn\":\"\",\"idxP\":4},{\"mq\":\"Orly\",\"nm\":\"R\u00E2pe pyramide 4 c\u00F4t\u00E9s rouge 8\\\"\",\"nme\":\"Red 4 Side Pyramide Rape 8\\\"\",\"attr\":\"\",\"sku\":\"20825\",\"l2\":\"Ustensiles et accessoires\",\"sl\":\"rape-pyramide-4-cotes-rouge-8-orly-20825\",\"sn\":\"\",\"idxP\":10},{\"mq\":\"Orly\",\"nm\":\"Casserole Strauss Pro 2,5L\",\"nme\":\"Pot Strauss Pro 2.5 L\",\"attr\":\"\",\"sku\":\"38301\",\"l2\":\"Batterie de cuisine\",\"sl\":\"casserole-strauss-pro-25l-orly-38301\",\"sn\":\"\",\"idxP\":14},{\"mq\":\"Orly\",\"nm\":\"Balance digitale 5 kg max.\",\"nme\":\"Digital Kitchen Scale 5 kg max.\",\"attr\":\"\",\"sku\":\"20842\",\"l2\":\"Accessoire de cuisine\",\"sl\":\"balance-digitale-5-kg-max.-orly-20842\",\"sn\":\"\",\"idxP\":15},{\"mq\":\"Orly\",\"nm\":\"Moule \u00E0 mini muffins\",\"nme\":\"Mini Muffins Mold\",\"attr\":\"\",\"sku\":\"20867\",\"l2\":\"Accessoire de p\u00E2tisserie\",\"sl\":\"moule-a-mini-muffins-orly-20867\",\"sn\":\"moules\",\"idxP\":15},{\"mq\":\"Orly\",\"nm\":\"Moule blanc \u00E0 ravioli\",\"nme\":\"Ravioli White Mold\",\"attr\":\"\",\"sku\":\"20811\",\"l2\":\"Accessoire de p\u00E2tisserie\",\"sl\":\"moule-blanc-a-ravioli-orly-20811\",\"sn\":\"moules\",\"idxP\":5},{\"mq\":\"Orly\",\"nm\":\"Casserole strauss tough pan 4.5L\",\"nme\":\"Strauss Tough Pan Casserole 4.5L\",\"attr\":\"\",\"sku\":\"21481\",\"l2\":\"Batterie de cuisine\",\"sl\":\"casserole-strauss-tough-pan-4.5l-orly-21481\",\"sn\":\"\",\"idxP\":22},{\"mq\":\"Orly\",\"nm\":\"Casserole \u00E0 sauce Strauss Pro\",\"nme\":\"Saucepan Strauss Pro\",\"attr\":\"\",\"sku\":\"38298\",\"l2\":\"Batterie de cuisine\",\"sl\":\"casserole-a-sauce-strauss-pro-orly-38298\",\"sn\":\"\",\"idxP\":11},{\"mq\":\"Orly\",\"nm\":\"Casserole pour les sauces Strauss Pro 1,2L\",\"nme\":\"Saucepan Strauss Pro 1.2 L\",\"attr\":\"\",\"sku\":\"38297\",\"l2\":\"Batterie de cuisine\",\"sl\":\"casserole-pour-les-sauces-strauss-pro-12l-orly-38297\",\"sn\":\"\",\"idxP\":17},{\"mq\":\"Orly\",\"nm\":\"M\u00E9langeur \u00E0 main \u00E9lectrique en acier inoxydable\",\"nme\":\"Stainless Steel Electric Hand Blender\",\"attr\":\"\",\"sku\":\"26095\",\"l2\":\"Ustensiles et accessoires\",\"sl\":\"melangeur-a-main-electrique-en-acier-inoxydable-orly-26095\",\"sn\":\"\",\"idxP\":5},{\"mq\":\"Orly\",\"nm\":\"Casserole Strauss Pro 2,5L\",\"nme\":\"Saucepan Strauss Pro 2.5 L\",\"attr\":\"\",\"sku\":\"38312\",\"l2\":\"Batterie de cuisine\",\"sl\":\"casserole-strauss-pro-25l-orly-38312\",\"sn\":\"\",\"idxP\":4},{\"mq\":\"Orly\",\"nm\":\"Sauteuse et couvercle Strauss Pro 5L\",\"nme\":\"5L Saute Pan with Cover Strauss Pro\",\"attr\":\"\",\"sku\":\"38296\",\"l2\":\"Batterie de cuisine\",\"sl\":\"sauteuse-et-couvercle-strauss-pro-5l-orly-38296\",\"sn\":\"\",\"idxP\":31},{\"mq\":\"Orly\",\"nm\":\"Casserole Strauss Pro 7L\",\"nme\":\"Saucepan Strauss Pro 7 L\",\"attr\":\"\",\"sku\":\"38314\",\"l2\":\"Batterie de cuisine\",\"sl\":\"casserole-strauss-pro-7l-orly-38314\",\"sn\":\"\",\"idxP\":19},{\"mq\":\"Orly\",\"nm\":\"Casserole Strauss Pro 3,8L\",\"nme\":\"Saucepan Strauss Pro 3.8 L\",\"attr\":\"\",\"sku\":\"38313\",\"l2\":\"Batterie de cuisine\",\"sl\":\"casserole-strauss-pro-38l-orly-38313\",\"sn\":\"\",\"idxP\":13},{\"mq\":\"Orly\",\"nm\":\"Marmite Strauss Pro 13,5L\",\"nme\":\"Cooking Pot Strauss Pro 13.5L\",\"attr\":\"\",\"sku\":\"38320\",\"l2\":\"Batterie de cuisine\",\"sl\":\"marmite-strauss-pro-135l-orly-38320\",\"sn\":\"\",\"idxP\":29},{\"mq\":\"Orly\",\"nm\":\"Casserole \u00E0 sauce Strauss Pro\",\"nme\":\"Saucepan Strauss Pro\",\"attr\":\"\",\"sku\":\"38302\",\"l2\":\"Batterie de cuisine\",\"sl\":\"casserole-a-sauce-strauss-pro-orly-38302\",\"sn\":\"\",\"idxP\":13},{\"mq\":\"Orly\",\"nm\":\"Marmite Strauss Pro 36L\",\"nme\":\"Cooking Pot Strauss Pro 36L\",\"attr\":\"\",\"sku\":\"38325\",\"l2\":\"Batterie de cuisine\",\"sl\":\"marmite-strauss-pro-36l-orly-38325\",\"sn\":\"\",\"idxP\":19},{\"mq\":\"Orly\",\"nm\":\"Marmite Strauss Pro 17L\",\"nme\":\"Cooking Pot Strauss Pro 17L\",\"attr\":\"\",\"sku\":\"38321\",\"l2\":\"Batterie de cuisine\",\"sl\":\"marmite-strauss-pro-17l-orly-38321\",\"sn\":\"\",\"idxP\":27},{\"mq\":\"Orly\",\"nm\":\"Marmite strauss pro \u00E0 induction 21L\",\"nme\":\"Cooking Pot Strauss Pro 21L\",\"attr\":\"\",\"sku\":\"38322\",\"l2\":\"Batterie de cuisine\",\"sl\":\"marmite-strauss-pro-a-induction-21l-orly-38322\",\"sn\":\"\",\"idxP\":23},{\"mq\":\"Orly\",\"nm\":\"Moule \u00E0 muffin 12 caissettes en silicone\",\"nme\":\"Muffin Mold 12 Silicon Cups\",\"attr\":\"\",\"sku\":\"20866\",\"l2\":\"Accessoire de p\u00E2tisserie\",\"sl\":\"moule-a-muffin-12-caissettes-en-silicone-orly-20866\",\"sn\":\"moules\",\"idxP\":12},{\"mq\":\"Orly\",\"nm\":\"Moule \u00E0 g\u00E2teau carr\u00E9 9\\\"x9\\\"\",\"nme\":\"Square Cake Mold 9\\\"x9\\\"\",\"attr\":\"\",\"sku\":\"20873\",\"l2\":\"Accessoire de p\u00E2tisserie\",\"sl\":\"moule-a-gateau-carre-9x9-orly-20873\",\"sn\":\"moules\",\"idxP\":19},{\"mq\":\"Orly\",\"nm\":\"Marmite Strauss Pro 24L\",\"nme\":\"Cooking Pot Strauss Pro 24L\",\"attr\":\"\",\"sku\":\"38323\",\"l2\":\"Batterie de cuisine\",\"sl\":\"marmite-strauss-pro-24l-orly-38323\",\"sn\":\"\",\"idxP\":19},{\"mq\":\"Orly\",\"nm\":\"Casserole \u00E0 sauce Strauss Pro 3L\",\"nme\":\"Saucepan Strauss Pro 3 L\",\"attr\":\"\",\"sku\":\"38299\",\"l2\":\"Batterie de cuisine\",\"sl\":\"casserole-a-sauce-strauss-pro-3l-orly-38299\",\"sn\":\"\",\"idxP\":11},{\"mq\":\"Orly\",\"nm\":\"Nettoyeur pour l'inox et le cuivre\",\"nme\":\"Stainless Steel and Copper Cleaner\",\"attr\":\"\",\"sku\":\"38330\",\"l2\":\"Batterie de cuisine\",\"sl\":\"nettoyeur-pour-linox-et-le-cuivre-orly-38330\",\"sn\":\"\",\"idxP\":13},{\"mq\":\"Orly\",\"nm\":\"Braisi\u00E8re 12L.  Strauss Pro\",\"nme\":\"Cooking Pot Strauss Pro 12L\",\"attr\":\"\",\"sku\":\"38327\",\"l2\":\"Batterie de cuisine\",\"sl\":\"braisiere-12l.-strauss-pro-orly-38327\",\"sn\":\"\",\"idxP\":23},{\"mq\":\"Orly\",\"nm\":\"Moule \u00E0 6 muffins g\u00E9ants\",\"nme\":\"6 Jumbo Muffins Pan\",\"attr\":\"\",\"sku\":\"38385\",\"l2\":\"Accessoire de p\u00E2tisserie\",\"sl\":\"moule-a-6-muffins-geants-orly-38385\",\"sn\":\"moules\",\"idxP\":27},{\"mq\":\"Orly\",\"nm\":\"Plaque \u00E0 biscuit 15\\\"x10\\\"\",\"nme\":\"Baking Sheet 15\\\"x10\\\"\",\"attr\":\"\",\"sku\":\"38380\",\"l2\":\"Accessoire de p\u00E2tisserie\",\"sl\":\"plaque-a-biscuit-15x10-orly-38380\",\"sn\":\"\",\"idxP\":25},{\"mq\":\"Orly\",\"nm\":\"Moule charni\u00E8re 23 cm \\\/ 9\\\"\",\"nme\":\"Springform Pan 23 cm \\\/ 9\\\"\",\"attr\":\"\",\"sku\":\"38392\",\"l2\":\"Accessoire de p\u00E2tisserie\",\"sl\":\"moule-charniere-23-cm-9-orly-38392\",\"sn\":\"moules\",\"idxP\":38},{\"mq\":\"Orly\",\"nm\":\"Plaque \u00E0 biscuit 13\\\"\",\"nme\":\"Sheet Cookie 13\\\"\",\"attr\":\"\",\"sku\":\"38379\",\"l2\":\"Accessoire de p\u00E2tisserie\",\"sl\":\"plaque-a-biscuit-13-orly-38379\",\"sn\":\"\",\"idxP\":24},{\"mq\":\"Orly\",\"nm\":\"Moule \u00E0 quiche 28 cm \\\/ 11\\\"\",\"nme\":\"Quiche Pan 28 cm \\\/ 11\\\"\",\"attr\":\"\",\"sku\":\"38399\",\"l2\":\"Accessoire de p\u00E2tisserie\",\"sl\":\"moule-a-quiche-28-cm-11-orly-38399\",\"sn\":\"moules\",\"idxP\":23},{\"mq\":\"Orly\",\"nm\":\"Moule \u00E0 quiche mini \\\/ 4\\\"\",\"nme\":\"Mini Quiche Pan 4\\\"\",\"attr\":\"\",\"sku\":\"38400\",\"l2\":\"Accessoire de p\u00E2tisserie\",\"sl\":\"moule-a-quiche-mini-4-orly-38400\",\"sn\":\"moules\",\"idxP\":52},{\"mq\":\"Orly\",\"nm\":\"Presse citron\",\"nme\":\"Lemon Squeezer\",\"attr\":\"\",\"sku\":\"38448\",\"l2\":\"Ustensiles et accessoires\",\"sl\":\"presse-citron-orly-38448\",\"sn\":\"citrons\",\"idxP\":30},{\"mq\":\"Orly\",\"nm\":\"Marmite Strauss Pro 28,5L\",\"nme\":\"Cooking Pot Le Stock Pot 28.5L\",\"attr\":\"\",\"sku\":\"38324\",\"l2\":\"Batterie de cuisine\",\"sl\":\"marmite-strauss-pro-285l-orly-38324\",\"sn\":\"\",\"idxP\":16},{\"mq\":\"Orly\",\"nm\":\"Moule \u00E0 gateau des anges 9,5\\\"\",\"nme\":\"Angel Food Removable Pan 9.5\\\"\",\"attr\":\"\",\"sku\":\"38390\",\"l2\":\"Accessoire de p\u00E2tisserie\",\"sl\":\"moule-a-gateau-des-anges-95-orly-38390\",\"sn\":\"moules\",\"idxP\":21},{\"mq\":\"Orly\",\"nm\":\"Braisi\u00E8re 15L.  Strauss Pro\",\"nme\":\"Braiser 15L. Strauss Pro\",\"attr\":\"\",\"sku\":\"38328\",\"l2\":\"Batterie de cuisine\",\"sl\":\"braisiere-15l.-strauss-pro-orly-38328\",\"sn\":\"\",\"idxP\":7},{\"mq\":\"Orly\",\"nm\":\"Moule \u00E0 12 muffins\",\"nme\":\"12 Muffins Pan La P\u00E2tisserie\",\"attr\":\"\",\"sku\":\"38383\",\"l2\":\"Accessoire de p\u00E2tisserie\",\"sl\":\"moule-a-12-muffins-orly-38383\",\"sn\":\"moules\",\"idxP\":25},{\"mq\":\"Orly\",\"nm\":\"Moule charni\u00E8re mini 5\\\"\",\"nme\":\"Springform Pan Mini 5\\\"\",\"attr\":\"\",\"sku\":\"38394\",\"l2\":\"Accessoire de p\u00E2tisserie\",\"sl\":\"moule-charniere-mini-5-orly-38394\",\"sn\":\"moules\",\"idxP\":31},{\"mq\":\"Orly\",\"nm\":\"Plaque \u00E0 biscuit 17\\\"x11\\\"\",\"nme\":\"Baking Sheet 17\\\"x11\\\"\",\"attr\":\"\",\"sku\":\"38381\",\"l2\":\"Accessoire de p\u00E2tisserie\",\"sl\":\"plaque-a-biscuit-17x11-orly-38381\",\"sn\":\"\",\"idxP\":35},{\"mq\":\"Orly\",\"nm\":\"Moule charni\u00E8re 20 cm \\\/ 8\\\"\",\"nme\":\"Springform Pan 20 cm \\\/ 8\\\"\",\"attr\":\"\",\"sku\":\"38391\",\"l2\":\"Accessoire de p\u00E2tisserie\",\"sl\":\"moule-charniere-20-cm-8-orly-38391\",\"sn\":\"moules\",\"idxP\":47},{\"mq\":\"Orly\",\"nm\":\"Presse-agrumes\",\"nme\":\"Citrus Juicer\",\"attr\":\"\",\"sku\":\"38449\",\"l2\":\"Ustensiles et accessoires\",\"sl\":\"presse-agrumes-orly-38449\",\"sn\":\"\",\"idxP\":26},{\"mq\":\"Orly\",\"nm\":\"Po\u00EAlon Tough Pan 20 cm \\\/ 7,8\\\"\",\"nme\":\"Fry Pan Tough Pan 20 cm \\\/ 7.8\\\"\",\"attr\":\"\u00C9cologique\",\"sku\":\"39281\",\"l2\":\"Batterie de cuisine\",\"sl\":\"poelon-tough-pan-20-cm-78-orly-39281\",\"sn\":\"\",\"idxP\":25},{\"mq\":\"Orly\",\"nm\":\"Presse \u00E0 biscuit Strauss\",\"nme\":\"Strauss Cookie Press\",\"attr\":\"\",\"sku\":\"38415\",\"l2\":\"Accessoire de p\u00E2tisserie\",\"sl\":\"presse-a-biscuit-strauss-orly-38415\",\"sn\":\"\",\"idxP\":22},{\"mq\":\"Orly\",\"nm\":\"Balance de cuisine digitale acier inoxydable 5kg\",\"nme\":\"Stainless Steel Digital Scale 5kg\",\"attr\":\"\",\"sku\":\"38463\",\"l2\":\"Accessoire de cuisine\",\"sl\":\"balance-de-cuisine-digitale-acier-inoxydable-5kg-orly-38463\",\"sn\":\"\",\"idxP\":26},{\"mq\":\"Orly\",\"nm\":\"Po\u00EAlon Tough Pan 24 cm \\\/ 9,4\\\"\",\"nme\":\"Fry Pan Tough Pan 24 cm \\\/ 9.4\\\"\",\"attr\":\"\u00C9cologique\",\"sku\":\"39282\",\"l2\":\"Batterie de cuisine\",\"sl\":\"poelon-tough-pan-24-cm-94-orly-39282\",\"sn\":\"\",\"idxP\":22},{\"mq\":\"Orly\",\"nm\":\"Po\u00EAlon 28cm\",\"nme\":\"Frypan 28cm\",\"attr\":\"\",\"sku\":\"39283\",\"l2\":\"Batterie de cuisine\",\"sl\":\"poelon-28cm-orly-39283\",\"sn\":\"\",\"idxP\":25},{\"mq\":\"Orly\",\"nm\":\"Po\u00EAlon 32cm\",\"nme\":\"Frypan 32cm\",\"attr\":\"\",\"sku\":\"39284\",\"l2\":\"Batterie de cuisine\",\"sl\":\"poelon-32cm-orly-39284\",\"sn\":\"\",\"idxP\":29},{\"mq\":\"Orly\",\"nm\":\"Moule \u00E0 g\u00E2teau rectangulaire 13\\\"x9\\\"\",\"nme\":\"Rectangular Cake Pan 13\\\"x9\\\"\",\"attr\":\"\",\"sku\":\"38397\",\"l2\":\"Accessoire de p\u00E2tisserie\",\"sl\":\"moule-a-gateau-rectangulaire-13x9-orly-38397\",\"sn\":\"moules\",\"idxP\":26},{\"mq\":\"Orly\",\"nm\":\"Ouvre-bo\u00EEte\",\"nme\":\"Can Opener\",\"attr\":\"\",\"sku\":\"42078\",\"l2\":\"Ustensiles et accessoires\",\"sl\":\"ouvre-boite-orly-42078\",\"sn\":\"\",\"idxP\":20},{\"mq\":\"Orly\",\"nm\":\"Moule \u00E0 24 muffins mini\",\"nme\":\"24 Mini Muffins Pan\",\"attr\":\"\",\"sku\":\"38386\",\"l2\":\"Accessoire de p\u00E2tisserie\",\"sl\":\"moule-a-24-muffins-mini-orly-38386\",\"sn\":\"moules\",\"idxP\":16},{\"mq\":\"Orly\",\"nm\":\"D\u00E9coupe pizza 6 cm\",\"nme\":\"Pizza Cutter 6 cm\",\"attr\":\"\",\"sku\":\"42076\",\"l2\":\"Accessoire pour pizza\",\"sl\":\"decoupe-pizza-6-cm-orly-42076\",\"sn\":\"\",\"idxP\":5},{\"mq\":\"Sagetra\",\"nm\":\"Fouet fran\u00E7ais 20\\\"\",\"nme\":\"Stainless Piano Whip 20\\\"\",\"attr\":\"\",\"sku\":\"24112\",\"l2\":\"Ustensiles et accessoires\",\"sl\":\"fouet-francais-20-sagetra-24112\",\"sn\":\"\",\"idxP\":9},{\"mq\":\"Sagetra\",\"nm\":\"Fouet fran\u00E7ais 22''\",\"nme\":\"Stainless Piano Whip 22''\",\"attr\":\"\",\"sku\":\"24113\",\"l2\":\"Ustensiles et accessoires\",\"sl\":\"fouet-francais-22-sagetra-24113\",\"sn\":\"\",\"idxP\":9},{\"mq\":\"Danesco\",\"nm\":\"Ensemble d'accessoires de bar 5 morceaux\",\"nme\":\"Cocktail Bar Set 5 Pieces\",\"attr\":\"\",\"sku\":\"26772\",\"l2\":\"Ustensiles et accessoires\",\"sl\":\"ensemble-daccessoires-de-bar-5-morceaux-danesco-26772\",\"sn\":\"\",\"idxP\":7},{\"mq\":\"Danesco\",\"nm\":\"Verre \u00E0 martini en inox 250 ml\",\"nme\":\"Stainless Steel Martini Glass\",\"attr\":\"\",\"sku\":\"26767\",\"l2\":\"Verrerie\",\"sl\":\"verre-a-martini-en-inox-250-ml-danesco-26767\",\"sn\":\"\",\"idxP\":10},{\"mq\":\"Browne\",\"nm\":\"Bol \u00E0 fruit blanc 4\\\" 7\\\/8\",\"nme\":\"White Fruit Bowl 4\\\" 7\\\/8\",\"attr\":\"\",\"sku\":\"24656\",\"l2\":\"Vaisselle\",\"sl\":\"bol-a-fruit-blanc-4-78-browne-24656\",\"sn\":\"\",\"idxP\":48},{\"mq\":\"Browne\",\"nm\":\"Bol en porcelaine Palm 5\\\" \\\/ 12,7 cm\",\"nme\":\"Palm Porcelain Cereal Bowl 5\\\" \\\/ 12.7 cm\",\"attr\":\"\",\"sku\":\"24655\",\"l2\":\"Vaisselle\",\"sl\":\"bol-en-porcelaine-palm-5-127-cm-browne-24655\",\"sn\":\"\",\"idxP\":24},{\"mq\":\"Danesco\",\"nm\":\"Coupe \u00E0 vin en inox 10 oz \\\/ 300 ml\",\"nme\":\"Stainless Steel Wine Goblet 10 oz \\\/ 300 ml\",\"attr\":\"\",\"sku\":\"26768\",\"l2\":\"Verrerie\",\"sl\":\"coupe-a-vin-en-inox-10-oz-300-ml-danesco-26768\",\"sn\":\"\",\"idxP\":19},{\"mq\":\"Labell\",\"nm\":\"Planche \u00E0 cuisson en c\u00E8dre 16\\\"x7.25\\\"x16\\\"\",\"nme\":\"Cedar Grilling Plank 16\\\"x7.25\\\"x16\\\"\",\"attr\":\"\",\"sku\":\"21958\",\"l2\":\"Planche\",\"sl\":\"planche-a-cuisson-en-cedre-16x7.25x16-labell-21958\",\"sn\":\"\",\"idxP\":8},{\"mq\":\"Oxo Danesco\",\"nm\":\"Tranche-pomme\",\"nme\":\"Apple Wedge\",\"attr\":\"\",\"sku\":\"22072\",\"l2\":\"Ustensiles et accessoires\",\"sl\":\"tranche-pomme-oxo-danesco-22072\",\"sn\":\"apples, pommes\",\"idxP\":6},{\"mq\":\"Oxo Danesco\",\"nm\":\"Denoyauteur cerise et olive\",\"nme\":\"Cherry & Olive Pitter\",\"attr\":\"\",\"sku\":\"22078\",\"l2\":\"Ustensiles et accessoires\",\"sl\":\"denoyauteur-cerise-et-olive-oxo-danesco-22078\",\"sn\":\"\",\"idxP\":11},{\"mq\":\"Oxo Danesco\",\"nm\":\"Roulette \u00E0 pizza\",\"nme\":\"Jumbo Wheel Pizza\",\"attr\":\"\",\"sku\":\"22087\",\"l2\":\"Accessoire pour pizza\",\"sl\":\"roulette-a-pizza-oxo-danesco-22087\",\"sn\":\"\",\"idxP\":18},{\"mq\":\"Labell\",\"nm\":\"Traitement initial pour planche \u00E0 d\u00E9couper en bois\",\"nme\":\"Hardwood Cutting Board Initial Treatment\",\"attr\":\"\",\"sku\":\"21952\",\"l2\":\"Planche\",\"sl\":\"traitement-initial-pour-planche-a-decouper-en-bois-labell-21952\",\"sn\":\"\",\"idxP\":26},{\"mq\":\"Labell\",\"nm\":\"Planche d'\u00E9caillage \u00E0 hu\u00EEtres\",\"nme\":\"Oyster Chipping Board\",\"attr\":\"\",\"sku\":\"21960\",\"l2\":\"Planche\",\"sl\":\"planche-decaillage-a-huitres-labell-21960\",\"sn\":\"\",\"idxP\":17},{\"mq\":\"Oxo Danesco\",\"nm\":\"Ouvre-bocal avec base antid\u00E9rapante\",\"nme\":\"Jar Opener with Base Pad\",\"attr\":\"\",\"sku\":\"22092\",\"l2\":\"Ustensiles et accessoires\",\"sl\":\"ouvre-bocal-avec-base-antiderapante-oxo-danesco-22092\",\"sn\":\"\",\"idxP\":10},{\"mq\":\"Oxo Danesco\",\"nm\":\"Double cuill\u00E8re parisienne pour melon\",\"nme\":\"Double Melon Baller\",\"attr\":\"\",\"sku\":\"22076\",\"l2\":\"Ustensiles et accessoires\",\"sl\":\"double-cuillere-parisienne-pour-melon-oxo-danesco-22076\",\"sn\":\"\",\"idxP\":12},{\"mq\":\"Oxo Danesco\",\"nm\":\"Presse-agrumes\",\"nme\":\"Reamer\",\"attr\":\"\",\"sku\":\"22074\",\"l2\":\"Ustensiles et accessoires\",\"sl\":\"presse-agrumes-oxo-danesco-22074\",\"sn\":\"\",\"idxP\":7},{\"mq\":\"Oxo Danesco\",\"nm\":\"Spatule en silicone 24 cm \\\/ 9,5\\\"\",\"nme\":\"Silicone Spatula 24cm \\\/ 9.5\\\"\",\"attr\":\"\",\"sku\":\"22113\",\"l2\":\"Ustensiles et accessoires\",\"sl\":\"spatule-en-silicone-24-cm-95-oxo-danesco-22113\",\"sn\":\"\",\"idxP\":11},{\"mq\":\"Oxo Danesco\",\"nm\":\"Tasse gradu\u00E9e incurv\u00E9e\",\"nme\":\"Angled Measuring Cup\",\"attr\":\"\",\"sku\":\"22118\",\"l2\":\"Accessoire de cuisine\",\"sl\":\"tasse-graduee-incurvee-oxo-danesco-22118\",\"sn\":\"\",\"idxP\":20},{\"mq\":\"Labell\",\"nm\":\"Planche de cuisson en \u00E9rable 16\\\"x7,25\\\"x5\\\/16\\\"\",\"nme\":\"Maple BBQ Grilling Planks 16\\\"x7.25\\\"x5\\\/16\\\"\",\"attr\":\"\",\"sku\":\"21959\",\"l2\":\"Planche\",\"sl\":\"planche-de-cuisson-en-erable-16x725x516-labell-21959\",\"sn\":\"\",\"idxP\":9},{\"mq\":\"Oxo Danesco\",\"nm\":\"\u00C9plucheur pivotant\",\"nme\":\"Swivel Peeler\",\"attr\":\"\",\"sku\":\"22066\",\"l2\":\"Ustensiles et accessoires\",\"sl\":\"eplucheur-pivotant-oxo-danesco-22066\",\"sn\":\"\",\"idxP\":23},{\"mq\":\"Sagetra\",\"nm\":\"Support \u00E0 g\u00E2teau 13\\\"\",\"nme\":\"Cake Stand 33 cm \\\/ 13\\\"\",\"attr\":\"\",\"sku\":\"22101\",\"l2\":\"Accessoire de p\u00E2tisserie\",\"sl\":\"support-a-gateau-13-sagetra-22101\",\"sn\":\"\",\"idxP\":22},{\"mq\":\"Oxo Danesco\",\"nm\":\"Cuill\u00E8re \u00E0 cr\u00E8me glac\u00E9e Oxo Danesco\",\"nme\":\"Oxo Danesco Ice Cream Spoon\",\"attr\":\"\",\"sku\":\"22122\",\"l2\":\"Ustensiles et accessoires\",\"sl\":\"cuillere-a-creme-glacee-oxo-danesco-oxo-danesco-22122\",\"sn\":\"\",\"idxP\":14},{\"mq\":\"Oxo Danesco\",\"nm\":\"Bac \u00E0 glacon\",\"nme\":\"Ice Cube Tray\",\"attr\":\"\",\"sku\":\"22137\",\"l2\":\"Ustensiles et accessoires\",\"sl\":\"bac-a-glacon-oxo-danesco-22137\",\"sn\":\"plateau\",\"idxP\":8},{\"mq\":\"Oxo Danesco\",\"nm\":\"D\u00E9capsuleur Oxo Danesco\",\"nme\":\"Bottle Opener Danesco\",\"attr\":\"\",\"sku\":\"22091\",\"l2\":\"Ustensiles et accessoires\",\"sl\":\"decapsuleur-oxo-danesco-oxo-danesco-22091\",\"sn\":\"\",\"idxP\":14},{\"mq\":\"Oxo Danesco\",\"nm\":\"Tasse gradu\u00E9e incurv\u00E9e mini 60 ml\",\"nme\":\"Mini Angled Measuring 1\\\/4 Cup \\\/ 60 ml\",\"attr\":\"\",\"sku\":\"22117\",\"l2\":\"Accessoire de cuisine\",\"sl\":\"tasse-graduee-incurvee-mini-60-ml-oxo-danesco-22117\",\"sn\":\"\",\"idxP\":22},{\"mq\":\"Sagetra\",\"nm\":\"Marmite aluminium bordure renforc\u00E9e 40 Qt 4 mm\",\"nme\":\"Aluminium Stock Pot Reinforced Rim 40 Qt 4 mm\",\"attr\":\"\",\"sku\":\"22009\",\"l2\":\"Batterie de cuisine\",\"sl\":\"marmite-aluminium-bordure-renforcee-40-qt-4-mm-sagetra-22009\",\"sn\":\"\",\"idxP\":8},{\"mq\":\"Oxo Danesco\",\"nm\":\"Ouvre-bo\u00EEte\",\"nme\":\"Can Opener\",\"attr\":\"\",\"sku\":\"22090\",\"l2\":\"Ustensiles et accessoires\",\"sl\":\"ouvre-boite-oxo-danesco-22090\",\"sn\":\"\",\"idxP\":25},{\"mq\":\"Oxo Danesco\",\"nm\":\"Petit contenant carr\u00E9\",\"nme\":\"Small Square Mini Container POP 0.4 L\",\"attr\":\"\",\"sku\":\"22143\",\"l2\":\"Contenant et pot\",\"sl\":\"petit-contenant-carre-oxo-danesco-22143\",\"sn\":\"\",\"idxP\":11},{\"mq\":\"Oxo Danesco\",\"nm\":\"Petit contenant rectangulaire\",\"nme\":\"Rectangular Small Container POP 0.6 L\",\"attr\":\"\",\"sku\":\"22144\",\"l2\":\"Contenant et pot\",\"sl\":\"petit-contenant-rectangulaire-oxo-danesco-22144\",\"sn\":\"\",\"idxP\":12},{\"mq\":\"Oxo Danesco\",\"nm\":\"Contenant moyen carr\u00E9 court\",\"nme\":\"Square Medium Short Container POP 2.6 L\",\"attr\":\"\",\"sku\":\"22151\",\"l2\":\"Contenant et pot\",\"sl\":\"contenant-moyen-carre-court-oxo-danesco-22151\",\"sn\":\"\",\"idxP\":17},{\"mq\":\"Oxo Danesco\",\"nm\":\"Contenant rectangulaire\",\"nme\":\"Rectangular Short Container POP 1.6 L\",\"attr\":\"\",\"sku\":\"22146\",\"l2\":\"Contenant et pot\",\"sl\":\"contenant-rectangulaire-oxo-danesco-22146\",\"sn\":\"\",\"idxP\":14},{\"mq\":\"Oxo Danesco\",\"nm\":\"Grand contenant carr\u00E9 5.7L\",\"nme\":\"Large Square Tall Container 5.7 L\",\"attr\":\"\",\"sku\":\"22158\",\"l2\":\"Contenant et pot\",\"sl\":\"grand-contenant-carre-5.7l-oxo-danesco-22158\",\"sn\":\"\",\"idxP\":16},{\"mq\":\"Sagetra\",\"nm\":\"Grille gla\u00E7age fils acier plaqu\u00E9 chrome 17x25 1\\\/2\",\"nme\":\"Mesh Icing Grate Chrome Plated Steel Wire25x17x1,5\",\"attr\":\"\",\"sku\":\"23431\",\"l2\":\"Accessoire de p\u00E2tisserie\",\"sl\":\"grille-glacage-fils-acier-plaque-chrome-17x25-12-sagetra-23431\",\"sn\":\"\",\"idxP\":22},{\"mq\":\"Oxo Danesco\",\"nm\":\"Contenant haut rectangulaire\",\"nme\":\"Rectangular Tall Container POP 2.6 L\",\"attr\":\"\",\"sku\":\"22154\",\"l2\":\"Contenant et pot\",\"sl\":\"contenant-haut-rectangulaire-oxo-danesco-22154\",\"sn\":\"\",\"idxP\":15},{\"mq\":\"Oxo Danesco\",\"nm\":\"Grand contenant carr\u00E9 4.2L\",\"nme\":\"Square Large Container POP 4.2 L\",\"attr\":\"\",\"sku\":\"22157\",\"l2\":\"Contenant et pot\",\"sl\":\"grand-contenant-carre-4.2l-oxo-danesco-22157\",\"sn\":\"\",\"idxP\":19},{\"mq\":\"Sagetra\",\"nm\":\"Douille \u00E0 p\u00E2tisserie \u00E9toile ouverte 0,69 \\\/ 17,5 cm\",\"nme\":\"Pastry Tube Open Star 0,69\\\" \\\/ 17,5 cm\",\"attr\":\"\",\"sku\":\"23477\",\"l2\":\"Accessoire de p\u00E2tisserie\",\"sl\":\"douille-a-patisserie-etoile-ouverte-069-175-cm-sagetra-23477\",\"sn\":\"\",\"idxP\":20},{\"mq\":\"Oxo Danesco\",\"nm\":\"Pince acier inoxydable 41cm\\\/16\\\"\",\"nme\":\"41cm\\\/16\\\" Stainless Steel Tongs\",\"attr\":\"\",\"sku\":\"22136\",\"l2\":\"Ustensiles et accessoires\",\"sl\":\"pince-acier-inoxydable-41cm16-oxo-danesco-22136\",\"sn\":\"\",\"idxP\":14},{\"mq\":\"Sagetra\",\"nm\":\"Douille \u00E0 p\u00E2tisserie \u00E9toile ouverte 0,50\\\" \\\/ 13 cm\",\"nme\":\"Pastry Tube Open Star 0,50\\\" \\\/ 13 cm\",\"attr\":\"\",\"sku\":\"23474\",\"l2\":\"Accessoire de p\u00E2tisserie\",\"sl\":\"douille-a-patisserie-etoile-ouverte-050-13-cm-sagetra-23474\",\"sn\":\"\",\"idxP\":23},{\"mq\":\"Oxo Danesco\",\"nm\":\"Contenant haut rectangulaire\",\"nme\":\"Rectangular Tall Container POP 3.5 L\",\"attr\":\"\",\"sku\":\"22156\",\"l2\":\"Contenant et pot\",\"sl\":\"contenant-haut-rectangulaire-oxo-danesco-22156\",\"sn\":\"\",\"idxP\":13},{\"mq\":\"Sagetra\",\"nm\":\"Grille \u00E0 gla\u00E7age fils d'acier plaqu\u00E9 chrome 14 1\\\/2\",\"nme\":\"Mesh Icing Grate Rack Steel Wire 14,5x20,5x1,5\",\"attr\":\"\",\"sku\":\"23432\",\"l2\":\"Accessoire de p\u00E2tisserie\",\"sl\":\"grille-a-glacage-fils-dacier-plaque-chrome-14-12-sagetra-23432\",\"sn\":\"\",\"idxP\":26},{\"mq\":\"Oxo Danesco\",\"nm\":\"Contenant court carr\u00E9 POP 1 L\",\"nme\":\"Square Short Container POP 1 L\",\"attr\":\"\",\"sku\":\"22145\",\"l2\":\"Contenant et pot\",\"sl\":\"contenant-court-carre-pop-1-l-oxo-danesco-22145\",\"sn\":\"\",\"idxP\":11},{\"mq\":\"Sagetra\",\"nm\":\"Douille \u00E0 p\u00E2tisserie simple 0.69\\\" \\\/ 17,5 mm\",\"nme\":\"Stainless Steel Pastry Tube Plain 0.69\\\" \\\/ 17.5 mm\",\"attr\":\"\",\"sku\":\"23481\",\"l2\":\"Accessoire de p\u00E2tisserie\",\"sl\":\"douille-a-patisserie-simple-0.69-175-mm-sagetra-23481\",\"sn\":\"\",\"idxP\":19},{\"mq\":\"Oxo Danesco\",\"nm\":\"Brosse bouteille flexible\",\"nme\":\"Flexible Neck Bottle Brush 33 cm \\\/ 13\\\"\",\"attr\":\"\",\"sku\":\"22141\",\"l2\":\"Ustensiles et accessoires\",\"sl\":\"brosse-bouteille-flexible-oxo-danesco-22141\",\"sn\":\"\",\"idxP\":11},{\"mq\":\"Sagetra\",\"nm\":\"Douille \u00E0 p\u00E2tisserie \u00E9toile ouverte 0,57 \\\/ 14,5 cm\",\"nme\":\"Pastry Tube Open Star 0,57\\\" \\\/ 14.5 cm\",\"attr\":\"\",\"sku\":\"23475\",\"l2\":\"Accessoire de p\u00E2tisserie\",\"sl\":\"douille-a-patisserie-etoile-ouverte-057-145-cm-sagetra-23475\",\"sn\":\"\",\"idxP\":22},{\"mq\":\"Oxo Danesco\",\"nm\":\"Contenant haut carr\u00E9\",\"nme\":\"Rectangular Tall Container POP 2.1 L\",\"attr\":\"\",\"sku\":\"22153\",\"l2\":\"Contenant et pot\",\"sl\":\"contenant-haut-carre-oxo-danesco-22153\",\"sn\":\"\",\"idxP\":12},{\"mq\":\"Sagetra\",\"nm\":\"Douille \u00E0 p\u00E2tisserie simple 0,63\\\" \\\/ 16 cm\",\"nme\":\"Plain Pastry Tube 0,63\\\" \\\/ 16 cm\",\"attr\":\"\",\"sku\":\"23480\",\"l2\":\"Accessoire de p\u00E2tisserie\",\"sl\":\"douille-a-patisserie-simple-063-16-cm-sagetra-23480\",\"sn\":\"\",\"idxP\":20},{\"mq\":\"Sagetra\",\"nm\":\"Douille \u00E0 p\u00E2tisserie simple 0.50\\\" \\\/ 13 mm\",\"nme\":\"Stainless Steel Pastry Tube Plain 0.50\\\" \\\/ 13 mm\",\"attr\":\"\",\"sku\":\"23478\",\"l2\":\"Accessoire de p\u00E2tisserie\",\"sl\":\"douille-a-patisserie-simple-0.50-13-mm-sagetra-23478\",\"sn\":\"\",\"idxP\":17},{\"mq\":\"Sagetra\",\"nm\":\"Louche 240 ml \\\/ 8 oz en acier inoxydable\",\"nme\":\"Ladle 240 ml \\\/ 8 oz stainless steel\",\"attr\":\"\",\"sku\":\"24501\",\"l2\":\"Ustensiles et accessoires\",\"sl\":\"louche-240-ml-8-oz-en-acier-inoxydable-sagetra-24501\",\"sn\":\"\",\"idxP\":14},{\"mq\":\"Sagetra\",\"nm\":\"M\u00E9langeur en inox 60\\\"\",\"nme\":\"Stainless Steel Mixing Paddle 60\\\"\",\"attr\":\"\",\"sku\":\"25173\",\"l2\":\"Ustensiles et accessoires\",\"sl\":\"melangeur-en-inox-60-sagetra-25173\",\"sn\":\"\",\"idxP\":3},{\"mq\":\"Sagetra\",\"nm\":\"Couvercle alimentaire 12-18L\",\"nme\":\"Food Cover 12-18L\",\"attr\":\"\",\"sku\":\"25185\",\"l2\":\"Contenant et pot\",\"sl\":\"couvercle-alimentaire-12-18l-sagetra-25185\",\"sn\":\"\",\"idxP\":6},{\"mq\":\"Sagetra\",\"nm\":\"Grille \u00E0 beigne fils d'acier plaqu\u00E9 nickel 23\\\"x23\\\"\",\"nme\":\"Doughnut Screen Nickel Plated Steel Wire 23''x23''\",\"attr\":\"\",\"sku\":\"23433\",\"l2\":\"Accessoire de p\u00E2tisserie\",\"sl\":\"grille-a-beigne-fils-dacier-plaque-nickel-23x23-sagetra-23433\",\"sn\":\"\",\"idxP\":12},{\"mq\":\"Sagetra\",\"nm\":\"Louche une pi\u00E8ce 150 ml \\\/ 5 oz\",\"nme\":\"One Piece Ladle 150 ml \\\/ 5 oz\",\"attr\":\"\",\"sku\":\"24498\",\"l2\":\"Ustensiles et accessoires\",\"sl\":\"louche-une-piece-150-ml-5-oz-sagetra-24498\",\"sn\":\"\",\"idxP\":12},{\"mq\":\"Sagetra\",\"nm\":\"Louche une pi\u00E8ce 30 ml \\\/ 1 oz\",\"nme\":\"One Piece Ladle 30 ml \\\/ 1 oz\",\"attr\":\"\",\"sku\":\"24503\",\"l2\":\"Ustensiles et accessoires\",\"sl\":\"louche-une-piece-30-ml-1-oz-sagetra-24503\",\"sn\":\"\",\"idxP\":15},{\"mq\":\"Sagetra\",\"nm\":\"Louche une pi\u00E8ce 180 ml \\\/ 6 oz\",\"nme\":\"One Piece Ladle 180 ml \\\/ 6 oz\",\"attr\":\"\",\"sku\":\"24499\",\"l2\":\"Ustensiles et accessoires\",\"sl\":\"louche-une-piece-180-ml-6-oz-sagetra-24499\",\"sn\":\"\",\"idxP\":11},{\"mq\":\"Sagetra\",\"nm\":\"D\u00E9coupoir cannel\u00E9 7''\",\"nme\":\"Fluted Round Cutter 7''\",\"attr\":\"\",\"sku\":\"24956\",\"l2\":\"Ustensiles et accessoires\",\"sl\":\"decoupoir-cannele-7-sagetra-24956\",\"sn\":\"\",\"idxP\":14},{\"mq\":\"Sagetra\",\"nm\":\"Couvercle bleu rond en poly\u00E9thyl\u00E8ne\",\"nme\":\"Polyethylene Round Blue Cover Blue\",\"attr\":\"\",\"sku\":\"25195\",\"l2\":\"Contenant et pot\",\"sl\":\"couvercle-bleu-rond-en-polyethylene-sagetra-25195\",\"sn\":\"\",\"idxP\":10},{\"mq\":\"Sagetra\",\"nm\":\"Grille fils d'acier plaqu\u00E9 chrome 18\\\"x12 1\\\/2\\\"\",\"nme\":\"Ribbed Grate Chrome Plated Steel Wire 18\\\"x12 1\\\/2\\\"\",\"attr\":\"\",\"sku\":\"25190\",\"l2\":\"Accessoire de p\u00E2tisserie\",\"sl\":\"grille-fils-dacier-plaque-chrome-18x12-12-sagetra-25190\",\"sn\":\"\",\"idxP\":24},{\"mq\":\"Sagetra\",\"nm\":\"Couvercle Rond en Polyethylene Vert\",\"nme\":\"Polyethylene Round Blue Cover Green\",\"attr\":\"\",\"sku\":\"25196\",\"l2\":\"Contenant et pot\",\"sl\":\"couvercle-rond-en-polyethylene-vert-sagetra-25196\",\"sn\":\"\",\"idxP\":11},{\"mq\":\"Sagetra\",\"nm\":\"Douille \u00E0 p\u00E2tisserie \u00E9toile ouverte 0,63\\\" \\\/ 16 cm\",\"nme\":\"Pastry Tube Open Star 0,63\\\" \\\/ 16 cm\",\"attr\":\"\",\"sku\":\"23476\",\"l2\":\"Accessoire de p\u00E2tisserie\",\"sl\":\"douille-a-patisserie-etoile-ouverte-063-16-cm-sagetra-23476\",\"sn\":\"\",\"idxP\":19},{\"mq\":\"Sagetra\",\"nm\":\"R\u00E9cipient antiblocage demi grandeur long 2.5\\\"\",\"nme\":\"Anti-Jam Rectangular Pan Half Size long 2.5\\\"\",\"attr\":\"\",\"sku\":\"23976\",\"l2\":\"Buffet\",\"sl\":\"recipient-antiblocage-demi-grandeur-long-2.5-sagetra-23976\",\"sn\":\"\",\"idxP\":12},{\"mq\":\"Sagetra\",\"nm\":\"Conteneur alimentaire rond polycarbonate 6 Qt\",\"nme\":\"Round Polycarbonate Food Storage Container 6 Qt\",\"attr\":\"\",\"sku\":\"25199\",\"l2\":\"Contenant et pot\",\"sl\":\"conteneur-alimentaire-rond-polycarbonate-6-qt-sagetra-25199\",\"sn\":\"\",\"idxP\":16},{\"mq\":\"Sagetra\",\"nm\":\"Louche une pi\u00E8ce 60 ml \\\/ 2 oz\",\"nme\":\"One Piece Ladle 60 ml \\\/ 2 oz\",\"attr\":\"\",\"sku\":\"24496\",\"l2\":\"Ustensiles et accessoires\",\"sl\":\"louche-une-piece-60-ml-2-oz-sagetra-24496\",\"sn\":\"\",\"idxP\":15},{\"mq\":\"Sagetra\",\"nm\":\"Louche une pi\u00E8ce 480 ml \\\/ 16 oz\",\"nme\":\"One Piece Ladle 480 ml \\\/ 16 oz\",\"attr\":\"\",\"sku\":\"24502\",\"l2\":\"Ustensiles et accessoires\",\"sl\":\"louche-une-piece-480-ml-16-oz-sagetra-24502\",\"sn\":\"\",\"idxP\":10},{\"mq\":\"Sagetra\",\"nm\":\"Fouet style fran\u00E7ais 18\\\"\",\"nme\":\"French Hotel Whisk 18\\\"\",\"attr\":\"\",\"sku\":\"25187\",\"l2\":\"Ustensiles et accessoires\",\"sl\":\"fouet-style-francais-18-sagetra-25187\",\"sn\":\"\",\"idxP\":18},{\"mq\":\"Sagetra\",\"nm\":\"Grille \u00E0 pizza bordure lisse 18\\\"\",\"nme\":\"Pizza Screen 18\\\" Seamless Rim\",\"attr\":\"\",\"sku\":\"25569\",\"l2\":\"Accessoire pour pizza\",\"sl\":\"grille-a-pizza-bordure-lisse-18-sagetra-25569\",\"sn\":\"\",\"idxP\":20},{\"mq\":\"Sagetra\",\"nm\":\"Louche une pi\u00E8ce 210 ml \\\/ 7 oz\",\"nme\":\"One Piece Ladle 210 ml \\\/ 7 oz\",\"attr\":\"\",\"sku\":\"24500\",\"l2\":\"Ustensiles et accessoires\",\"sl\":\"louche-une-piece-210-ml-7-oz-sagetra-24500\",\"sn\":\"\",\"idxP\":10},{\"mq\":\"Sagetra\",\"nm\":\"Faux-fond pour r\u00E9cipent en polycarb.NSF grand\",\"nme\":\"False Bottom for Food Pan Polycarb. NSF Full Size\",\"attr\":\"\",\"sku\":\"25559\",\"l2\":\"Buffet\",\"sl\":\"faux-fond-pour-recipent-en-polycarb.nsf-grand-sagetra-25559\",\"sn\":\"\",\"idxP\":9},{\"mq\":\"Sagetra\",\"nm\":\"Douille \u00E0 p\u00E2tisserie simple 0,57\\\" \\\/ 14,5 cm\",\"nme\":\"Plain Pastry Tube 0,57\\\" \\\/ 14,5 cm\",\"attr\":\"\",\"sku\":\"23479\",\"l2\":\"Accessoire de p\u00E2tisserie\",\"sl\":\"douille-a-patisserie-simple-057-145-cm-sagetra-23479\",\"sn\":\"\",\"idxP\":22},{\"mq\":\"Sagetra\",\"nm\":\"Louche une pi\u00E8ce 90 ml \\\/ 3 oz\",\"nme\":\"One Piece Ladle 90 ml \\\/ 3 oz\",\"attr\":\"\",\"sku\":\"24497\",\"l2\":\"Ustensiles et accessoires\",\"sl\":\"louche-une-piece-90-ml-3-oz-sagetra-24497\",\"sn\":\"\",\"idxP\":9},{\"mq\":\"Sagetra\",\"nm\":\"Grille fils d'acier plaqu\u00E9 chrome 16 1\\\/4\\\"x25\\\"x1\\\"\",\"nme\":\"Ribbed Grate Chrome Plated Steel Wire16.25x25x1\",\"attr\":\"\",\"sku\":\"25172\",\"l2\":\"Accessoire de p\u00E2tisserie\",\"sl\":\"grille-fils-dacier-plaque-chrome-16-14x25x1-sagetra-25172\",\"sn\":\"\",\"idxP\":21},{\"mq\":\"Sagetra\",\"nm\":\"Grille \u00E0 pizza bordure lisse 16\\\"\",\"nme\":\"Pizza Screen 16\\\" Seamless Rim\",\"attr\":\"\",\"sku\":\"25568\",\"l2\":\"Accessoire pour pizza\",\"sl\":\"grille-a-pizza-bordure-lisse-16-sagetra-25568\",\"sn\":\"\",\"idxP\":25},{\"mq\":\"Sagetra\",\"nm\":\"Conteneur alimentaire rond polycarbonate 22 Qt\",\"nme\":\"Round Polycarbonate Food Storage Container 22 Qt\",\"attr\":\"\",\"sku\":\"25197\",\"l2\":\"Contenant et pot\",\"sl\":\"conteneur-alimentaire-rond-polycarbonate-22-qt-sagetra-25197\",\"sn\":\"\",\"idxP\":8},{\"mq\":\"Sagetra\",\"nm\":\"Grille \u00E0 pizza bordure lisse 14\\\"\",\"nme\":\"Pizza Screen Seamless Rim 14\\\"\",\"attr\":\"\",\"sku\":\"25567\",\"l2\":\"Accessoire pour pizza\",\"sl\":\"grille-a-pizza-bordure-lisse-14-sagetra-25567\",\"sn\":\"\",\"idxP\":36},{\"mq\":\"Sagetra\",\"nm\":\"Coupe p\u00E2te 6\\\"x4\\\"\",\"nme\":\"Dough Cutter 6\\\"x4\\\"\",\"attr\":\"\",\"sku\":\"25907\",\"l2\":\"Ustensiles et accessoires\",\"sl\":\"coupe-pate-6x4-sagetra-25907\",\"sn\":\"\",\"idxP\":38},{\"mq\":\"Sagetra\",\"nm\":\"Couteau \u00E0 beurre 3 5\\\/8\\\"\",\"nme\":\"Butter Spreader 3 5\\\/8\\\"\",\"attr\":\"\",\"sku\":\"25712\",\"l2\":\"Ustensile de table\",\"sl\":\"couteau-a-beurre-3-58-sagetra-25712\",\"sn\":\"\",\"idxP\":75},{\"mq\":\"Sagetra\",\"nm\":\"Couvercle plein r\u00E9cipient antiblocage grandeur 1\\\/2\",\"nme\":\"Solid Cover Anti-Jam Rectangular Pan 1\\\/2 Size\",\"attr\":\"\",\"sku\":\"31178\",\"l2\":\"Buffet\",\"sl\":\"couvercle-plein-recipient-antiblocage-grandeur-12-sagetra-31178\",\"sn\":\"\",\"idxP\":26},{\"mq\":\"Sagetra\",\"nm\":\"Couvercle pour bain-marie 1 1\\\/4 Qt\",\"nme\":\"Bain-Marie Cover 1 1\\\/4 Qt\",\"attr\":\"\",\"sku\":\"39274\",\"l2\":\"Buffet\",\"sl\":\"couvercle-pour-bain-marie-1-14-qt-sagetra-39274\",\"sn\":\"\",\"idxP\":9},{\"mq\":\"Sanelli\",\"nm\":\"\u00C9plucheur \u00E0 pomme de terre 3\\\"\",\"nme\":\"Potato Peeler 3\\\"\",\"attr\":\"\",\"sku\":\"39690\",\"l2\":\"Ustensiles et accessoires\",\"sl\":\"eplucheur-a-pomme-de-terre-3-sanelli-39690\",\"sn\":\"pommes\",\"idxP\":11},{\"mq\":\"Sagetra\",\"nm\":\"\u00C9cumoire ronde \u00E0 maille 7'' x 20''\",\"nme\":\"Round Wire Skimmer 7'' x 20''\",\"attr\":\"\",\"sku\":\"25901\",\"l2\":\"Ustensiles et accessoires\",\"sl\":\"ecumoire-ronde-a-maille-7-x-20-sagetra-25901\",\"sn\":\"\",\"idxP\":21},{\"mq\":\"Sagetra\",\"nm\":\"Palette \u00E0 tourner perfor\u00E9e 8 1\\\/4\\\" x 3\\\"\",\"nme\":\"Perforated Flexible Turner 8 1\\\/4\\\" x 3\\\"\",\"attr\":\"\",\"sku\":\"25906\",\"l2\":\"Ustensiles et accessoires\",\"sl\":\"palette-a-tourner-perforee-8-14-x-3-sagetra-25906\",\"sn\":\"\",\"idxP\":19},{\"mq\":\"Sagetra\",\"nm\":\"Couvercle bain-marie 6 Qt\",\"nme\":\"Bain-Marie Cover 6 Qt\",\"attr\":\"\",\"sku\":\"39278\",\"l2\":\"Buffet\",\"sl\":\"couvercle-bain-marie-6-qt-sagetra-39278\",\"sn\":\"\",\"idxP\":4},{\"mq\":\"Sagetra\",\"nm\":\"Feuille de cuisson en silicone grandeur 1\\\/4\",\"nme\":\"Silicone Baking Mat Size 1\\\/4\",\"attr\":\"\",\"sku\":\"39691\",\"l2\":\"Accessoire de p\u00E2tisserie\",\"sl\":\"feuille-de-cuisson-en-silicone-grandeur-14-sagetra-39691\",\"sn\":\"\",\"idxP\":30},{\"mq\":\"Sagetra\",\"nm\":\"Couvercle plein r\u00E9cipient antiblocage grandeur 1\\\/1\",\"nme\":\"Solid Cover Anti-Jam Rectangular Pan 1\\\/1 Size\",\"attr\":\"\",\"sku\":\"31176\",\"l2\":\"Buffet\",\"sl\":\"couvercle-plein-recipient-antiblocage-grandeur-11-sagetra-31176\",\"sn\":\"\",\"idxP\":34},{\"mq\":\"Sagetra\",\"nm\":\"Couvercle \u00E0 rainures r\u00E9cipient antiblocage 1\\\/6\",\"nme\":\"Slotted Cover Anti-Jam Rectangular Pan 1\\\/6 Size\",\"attr\":\"\",\"sku\":\"31193\",\"l2\":\"Buffet\",\"sl\":\"couvercle-a-rainures-recipient-antiblocage-16-sagetra-31193\",\"sn\":\"\",\"idxP\":22},{\"mq\":\"Sagetra\",\"nm\":\"Couvercle pour bain-marie 8 1\\\/4 Qt\",\"nme\":\"Bain-Marie Cover 8 1\\\/4 Qt\",\"attr\":\"\",\"sku\":\"39279\",\"l2\":\"Buffet\",\"sl\":\"couvercle-pour-bain-marie-8-14-qt-sagetra-39279\",\"sn\":\"\",\"idxP\":5},{\"mq\":\"Sagetra\",\"nm\":\"Doseur en inox 1 x 1 1\\\/2 oz\",\"nme\":\"Stainless Steel Jiggers 1 x 1 1\\\/2 oz\",\"attr\":\"\",\"sku\":\"27004\",\"l2\":\"Ustensiles et accessoires\",\"sl\":\"doseur-en-inox-1-x-1-12-oz-sagetra-27004\",\"sn\":\"\",\"idxP\":37},{\"mq\":\"Sagetra\",\"nm\":\"Couvercle bain-marie 2 Qt \\\/ 4 7\\\/8\\\"\",\"nme\":\"Bain-Marie Cover 2 Qt \\\/ 4 7\\\/8\\\"\",\"attr\":\"\",\"sku\":\"39275\",\"l2\":\"Buffet\",\"sl\":\"couvercle-bain-marie-2-qt-4-78-sagetra-39275\",\"sn\":\"\",\"idxP\":3},{\"mq\":\"Sagetra\",\"nm\":\"Feuille de cuisson en silicone pleine grandeur\",\"nme\":\"Silicone Baking Mat Full Size\",\"attr\":\"\",\"sku\":\"39696\",\"l2\":\"Accessoire de p\u00E2tisserie\",\"sl\":\"feuille-de-cuisson-en-silicone-pleine-grandeur-sagetra-39696\",\"sn\":\"\",\"idxP\":31},{\"mq\":\"Sagetra\",\"nm\":\"Couvercle plein r\u00E9cipient antiblocage grandeur 1\\\/6\",\"nme\":\"Solid Cover for Anti-Jam Rectangular Pan 1\\\/6 Size\",\"attr\":\"\",\"sku\":\"31192\",\"l2\":\"Buffet\",\"sl\":\"couvercle-plein-recipient-antiblocage-grandeur-16-sagetra-31192\",\"sn\":\"\",\"idxP\":25},{\"mq\":\"Sagetra\",\"nm\":\"Couvercle bain-marie 4 1\\\/4 Qt \\\/ 6 1\\\/2\\\"\",\"nme\":\"Bain-Marie Cover 4 1\\\/4 Qt \\\/ 6 1\\\/2\\\"\",\"attr\":\"\",\"sku\":\"39277\",\"l2\":\"Buffet\",\"sl\":\"couvercle-bain-marie-4-14-qt-6-12-sagetra-39277\",\"sn\":\"\",\"idxP\":7},{\"mq\":\"Sagetra\",\"nm\":\"Feuille de cuisson en silicone grandeur 1\\\/2\",\"nme\":\"Silicone Baking Mat Size 1\\\/2\",\"attr\":\"\",\"sku\":\"39692\",\"l2\":\"Accessoire de p\u00E2tisserie\",\"sl\":\"feuille-de-cuisson-en-silicone-grandeur-12-sagetra-39692\",\"sn\":\"\",\"idxP\":29},{\"mq\":\"Sagetra\",\"nm\":\"Fourchette de chef courb\u00E9e 13''\",\"nme\":\"Curved Carving Fork 13''\",\"attr\":\"\",\"sku\":\"39698\",\"l2\":\"Ustensile de table\",\"sl\":\"fourchette-de-chef-courbee-13-sagetra-39698\",\"sn\":\"\",\"idxP\":2},{\"mq\":\"Sanelli\",\"nm\":\"Fusil \u00E0 aiguiser 12\\\"\",\"nme\":\"Sharpening Steel 12\\\"\",\"attr\":\"\",\"sku\":\"39700\",\"l2\":\"Couteau de chef\",\"sl\":\"fusil-a-aiguiser-12-sanelli-39700\",\"sn\":\"\",\"idxP\":4},{\"mq\":\"Sagetra\",\"nm\":\"Louche une pi\u00E8ce en inox 4 oz\",\"nme\":\"Stainless Steel One Piece Ladle 4 oz\",\"attr\":\"\",\"sku\":\"40109\",\"l2\":\"Ustensiles et accessoires\",\"sl\":\"louche-une-piece-en-inox-4-oz-sagetra-40109\",\"sn\":\"\",\"idxP\":20},{\"mq\":\"Sagetra\",\"nm\":\"Pilon \u00E0 patate rond 5\\\" D 24\\\" L\",\"nme\":\"Round Potato Masher with Wood Handle 5\\\" D 24\\\" L\",\"attr\":\"\",\"sku\":\"23429\",\"l2\":\"Ustensiles et accessoires\",\"sl\":\"pilon-a-patate-rond-5-d-24-l-sagetra-23429\",\"sn\":\"patates\",\"idxP\":4},{\"mq\":\"Sagetra\",\"nm\":\"Grille \u00E0 pizza bordure lisse 12\\\"\",\"nme\":\"Pizza Screen 12\\\" Seamless Rim\",\"attr\":\"\",\"sku\":\"25566\",\"l2\":\"Accessoire pour pizza\",\"sl\":\"grille-a-pizza-bordure-lisse-12-sagetra-25566\",\"sn\":\"\",\"idxP\":19},{\"mq\":\"Sagetra\",\"nm\":\"Couvercle plein r\u00E9cipient antiblocage grandeur 1\\\/3\",\"nme\":\"Solid Cover Anti-Jam Rectangular Pan 1\\\/3 Size\",\"attr\":\"\",\"sku\":\"31180\",\"l2\":\"Buffet\",\"sl\":\"couvercle-plein-recipient-antiblocage-grandeur-13-sagetra-31180\",\"sn\":\"\",\"idxP\":21},{\"mq\":\"Sagetra\",\"nm\":\"Couvercle pour bain-marie 3 1\\\/2 Qt\",\"nme\":\"Bain-Marie Cover 3 1\\\/2 Qt\",\"attr\":\"\",\"sku\":\"39276\",\"l2\":\"Buffet\",\"sl\":\"couvercle-pour-bain-marie-3-12-qt-sagetra-39276\",\"sn\":\"\",\"idxP\":2},{\"mq\":\"Sagetra\",\"nm\":\"Fouet en forme de globe 48\\\"\",\"nme\":\"Whips Globe 48\\\"\",\"attr\":\"\",\"sku\":\"40107\",\"l2\":\"Ustensiles et accessoires\",\"sl\":\"fouet-en-forme-de-globe-48-sagetra-40107\",\"sn\":\"\",\"idxP\":1},{\"mq\":\"Sagetra\",\"nm\":\"Pelle \u00E0 main 58 oz\",\"nme\":\"Kitchen Bottom Scoop 58 oz\",\"attr\":\"\",\"sku\":\"24802\",\"l2\":\"Ustensiles et accessoires\",\"sl\":\"pelle-a-main-58-oz-sagetra-24802\",\"sn\":\"\",\"idxP\":13},{\"mq\":\"Sagetra\",\"nm\":\"Bac \u00E0 aliment en polycarbonate NSF1\\\/4 grandeurx6\\\"\",\"nme\":\"Deep Food Pan Polycarbonate NSF 1\\\/4 Size x 6\\\"\",\"attr\":\"\",\"sku\":\"25649\",\"l2\":\"Buffet\",\"sl\":\"bac-a-aliment-en-polycarbonate-nsf14-grandeurx6-sagetra-25649\",\"sn\":\"\",\"idxP\":8},{\"mq\":\"Sagetra\",\"nm\":\"M\u00E9langeur \u00E0 p\u00E2te en acier inox 4-1\\\/2 x4-1\\\/2x 1-3\\\/4\",\"nme\":\"Stainless Steel Pastry Blender 4-1\\\/2x4-1\\\/2x1-3\\\/4\",\"attr\":\"\",\"sku\":\"29067\",\"l2\":\"Accessoire de p\u00E2tisserie\",\"sl\":\"melangeur-a-pate-en-acier-inox-4-12-x4-12x-1-34-sagetra-29067\",\"sn\":\"\",\"idxP\":10},{\"mq\":\"Sagetra\",\"nm\":\"Couvercle \u00E0 rainures r\u00E9cipient antiblocage 1\\\/3\",\"nme\":\"Slotted Cover Food Pan Polycarbonate 1\\\/3 Size\",\"attr\":\"\",\"sku\":\"31181\",\"l2\":\"Buffet\",\"sl\":\"couvercle-a-rainures-recipient-antiblocage-13-sagetra-31181\",\"sn\":\"\",\"idxP\":19},{\"mq\":\"Sagetra\",\"nm\":\"Feuille de cuisson en silicone grandeur 2\\\/3\",\"nme\":\"Silicone Baking Mat 2\\\/3 Size\",\"attr\":\"\",\"sku\":\"39693\",\"l2\":\"Accessoire de p\u00E2tisserie\",\"sl\":\"feuille-de-cuisson-en-silicone-grandeur-23-sagetra-39693\",\"sn\":\"\",\"idxP\":44},{\"mq\":\"Sagetra\",\"nm\":\"Pelle \u00E0 main 12 oz\",\"nme\":\"Kitchen Bottom Scoop 12 oz\",\"attr\":\"\",\"sku\":\"24803\",\"l2\":\"Ustensiles et accessoires\",\"sl\":\"pelle-a-main-12-oz-sagetra-24803\",\"sn\":\"\",\"idxP\":27},{\"mq\":\"Sagetra\",\"nm\":\"Pelle \u00E0 main 24 oz\",\"nme\":\"Kitchen Bottom Scoop 24 oz\",\"attr\":\"\",\"sku\":\"24804\",\"l2\":\"Ustensiles et accessoires\",\"sl\":\"pelle-a-main-24-oz-sagetra-24804\",\"sn\":\"\",\"idxP\":22},{\"mq\":\"Sagetra\",\"nm\":\"\u00C9queute tomate 4 1\\\/8\\\"\",\"nme\":\"Tomato Wiz 4 1\\\/8\\\"\",\"attr\":\"\",\"sku\":\"25902\",\"l2\":\"Ustensiles et accessoires\",\"sl\":\"equeute-tomate-4-18-sagetra-25902\",\"sn\":\"tomates\",\"idxP\":29},{\"mq\":\"Sagetra\",\"nm\":\"\u00C9cumoire ronde en maille 5'' x 19 1\\\/2''\",\"nme\":\"Round Wire Skimmer 5'' x 19 1\\\/2''\",\"attr\":\"\",\"sku\":\"25903\",\"l2\":\"Ustensiles et accessoires\",\"sl\":\"ecumoire-ronde-en-maille-5-x-19-12-sagetra-25903\",\"sn\":\"\",\"idxP\":15},{\"mq\":\"Sagetra\",\"nm\":\"Couvercle \u00E0 rainures r\u00E9cipient antiblocage 1\\\/2\",\"nme\":\"Slotted Cover Anti-Jam Rectangular Pan Half Size\",\"attr\":\"\",\"sku\":\"31179\",\"l2\":\"Buffet\",\"sl\":\"couvercle-a-rainures-recipient-antiblocage-12-sagetra-31179\",\"sn\":\"\",\"idxP\":20},{\"mq\":\"Sagetra\",\"nm\":\"Pilon \u00E0 patate rond 4 1\\\/2\\\" D 18\\\" L\",\"nme\":\"Round Potato Masher with Wood Handle 4.5\\\" D 18\\\" L\",\"attr\":\"\",\"sku\":\"23435\",\"l2\":\"Ustensiles et accessoires\",\"sl\":\"pilon-a-patate-rond-4-12-d-18-l-sagetra-23435\",\"sn\":\"patates\",\"idxP\":7},{\"mq\":\"Sagetra\",\"nm\":\"Grattoir \u00E0 t\u00F4le en inox\",\"nme\":\"Stainless Steel Pan Scraper\",\"attr\":\"\",\"sku\":\"40108\",\"l2\":\"Accessoire de p\u00E2tisserie\",\"sl\":\"grattoir-a-tole-en-inox-sagetra-40108\",\"sn\":\"\",\"idxP\":36},{\"mq\":\"Sagetra\",\"nm\":\"Pelle \u00E0 main 38 oz\",\"nme\":\"Kitchen Bottom Scoop 38 oz\",\"attr\":\"\",\"sku\":\"24805\",\"l2\":\"Ustensiles et accessoires\",\"sl\":\"pelle-a-main-38-oz-sagetra-24805\",\"sn\":\"\",\"idxP\":15},{\"mq\":\"Sagetra\",\"nm\":\"Pichet plastique \u00E0 eau 32 oz\",\"nme\":\"Plastic Water Pitcher 32 oz\",\"attr\":\"\",\"sku\":\"25136\",\"l2\":\"Service de table\",\"sl\":\"pichet-plastique-a-eau-32-oz-sagetra-25136\",\"sn\":\"\",\"idxP\":22},{\"mq\":\"Sagetra\",\"nm\":\"Bac \u00E0 aliment polycarbonate grandeur 1\\\/4 x 4\\\"\",\"nme\":\"Food Pan Polycarbonate 1\\\/4 Size x 4\\\" Deep\",\"attr\":\"\",\"sku\":\"25647\",\"l2\":\"Buffet\",\"sl\":\"bac-a-aliment-polycarbonate-grandeur-14-x-4-sagetra-25647\",\"sn\":\"\",\"idxP\":17},{\"mq\":\"Sagetra\",\"nm\":\"Bac \u00E0 aliment polycarbonate grandeur 1\\\/2 x 6\\\"\",\"nme\":\"Food Pan Polycarbonate 1\\\/2 Size x 6\\\" Deep\",\"attr\":\"\",\"sku\":\"25642\",\"l2\":\"Buffet\",\"sl\":\"bac-a-aliment-polycarbonate-grandeur-12-x-6-sagetra-25642\",\"sn\":\"\",\"idxP\":16},{\"mq\":\"Sagetra\",\"nm\":\"Passoire en maille double 8'' \\\/ 20 cm\",\"nme\":\"Double Mesh Strainer 8'' \\\/ 20 cm\",\"attr\":\"\",\"sku\":\"40114\",\"l2\":\"Accessoire de cuisine\",\"sl\":\"passoire-en-maille-double-8-20-cm-sagetra-40114\",\"sn\":\"\",\"idxP\":21},{\"mq\":\"Sagetra\",\"nm\":\"Palette \u00E0 tourner inox 8 1\\\/4\\\" x 3\\\"\",\"nme\":\"Flexible Turner 8 1\\\/4\\\" x 3\\\"\",\"attr\":\"\",\"sku\":\"40110\",\"l2\":\"Ustensiles et accessoires\",\"sl\":\"palette-a-tourner-inox-8-14-x-3-sagetra-40110\",\"sn\":\"\",\"idxP\":36},{\"mq\":\"Sagetra\",\"nm\":\"Pelle \u00E0 frites avec 2 poign\u00E9es\",\"nme\":\"2 Handle French Fry Bagger\",\"attr\":\"\",\"sku\":\"24801\",\"l2\":\"Ustensiles et accessoires\",\"sl\":\"pelle-a-frites-avec-2-poignees-sagetra-24801\",\"sn\":\"\",\"idxP\":10},{\"mq\":\"Sagetra\",\"nm\":\"Bac \u00E0 aliment polycarbonate grandeur 1\\\/6 x 2 1\\\/2\\\"\",\"nme\":\"Food Pan Polycarbonate 1\\\/6 Size x 2-1\\\/2\\\" Deep\",\"attr\":\"\",\"sku\":\"25664\",\"l2\":\"Buffet\",\"sl\":\"bac-a-aliment-polycarbonate-grandeur-16-x-2-12-sagetra-25664\",\"sn\":\"\",\"idxP\":10},{\"mq\":\"Yaxell\",\"nm\":\"Aiguiseur \u00E0 couteaux #3000\\\/8000\",\"nme\":\"Knife Sharpener #3000\\\/8000\",\"attr\":\"\",\"sku\":\"39769\",\"l2\":\"Couteau de chef\",\"sl\":\"aiguiseur-a-couteaux-30008000-yaxell-39769\",\"sn\":\"\",\"idxP\":1}], [{\"mq\":\"Sagetra\",\"nm\":\"Pelle \u00E0 main 85 oz\",\"nme\":\"Kitchen Bottom Scoop 85 oz\",\"attr\":\"\",\"sku\":\"24806\",\"l2\":\"Ustensile de table\",\"sl\":\"pelle-a-main-85-oz-sagetra-24806\",\"sn\":\"\",\"idxP\":6},{\"mq\":\"Sagetra\",\"nm\":\"Bac \u00E0 aliment polycarbonate 1\\\/9 grandeur x 2 1\\\/2\\\"\",\"nme\":\"Food Pan Polycarbonate 1\\\/9 Size x 2 1\\\/2\\\" Deep\",\"attr\":\"\",\"sku\":\"25667\",\"l2\":\"Buffet\",\"sl\":\"bac-a-aliment-polycarbonate-19-grandeur-x-2-12-sagetra-25667\",\"sn\":\"\",\"idxP\":18},{\"mq\":\"Sagetra\",\"nm\":\"Bac \u00E0 aliment polycarbonate grandeur 1\\\/9 x 4\\\"\",\"nme\":\"Food Pan Polycarbonate 1\\\/9 Size x 4\\\" Deep\",\"attr\":\"\",\"sku\":\"25668\",\"l2\":\"Buffet\",\"sl\":\"bac-a-aliment-polycarbonate-grandeur-19-x-4-sagetra-25668\",\"sn\":\"\",\"idxP\":17},{\"mq\":\"Sagetra\",\"nm\":\"Bac \u00E0 aliment polycarbonate grandeur 1\\\/6 x 4\\\"\",\"nme\":\"Food Pan Polycarbonate 1\\\/6 Size x 4\\\" Deep\",\"attr\":\"\",\"sku\":\"25665\",\"l2\":\"Buffet\",\"sl\":\"bac-a-aliment-polycarbonate-grandeur-16-x-4-sagetra-25665\",\"sn\":\"\",\"idxP\":4},{\"mq\":\"Sagetra\",\"nm\":\"Mini panier \u00E0 frire\",\"nme\":\"Mini Fryer Basket 4'' x 3 1\\\/4''\",\"attr\":\"\",\"sku\":\"25137\",\"l2\":\"Service de table\",\"sl\":\"mini-panier-a-frire-sagetra-25137\",\"sn\":\"\",\"idxP\":16},{\"mq\":\"Sagetra\",\"nm\":\"Pelle \u00E0 main 5 oz\",\"nme\":\"Kitchen Bottom Scoop 5 oz\",\"attr\":\"\",\"sku\":\"24807\",\"l2\":\"Ustensiles et accessoires\",\"sl\":\"pelle-a-main-5-oz-sagetra-24807\",\"sn\":\"\",\"idxP\":34},{\"mq\":\"Sagetra\",\"nm\":\"R\u00E9cipient antiblocage grandeur 1\\\/4 x 2 1\\\/2\\\"\",\"nme\":\"Food Pan Polycarbonate 1\\\/4 Size x 2-1\\\/2\\\" Deep\",\"attr\":\"\",\"sku\":\"25646\",\"l2\":\"Buffet\",\"sl\":\"recipient-antiblocage-grandeur-14-x-2-12-sagetra-25646\",\"sn\":\"\",\"idxP\":14},{\"mq\":\"Sagetra\",\"nm\":\"Barre interm\u00E9diaire pleine grandeur 20\\\"\",\"nme\":\"Full Size Adapter Bar 20''\",\"attr\":\"\",\"sku\":\"24613\",\"l2\":\"Buffet\",\"sl\":\"barre-intermediaire-pleine-grandeur-20-sagetra-24613\",\"sn\":\"\",\"idxP\":11},{\"mq\":\"Sagetra\",\"nm\":\"Planche \u00E0 d\u00E9couper brune 12\\\"x18\\\"\",\"nme\":\"Brown Cutting Board 12\\\"x18\\\"\",\"attr\":\"\",\"sku\":\"24954\",\"l2\":\"Planche\",\"sl\":\"planche-a-decouper-brune-12x18-sagetra-24954\",\"sn\":\"\",\"idxP\":16},{\"mq\":\"Sagetra\",\"nm\":\"Planche \u00E0 d\u00E9couper blanche 15\\\"x20\\\"\",\"nme\":\"White Cutting Board 15\\\"x20\\\"\",\"attr\":\"\",\"sku\":\"24944\",\"l2\":\"Planche\",\"sl\":\"planche-a-decouper-blanche-15x20-sagetra-24944\",\"sn\":\"\",\"idxP\":37},{\"mq\":\"Sagetra\",\"nm\":\"Pelle \u00E0 tarte 4 3\\\/4\\\"\",\"nme\":\"Pie Server 4 3\\\/4\\\"\",\"attr\":\"\",\"sku\":\"25905\",\"l2\":\"Ustensiles et accessoires\",\"sl\":\"pelle-a-tarte-4-34-sagetra-25905\",\"sn\":\"\",\"idxP\":22},{\"mq\":\"Browne\",\"nm\":\"Plaque \u00E0 biscuits 15X21\",\"nme\":\"Bun Pan 15\\\"x21\\\"\",\"attr\":\"\",\"sku\":\"39952\",\"l2\":\"Accessoire de p\u00E2tisserie\",\"sl\":\"plaque-a-biscuits-15x21-sagetra-39952\",\"sn\":\"\",\"idxP\":100},{\"mq\":\"Sagetra\",\"nm\":\"Barre interm\u00E9diaire demi grandeur 12''\",\"nme\":\"Adapter Bar Half Size 12''\",\"attr\":\"\",\"sku\":\"24612\",\"l2\":\"Buffet\",\"sl\":\"barre-intermediaire-demi-grandeur-12-sagetra-24612\",\"sn\":\"\",\"idxP\":13},{\"mq\":\"Sagetra\",\"nm\":\"Planche \u00E0 d\u00E9couper brune 15\\\"x20\\\"\",\"nme\":\"Brown Cutting Board 15\\\"x20\\\"\",\"attr\":\"\",\"sku\":\"24953\",\"l2\":\"Planche\",\"sl\":\"planche-a-decouper-brune-15x20-sagetra-24953\",\"sn\":\"\",\"idxP\":13},{\"mq\":\"Sagetra\",\"nm\":\"Spatule droite en acier inoxydable 12\\\"x1,75''\",\"nme\":\"Stainless Steel Straight Spatula 12\\\"x1.75''\",\"attr\":\"\",\"sku\":\"29004\",\"l2\":\"Ustensiles et accessoires\",\"sl\":\"spatule-droite-en-acier-inoxydable-12x175-sagetra-29004\",\"sn\":\"\",\"idxP\":19},{\"mq\":\"Sagetra\",\"nm\":\"Cylindre \u00E0 coutellerie en inox\",\"nme\":\"Stainless Steel Cutlery Cylinder\",\"attr\":\"\",\"sku\":\"40106\",\"l2\":\"Ustensile de table\",\"sl\":\"cylindre-a-coutellerie-en-inox-sagetra-40106\",\"sn\":\"\",\"idxP\":19},{\"mq\":\"Sagetra\",\"nm\":\"Bac \u00E0 aliment en polycarbon.NSF pleine grandx2-1\\\/2\",\"nme\":\"Food Pan Polycarbonate NSF Full Size x 2-1\\\/2\\\" Deep\",\"attr\":\"\",\"sku\":\"25560\",\"l2\":\"Buffet\",\"sl\":\"bac-a-aliment-en-polycarbon.nsf-pleine-grandx2-12-sagetra-25560\",\"sn\":\"\",\"idxP\":11},{\"mq\":\"Sagetra\",\"nm\":\"Shaker \u00E0 cocktail en acier inoxydable\",\"nme\":\"Stainless Steel Cocktail Shaker\",\"attr\":\"\",\"sku\":\"25708\",\"l2\":\"Ustensiles et accessoires\",\"sl\":\"shaker-a-cocktail-en-acier-inoxydable-sagetra-25708\",\"sn\":\"\",\"idxP\":13},{\"mq\":\"Sagetra\",\"nm\":\"Spatule droite en acier inoxydable 8''x1,25''\",\"nme\":\"Straight Spatula 8'' x 1.25''\",\"attr\":\"\",\"sku\":\"29003\",\"l2\":\"Ustensiles et accessoires\",\"sl\":\"spatule-droite-en-acier-inoxydable-8x125-sagetra-29003\",\"sn\":\"\",\"idxP\":23},{\"mq\":\"Browne\",\"nm\":\"Plaque \u00E0 biscuits 18X26\",\"nme\":\"Bun Pan 18\\\"X26\\\"\",\"attr\":\"\",\"sku\":\"39954\",\"l2\":\"Accessoire de p\u00E2tisserie\",\"sl\":\"plaque-a-biscuits-18x26-sagetra-39954\",\"sn\":\"\",\"idxP\":66},{\"mq\":\"Sagetra\",\"nm\":\"Planche \u00E0 d\u00E9couper bleue 15\\\"x20\\\"\",\"nme\":\"Blue Cutting Board 15\\\"x20\\\"\",\"attr\":\"\",\"sku\":\"24947\",\"l2\":\"Planche\",\"sl\":\"planche-a-decouper-bleue-15x20-sagetra-24947\",\"sn\":\"\",\"idxP\":22},{\"mq\":\"Sagetra\",\"nm\":\"Spatule droite en acier inoxydable 6\\\"\",\"nme\":\"Stainless Steel Straight Spatula 6\\\"x1.5''\",\"attr\":\"\",\"sku\":\"29002\",\"l2\":\"Ustensiles et accessoires\",\"sl\":\"spatule-droite-en-acier-inoxydable-6-sagetra-29002\",\"sn\":\"\",\"idxP\":23},{\"mq\":\"Sagetra\",\"nm\":\"Sucrier verseur 12 oz\",\"nme\":\"Glass Sugar Pourer 12 oz\",\"attr\":\"\",\"sku\":\"34495\",\"l2\":\"Service de table\",\"sl\":\"sucrier-verseur-12-oz-sagetra-34495\",\"sn\":\"\",\"idxP\":18},{\"mq\":\"Sagetra\",\"nm\":\"Planche \u00E0 d\u00E9couper jaune 12\\\"x18\\\"\",\"nme\":\"Yellow Cutting Board 12\\\"x18\\\"\",\"attr\":\"\",\"sku\":\"40123\",\"l2\":\"Planche\",\"sl\":\"planche-a-decouper-jaune-12x18-sagetra-40123\",\"sn\":\"\",\"idxP\":36},{\"mq\":\"Sanelli\",\"nm\":\"Fusil \u00E0 aiguiser 8 3\\\/4\\\"\",\"nme\":\"Steel Sharpener 8 3\\\/4\\\"\",\"attr\":\"\",\"sku\":\"39701\",\"l2\":\"Couteau de chef\",\"sl\":\"fusil-a-aiguiser-8-34-sanelli-39701\",\"sn\":\"\",\"idxP\":2},{\"mq\":\"Sagetra\",\"nm\":\"Bac \u00E0 aliment polycarbonate grandeur 1\\\/3 x 6\\\"\",\"nme\":\"Food Pan Polycarbonate 1\\\/3 Size x 6\\\" Deep\",\"attr\":\"\",\"sku\":\"25645\",\"l2\":\"Buffet\",\"sl\":\"bac-a-aliment-polycarbonate-grandeur-13-x-6-sagetra-25645\",\"sn\":\"\",\"idxP\":14},{\"mq\":\"Sagetra\",\"nm\":\"Planche \u00E0 d\u00E9couper blanche 12\\\"x18\\\"\",\"nme\":\"White Cutting Board 12\\\"x18\\\"\",\"attr\":\"\",\"sku\":\"24943\",\"l2\":\"Planche\",\"sl\":\"planche-a-decouper-blanche-12x18-sagetra-24943\",\"sn\":\"\",\"idxP\":47},{\"mq\":\"Trudeau\",\"nm\":\"Pichet en verre avec couvercle 1.8L\",\"nme\":\"Glass Picher with Lid 1.8L\",\"attr\":\"\",\"sku\":\"22830\",\"l2\":\"Service de table\",\"sl\":\"pichet-en-verre-avec-couvercle-1.8l-trudeau-22830\",\"sn\":\"\",\"idxP\":5},{\"mq\":\"Sagetra\",\"nm\":\"Pince tout-usage 9\\\"\",\"nme\":\"Utility Tong 9''\",\"attr\":\"\",\"sku\":\"40120\",\"l2\":\"Ustensiles et accessoires\",\"sl\":\"pince-tout-usage-9-sagetra-40120\",\"sn\":\"\",\"idxP\":57},{\"mq\":\"Sagetra\",\"nm\":\"Panier \u00E0 beigne broche d'acier plaqu\u00E9 16x26x2\",\"nme\":\"Doughnut Basket Nickel Plated Steel Wire 16\\\"x26\\\"x2\",\"attr\":\"\",\"sku\":\"23430\",\"l2\":\"Accessoire de p\u00E2tisserie\",\"sl\":\"panier-a-beigne-broche-dacier-plaque-16x26x2-sagetra-23430\",\"sn\":\"\",\"idxP\":9},{\"mq\":\"Sagetra\",\"nm\":\"Planche \u00E0 d\u00E9couper jaune 15\\\"x20\\\"\",\"nme\":\"Yellow Cutting Board 15\\\"x20\\\"\",\"attr\":\"\",\"sku\":\"24946\",\"l2\":\"Planche\",\"sl\":\"planche-a-decouper-jaune-15x20-sagetra-24946\",\"sn\":\"\",\"idxP\":22},{\"mq\":\"Sagetra\",\"nm\":\"Panier \u00E0 beigne broche d'acier plaqu\u00E9 nickel 12x18\",\"nme\":\"Doughnut Basket Nickel Plated Steel Wire 12x18\\\"x2\\\"\",\"attr\":\"\",\"sku\":\"40112\",\"l2\":\"Accessoire de p\u00E2tisserie\",\"sl\":\"panier-a-beigne-broche-dacier-plaque-nickel-12x18-sagetra-40112\",\"sn\":\"\",\"idxP\":11},{\"mq\":\"Sagetra\",\"nm\":\"Spatule lame courb\u00E9e en inox 7,75''x1,25''\",\"nme\":\"Offset Curved Spatula 7.75''x1.25''\",\"attr\":\"\",\"sku\":\"40125\",\"l2\":\"Ustensiles et accessoires\",\"sl\":\"spatule-lame-courbee-en-inox-775x125-sagetra-40125\",\"sn\":\"\",\"idxP\":30},{\"mq\":\"Sagetra\",\"nm\":\"Pot \u00E0 fromage rap\u00E9 6 oz\",\"nme\":\"Grated Cheese Glass Jar 6 oz\",\"attr\":\"\",\"sku\":\"23712\",\"l2\":\"Service de table\",\"sl\":\"pot-a-fromage-rape-6-oz-sagetra-23712\",\"sn\":\"fromages\",\"idxP\":23},{\"mq\":\"Sagetra\",\"nm\":\"R\u00E9cipient antiblocage demi grandeur long 4\\\"\",\"nme\":\"Anti-Jam Rectangular Pan Half long Size 4\\\"\",\"attr\":\"\",\"sku\":\"23977\",\"l2\":\"Buffet\",\"sl\":\"recipient-antiblocage-demi-grandeur-long-4-sagetra-23977\",\"sn\":\"\",\"idxP\":12},{\"mq\":\"Browne\",\"nm\":\"Couteau \u00E0 d\u00EEner Windsor 8,1\\\" \\\/ 22,6 cm\",\"nme\":\"Windsor Dinner Knife 8.1\\\" \\\/ 20.6 cm\",\"attr\":\"\",\"sku\":\"23982\",\"l2\":\"Couteau de chef\",\"sl\":\"couteau-a-diner-windsor-81-226-cm-browne-23982\",\"sn\":\"\",\"idxP\":22},{\"mq\":\"Browne\",\"nm\":\"Couteau santoku cannole\",\"nme\":\"Santoku Fluted Knife\",\"attr\":\"\",\"sku\":\"24002\",\"l2\":\"Couteau de chef\",\"sl\":\"couteau-santoku-cannole-browne-24002\",\"sn\":\"\",\"idxP\":1},{\"mq\":\"Browne\",\"nm\":\"Couteau hachoir pour viande 6\\\"\",\"nme\":\"Meat Chopper Knife\",\"attr\":\"\",\"sku\":\"24005\",\"l2\":\"Couteau de chef\",\"sl\":\"couteau-hachoir-pour-viande-6-browne-24005\",\"sn\":\"\",\"idxP\":4},{\"mq\":\"Sagetra\",\"nm\":\"Planche \u00E0 d\u00E9couper rouge 15\\\"x20\\\"\",\"nme\":\"Red Cutting Board 15\\\"x20\\\"\",\"attr\":\"\",\"sku\":\"40124\",\"l2\":\"Planche\",\"sl\":\"planche-a-decouper-rouge-15x20-sagetra-40124\",\"sn\":\"\",\"idxP\":40},{\"mq\":\"Browne\",\"nm\":\"Couteau de cuisinier et du chef 9.5\\\"\",\"nme\":\"Cook and Chef Knife 9.5\\\"\",\"attr\":\"\",\"sku\":\"24001\",\"l2\":\"Couteau de chef\",\"sl\":\"couteau-de-cuisinier-et-du-chef-9.5-browne-24001\",\"sn\":\"\",\"idxP\":4},{\"mq\":\"Global\",\"nm\":\"Couteau \u00E0 pain en acier 8,75\\\" \\\/ 22 cm\",\"nme\":\"Stainless Steel Bread Knife 8.75\\\" \\\/ 22 cm\",\"attr\":\"\",\"sku\":\"24007\",\"l2\":\"Couteau de chef\",\"sl\":\"couteau-a-pain-en-acier-875-22-cm-global-24007\",\"sn\":\"\",\"idxP\":1},{\"mq\":\"Oxo Danesco\",\"nm\":\"Injecteur \u00E0 saveur\",\"nme\":\"Flavour Injector\",\"attr\":\"\",\"sku\":\"22966\",\"l2\":\"Ustensiles et accessoires\",\"sl\":\"injecteur-a-saveur-oxo-danesco-22966\",\"sn\":\"\",\"idxP\":22},{\"mq\":\"Sevy\",\"nm\":\"Ouvre-bo\u00EEte Swing Away\",\"nme\":\"Swing Away Can Opener\",\"attr\":\"\",\"sku\":\"23442\",\"l2\":\"Ustensiles et accessoires\",\"sl\":\"ouvre-boite-swing-away-sevy-23442\",\"sn\":\"\",\"idxP\":35},{\"mq\":\"Browne\",\"nm\":\"Fourchette \u00E0 salade Royal 6\\\" \\\/ 15,2 cm\",\"nme\":\"Royal Salad Fork 6\\\" \\\/ 15.2 cm\",\"attr\":\"\",\"sku\":\"23986\",\"l2\":\"Ustensile de table\",\"sl\":\"fourchette-a-salade-royal-6-152-cm-browne-23986\",\"sn\":\"\",\"idxP\":14},{\"mq\":\"Browne\",\"nm\":\"Porte-couteaux magn\u00E9tique\",\"nme\":\"Magnetic Knife Rack\",\"attr\":\"\",\"sku\":\"24000\",\"l2\":\"Couteau de chef\",\"sl\":\"porte-couteaux-magnetique-browne-24000\",\"sn\":\"\",\"idxP\":13},{\"mq\":\"Browne\",\"nm\":\"Fourchette \u00E0 salade Windsor 6,3\\\" \\\/ 15,8 cm\",\"nme\":\"Windsor Salad Fork 6.3\\\" \\\/ 15.8 cm\",\"attr\":\"\",\"sku\":\"23980\",\"l2\":\"Ustensile de table\",\"sl\":\"fourchette-a-salade-windsor-63-158-cm-browne-23980\",\"sn\":\"\",\"idxP\":27},{\"mq\":\"Browne\",\"nm\":\"Fourchette \u00E0 d\u00EEner Celine 7,3\\\" \\\/ 18,4 cm\",\"nme\":\"Celine Dinner Fork 7.3\\\" \\\/ 18.4 cm\",\"attr\":\"\",\"sku\":\"23990\",\"l2\":\"Ustensile de table\",\"sl\":\"fourchette-a-diner-celine-73-184-cm-browne-23990\",\"sn\":\"\",\"idxP\":47},{\"mq\":\"Browne\",\"nm\":\"Fourchette \u00E0 salade Celine 6,5\\\" \\\/ 16,5 cm\",\"nme\":\"Celine Salad Fork 6.5\\\" \\\/ 16.5 cm\",\"attr\":\"\",\"sku\":\"23992\",\"l2\":\"Ustensile de table\",\"sl\":\"fourchette-a-salade-celine-65-165-cm-browne-23992\",\"sn\":\"\",\"idxP\":16},{\"mq\":\"Browne\",\"nm\":\"Couteau \u00E0 l\u00E9gumes 7\\\"\",\"nme\":\"Vegetable Knife 7\\\"\",\"attr\":\"\",\"sku\":\"24003\",\"l2\":\"Couteau de chef\",\"sl\":\"couteau-a-legumes-7-browne-24003\",\"sn\":\"\",\"idxP\":3},{\"mq\":\"Browne\",\"nm\":\"Couteau \u00E0 \u00E9plucher 3\\\"\",\"nme\":\"Peeling Knife 3\\\"\",\"attr\":\"\",\"sku\":\"24006\",\"l2\":\"Couteau de chef\",\"sl\":\"couteau-a-eplucher-3-browne-24006\",\"sn\":\"\",\"idxP\":2},{\"mq\":\"Global\",\"nm\":\"Couteau de chef 9\\\" \\\/ 20 cm\",\"nme\":\"Cooks Knife 9\\\" \\\/ 20 cm\",\"attr\":\"\",\"sku\":\"24004\",\"l2\":\"Couteau de chef\",\"sl\":\"couteau-de-chef-9-20-cm-global-24004\",\"sn\":\"\",\"idxP\":11},{\"mq\":\"Adamo\",\"nm\":\"Peigne d\u00E9coratif de gla\u00E7age 13 x 11 cm\",\"nme\":\"Icing Decorating Comb 13 x 11 cm\",\"attr\":\"\",\"sku\":\"24076\",\"l2\":\"Accessoire de p\u00E2tisserie\",\"sl\":\"peigne-decoratif-de-glacage-13-x-11-cm-adamo-24076\",\"sn\":\"\",\"idxP\":10},{\"mq\":\"Ateco\",\"nm\":\"D\u00E9coupoir \u00E0 beigne 2 1\\\/2\\\"\",\"nme\":\"Doughnut Cutter 2 1\\\/2\\\"\",\"attr\":\"\",\"sku\":\"26918\",\"l2\":\"Accessoire de p\u00E2tisserie\",\"sl\":\"decoupoir-a-beigne-2-12-ateco-26918\",\"sn\":\"\",\"idxP\":12},{\"mq\":\"Ateco\",\"nm\":\"D\u00E9coupoir \u00E0 beigne 3 1\\\/2\\\"\",\"nme\":\"Doughnut Cutter 3 1\\\/2\\\"\",\"attr\":\"\",\"sku\":\"26919\",\"l2\":\"Accessoire de p\u00E2tisserie\",\"sl\":\"decoupoir-a-beigne-3-12-ateco-26919\",\"sn\":\"\",\"idxP\":12},{\"mq\":\"Sagetra\",\"nm\":\"Tasse \u00E0 lait malt\u00E9 avec poign\u00E9e 30 oz\",\"nme\":\"Malt Cup with Plastic Handle 30 oz\",\"attr\":\"\",\"sku\":\"40127\",\"l2\":\"Service de table\",\"sl\":\"tasse-a-lait-malte-avec-poignee-30-oz-sagetra-40127\",\"sn\":\"\",\"idxP\":10},{\"mq\":\"Browne\",\"nm\":\"Couteau \u00E0 d\u00EEner dentel\u00E9 Royal 8,7\\\" \\\/ 21,9 cm\",\"nme\":\"Royal Serrated Dinner Knife 8.7\\\" \\\/ 21.9 cm\",\"attr\":\"\",\"sku\":\"23987\",\"l2\":\"Couteau de chef\",\"sl\":\"couteau-a-diner-dentele-royal-87-219-cm-browne-23987\",\"sn\":\"\",\"idxP\":16},{\"mq\":\"Browne\",\"nm\":\"Couteau \u00E0 d\u00EEner dentel\u00E9 Celine 9\\\" \\\/ 22,9 cm\",\"nme\":\"Celine Serrated Dinner Knife 9\\\" \\\/ 22.9 cm\",\"attr\":\"\",\"sku\":\"23993\",\"l2\":\"Couteau de chef\",\"sl\":\"couteau-a-diner-dentele-celine-9-229-cm-browne-23993\",\"sn\":\"\",\"idxP\":19},{\"mq\":\"Adamo\",\"nm\":\"Couteau hachoir \u00E0 \u00E9mincer 26 cm\",\"nme\":\"Chopper Knife 26 cm\",\"attr\":\"\",\"sku\":\"24077\",\"l2\":\"Ustensile de table\",\"sl\":\"couteau-hachoir-a-emincer-26-cm-adamo-24077\",\"sn\":\"\",\"idxP\":10},{\"mq\":\"Ateco\",\"nm\":\"Ensemble de d\u00E9coupoirs plastiques football 7 mcx\",\"nme\":\"Football Shape Plastic Cutters Set of 7 Pieces\",\"attr\":\"\",\"sku\":\"26921\",\"l2\":\"Accessoire de p\u00E2tisserie\",\"sl\":\"ensemble-de-decoupoirs-plastiques-football-7-mcx-ateco-26921\",\"sn\":\"\",\"idxP\":2},{\"mq\":\"Global\",\"nm\":\"Couperet en acier 8'' \\\/ 20,3 cm\",\"nme\":\"Stainless Steel Meat Chopper 8'' \\\/ 20.3 cm\",\"attr\":\"\",\"sku\":\"24009\",\"l2\":\"Couteau de chef\",\"sl\":\"couperet-en-acier-8-203-cm-global-24009\",\"sn\":\"\",\"idxP\":6},{\"mq\":\"Adamo\",\"nm\":\"Coupe p\u00E2tes farfalle 40 mm\",\"nme\":\"Farfalle Pasta Mold Cut 40 mm\",\"attr\":\"\",\"sku\":\"24064\",\"l2\":\"Ustensiles et accessoires\",\"sl\":\"coupe-pates-farfalle-40-mm-adamo-24064\",\"sn\":\"\",\"idxP\":11},{\"mq\":\"Adamo\",\"nm\":\"Aiguiseur \u00E0 couteaux 8 cm\",\"nme\":\"Knife Sharpener 8 cm\",\"attr\":\"\",\"sku\":\"24061\",\"l2\":\"Couteau de chef\",\"sl\":\"aiguiseur-a-couteaux-8-cm-adamo-24061\",\"sn\":\"\",\"idxP\":16},{\"mq\":\"Elements\",\"nm\":\"Braisi\u00E8re en inox 24 L\",\"nme\":\"Stainless Steel Stock Pot Deep 24 L\",\"attr\":\"\",\"sku\":\"26989\",\"l2\":\"Batterie de cuisine\",\"sl\":\"braisiere-en-inox-24-l-elements-26989\",\"sn\":\"\",\"idxP\":6},{\"mq\":\"Browne\",\"nm\":\"Casserole profonde en inox 4,5L\",\"nme\":\"Stainless Steel Deep Sauce Pan 4.5L\",\"attr\":\"\",\"sku\":\"26954\",\"l2\":\"Batterie de cuisine\",\"sl\":\"casserole-profonde-en-inox-45l-browne-26954\",\"sn\":\"\",\"idxP\":3},{\"mq\":\"Browne\",\"nm\":\"Casserole en inox 5L\",\"nme\":\"Deep Sauce Pan 5L\",\"attr\":\"\",\"sku\":\"26955\",\"l2\":\"Batterie de cuisine\",\"sl\":\"casserole-en-inox-5l-browne-26955\",\"sn\":\"\",\"idxP\":3},{\"mq\":\"Elements\",\"nm\":\"Marmite avec couvercle 60 L\",\"nme\":\"Stainless Steel Sauce Pot 60 L\",\"attr\":\"\",\"sku\":\"26987\",\"l2\":\"Batterie de cuisine\",\"sl\":\"marmite-avec-couvercle-60-l-elements-26987\",\"sn\":\"\",\"idxP\":10},{\"mq\":\"Sagetra\",\"nm\":\"Brochette ovale en inox 10\\\" x12\",\"nme\":\"Stainless Steel Oval Skewer 10\\\"\",\"attr\":\"\",\"sku\":\"24657\",\"l2\":\"Ustensiles et accessoires\",\"sl\":\"brochette-ovale-en-inox-10-x12-sagetra-24657\",\"sn\":\"\",\"idxP\":33},{\"mq\":\"Browne\",\"nm\":\"Casserole profonde en inox 3,5L\",\"nme\":\"Stainless Steel Deep Sauce Pan 3.5L\",\"attr\":\"\",\"sku\":\"26953\",\"l2\":\"Batterie de cuisine\",\"sl\":\"casserole-profonde-en-inox-35l-browne-26953\",\"sn\":\"\",\"idxP\":4},{\"mq\":\"Browne\",\"nm\":\"Marmite avec couvercle 20L\",\"nme\":\"Stainless Steel Sauce Pot 20L\",\"attr\":\"\",\"sku\":\"26956\",\"l2\":\"Batterie de cuisine\",\"sl\":\"marmite-avec-couvercle-20l-browne-26956\",\"sn\":\"\",\"idxP\":8},{\"mq\":\"Sagetra\",\"nm\":\"Bouteille \u00E0 pression rouge 32 oz \\\/ 910 ml\",\"nme\":\"Squeeze Red Bottle 32 oz \\\/ 910 ml\",\"attr\":\"\",\"sku\":\"25155\",\"l2\":\"Contenant et pot\",\"sl\":\"bouteille-a-pression-rouge-32-oz-910-ml-sagetra-25155\",\"sn\":\"\",\"idxP\":19},{\"mq\":\"Sagetra\",\"nm\":\"Brochette ovale en inox 8\\\"\",\"nme\":\"Stainless Steel Oval Skewer 8\\\"\",\"attr\":\"\",\"sku\":\"24658\",\"l2\":\"Ustensiles et accessoires\",\"sl\":\"brochette-ovale-en-inox-8-sagetra-24658\",\"sn\":\"\",\"idxP\":49},{\"mq\":\"Sagetra\",\"nm\":\"Bouchon pour bouteille en plastique rouge\",\"nme\":\"Red Seal Tip for Squeeze Bottle\",\"attr\":\"\",\"sku\":\"25194\",\"l2\":\"Contenant et pot\",\"sl\":\"bouchon-pour-bouteille-en-plastique-rouge-sagetra-25194\",\"sn\":\"\",\"idxP\":31},{\"mq\":\"Sagetra\",\"nm\":\"Couvercle \u00E0 g\u00E2teau en plastique 12\\\"x6,4\\\"\",\"nme\":\"Plastic Cake Cover 12\\\"x6.4\\\"\",\"attr\":\"\",\"sku\":\"29537\",\"l2\":\"Accessoire de p\u00E2tisserie\",\"sl\":\"couvercle-a-gateau-en-plastique-12x64-sagetra-29537\",\"sn\":\"\",\"idxP\":24},{\"mq\":\"Browne\",\"nm\":\"Marmite avec couvercle 32L\",\"nme\":\"Stainless Steel Sauce Pot 32L\",\"attr\":\"\",\"sku\":\"26958\",\"l2\":\"Batterie de cuisine\",\"sl\":\"marmite-avec-couvercle-32l-browne-26958\",\"sn\":\"\",\"idxP\":11},{\"mq\":\"Sagetra\",\"nm\":\"Pince tout-usage 16'' \\\/ 1 mm\",\"nme\":\"Utility Tong 16'' \\\/ 1 mm\",\"attr\":\"\",\"sku\":\"25183\",\"l2\":\"Ustensiles et accessoires\",\"sl\":\"pince-tout-usage-16-1-mm-sagetra-25183\",\"sn\":\"\",\"idxP\":21},{\"mq\":\"Sagetra\",\"nm\":\"Assiette \u00E0 pizza \u00E0 bord roul\u00E9 6\\\"\",\"nme\":\"Pizza Pan 6\\\" with Beaded Edge\",\"attr\":\"\",\"sku\":\"37361\",\"l2\":\"Accessoire pour pizza\",\"sl\":\"assiette-a-pizza-a-bord-roule-6-sagetra-37361\",\"sn\":\"\",\"idxP\":11},{\"mq\":\"Sagetra\",\"nm\":\"Assiette \u00E0 pizza \u00E0 bord roul\u00E9 16\\\"\",\"nme\":\"Pizza Pan 16\\\" with Beaded Edge\",\"attr\":\"\",\"sku\":\"37371\",\"l2\":\"Accessoire pour pizza\",\"sl\":\"assiette-a-pizza-a-bord-roule-16-sagetra-37371\",\"sn\":\"\",\"idxP\":25},{\"mq\":\"Sagetra\",\"nm\":\"Bol \u00E0 salade rond en bois 6\\\"\",\"nme\":\"Round Wooden Salad Bowl 6\\\"\",\"attr\":\"\",\"sku\":\"25669\",\"l2\":\"Accessoire de cuisine\",\"sl\":\"bol-a-salade-rond-en-bois-6-sagetra-25669\",\"sn\":\"\",\"idxP\":35},{\"mq\":\"Sagetra\",\"nm\":\"Distributeur huile et vinaigre en verre 6 oz\",\"nme\":\"Oil and Vinegar Glass Square Dispenser 6 oz\",\"attr\":\"\",\"sku\":\"25873\",\"l2\":\"Service de table\",\"sl\":\"distributeur-huile-et-vinaigre-en-verre-6-oz-sagetra-25873\",\"sn\":\"\",\"idxP\":27},{\"mq\":\"Sagetra\",\"nm\":\"Assiette \u00E0 pizza \u00E0 bord roul\u00E9 14\\\"\",\"nme\":\"Pizza Pan 14\\\" with Beaded Edge\",\"attr\":\"\",\"sku\":\"37369\",\"l2\":\"Accessoire pour pizza\",\"sl\":\"assiette-a-pizza-a-bord-roule-14-sagetra-37369\",\"sn\":\"\",\"idxP\":29},{\"mq\":\"Browne\",\"nm\":\"Marmite avec couvercle 24L\",\"nme\":\"Stainless Steel Sauce Pot 24L\",\"attr\":\"\",\"sku\":\"26957\",\"l2\":\"Batterie de cuisine\",\"sl\":\"marmite-avec-couvercle-24l-browne-26957\",\"sn\":\"\",\"idxP\":5},{\"mq\":\"Sagetra\",\"nm\":\"Bouteille \u00E0 pression jaune 16 oz \\\/ 455 ml\",\"nme\":\"Squeeze Yellow Bottle 16 oz \\\/ 455 ml\",\"attr\":\"\",\"sku\":\"25154\",\"l2\":\"Contenant et pot\",\"sl\":\"bouteille-a-pression-jaune-16-oz-455-ml-sagetra-25154\",\"sn\":\"\",\"idxP\":15},{\"mq\":\"Sagetra\",\"nm\":\"Bouteille \u00E0 pression claire 24oz \\\/ 750ml\",\"nme\":\"Plastic Wide Mouth Clear Squeeze Bottle 24 oz\",\"attr\":\"\",\"sku\":\"25179\",\"l2\":\"Contenant et pot\",\"sl\":\"bouteille-a-pression-claire-24oz-750ml-sagetra-25179\",\"sn\":\"transparent\",\"idxP\":63},{\"mq\":\"Sagetra\",\"nm\":\"Spatule lame unie 6\\\"x3\\\"\",\"nme\":\"Turner Solid Blade 6\\\"x3\\\"\",\"attr\":\"\",\"sku\":\"23434\",\"l2\":\"Ustensiles et accessoires\",\"sl\":\"spatule-lame-unie-6x3-sagetra-23434\",\"sn\":\"\",\"idxP\":23},{\"mq\":\"Sagetra\",\"nm\":\"Bouteille \u00E0 pression jaune 32 oz \\\/ 910 ml\",\"nme\":\"Squeeze Yellow Bottle 32 oz \\\/ 910 ml\",\"attr\":\"\",\"sku\":\"25174\",\"l2\":\"Contenant et pot\",\"sl\":\"bouteille-a-pression-jaune-32-oz-910-ml-sagetra-25174\",\"sn\":\"\",\"idxP\":19},{\"mq\":\"Sagetra\",\"nm\":\"Bol \u00E0 salade rond en bois 12\\\"\",\"nme\":\"Wood Round Salad Bowl 12\\\"\",\"attr\":\"\",\"sku\":\"25671\",\"l2\":\"Accessoire de cuisine\",\"sl\":\"bol-a-salade-rond-en-bois-12-sagetra-25671\",\"sn\":\"\",\"idxP\":32},{\"mq\":\"Sagetra\",\"nm\":\"Assiette \u00E0 pizza rigide perfor\u00E9e 15\\\"\",\"nme\":\"Perforated Rigid Pizza Pan 15\\\"\",\"attr\":\"\",\"sku\":\"37352\",\"l2\":\"Accessoire pour pizza\",\"sl\":\"assiette-a-pizza-rigide-perforee-15-sagetra-37352\",\"sn\":\"\",\"idxP\":29},{\"mq\":\"Sagetra\",\"nm\":\"Puisette \u00E0 caf\u00E9 32 oz \\\/ 960 ml\",\"nme\":\"Coffee Dipper 32 oz \\\/ 960 ml\",\"attr\":\"\",\"sku\":\"24506\",\"l2\":\"Service de table\",\"sl\":\"puisette-a-cafe-32-oz-960-ml-sagetra-24506\",\"sn\":\"\",\"idxP\":4},{\"mq\":\"Sagetra\",\"nm\":\"Cuill\u00E8re en bois 14\\\"\",\"nme\":\"Wood Spoon 14\\\"\",\"attr\":\"\",\"sku\":\"25188\",\"l2\":\"Ustensiles et accessoires\",\"sl\":\"cuillere-en-bois-14-sagetra-25188\",\"sn\":\"\",\"idxP\":35},{\"mq\":\"Sagetra\",\"nm\":\"Fouet piano 16\\\"\",\"nme\":\"Piano Wire Whisks 16\\\"\",\"attr\":\"\",\"sku\":\"25189\",\"l2\":\"Ustensiles et accessoires\",\"sl\":\"fouet-piano-16-sagetra-25189\",\"sn\":\"\",\"idxP\":20},{\"mq\":\"Sagetra\",\"nm\":\"Bol \u00E0 salade rond en bois 10\\\"\",\"nme\":\"Wood Round Salad Bowl 10\\\"\",\"attr\":\"\",\"sku\":\"25670\",\"l2\":\"Accessoire de cuisine\",\"sl\":\"bol-a-salade-rond-en-bois-10-sagetra-25670\",\"sn\":\"\",\"idxP\":29},{\"mq\":\"Sagetra\",\"nm\":\"Assiette \u00E0 pizza rigide perfor\u00E9e 14\\\"\",\"nme\":\"Perforated Rigid Pizza Pan 14\\\"\",\"attr\":\"\",\"sku\":\"37351\",\"l2\":\"Accessoire pour pizza\",\"sl\":\"assiette-a-pizza-rigide-perforee-14-sagetra-37351\",\"sn\":\"\",\"idxP\":29},{\"mq\":\"Sagetra\",\"nm\":\"Assiette \u00E0 pizza \u00E0 bord roul\u00E9 8\\\"\",\"nme\":\"Pizza Pan 8\\\" with Beaded Edge\",\"attr\":\"\",\"sku\":\"37363\",\"l2\":\"Accessoire pour pizza\",\"sl\":\"assiette-a-pizza-a-bord-roule-8-sagetra-37363\",\"sn\":\"\",\"idxP\":16},{\"mq\":\"Sagetra\",\"nm\":\"Assiette \u00E0 pizza \u00E0 bord roul\u00E9 18\\\"\",\"nme\":\"Pizza Pan 18\\\" with Beaded Edge\",\"attr\":\"\",\"sku\":\"37373\",\"l2\":\"Accessoire pour pizza\",\"sl\":\"assiette-a-pizza-a-bord-roule-18-sagetra-37373\",\"sn\":\"\",\"idxP\":15},{\"mq\":\"Sagetra\",\"nm\":\"Passoire maille 7 1\\\/4\\\" \\\/ 18 cm\",\"nme\":\"Single Fine Mesh Strainer 7 1\\\/4\\\" \\\/ 18 cm\",\"attr\":\"\",\"sku\":\"40116\",\"l2\":\"Accessoire de cuisine\",\"sl\":\"passoire-maille-7-14-18-cm-sagetra-40116\",\"sn\":\"\",\"idxP\":29},{\"mq\":\"Edgemaker\",\"nm\":\"Aiguiseur professionnel noir\",\"nme\":\"Black Commercial Sharpener\",\"attr\":\"\",\"sku\":\"48990\",\"l2\":\"Couteau de chef\",\"sl\":\"aiguiseur-professionnel-noir-edgemaker-48990\",\"sn\":\"commercial\",\"idxP\":20},{\"mq\":\"Browne\",\"nm\":\"Marmite avec couvercle 40L\",\"nme\":\"Stainless Steel Sauce Pot 40L\",\"attr\":\"\",\"sku\":\"26961\",\"l2\":\"Batterie de cuisine\",\"sl\":\"marmite-avec-couvercle-40l-browne-26961\",\"sn\":\"\",\"idxP\":8},{\"mq\":\"Sagetra\",\"nm\":\"Pince tout-usage noire 16'' \\\/ 0,9 mm\",\"nme\":\"Black Utility Tong 16'' \\\/ 0,9 mm\",\"attr\":\"\",\"sku\":\"25184\",\"l2\":\"Ustensiles et accessoires\",\"sl\":\"pince-tout-usage-noire-16-09-mm-sagetra-25184\",\"sn\":\"\",\"idxP\":20},{\"mq\":\"Sagetra\",\"nm\":\"Assiette \u00E0 pizza \u00E0 bord roul\u00E9 17\\\"\",\"nme\":\"Pizza Pan 17\\\" with Beaded Edge\",\"attr\":\"\",\"sku\":\"37372\",\"l2\":\"Accessoire pour pizza\",\"sl\":\"assiette-a-pizza-a-bord-roule-17-sagetra-37372\",\"sn\":\"\",\"idxP\":14},{\"mq\":\"Sagetra\",\"nm\":\"Assiette \u00E0 pizza \u00E0 bord roul\u00E9 20\\\"\",\"nme\":\"Pizza Pan 20\\\" with Beaded Edge\",\"attr\":\"\",\"sku\":\"37375\",\"l2\":\"Accessoire pour pizza\",\"sl\":\"assiette-a-pizza-a-bord-roule-20-sagetra-37375\",\"sn\":\"\",\"idxP\":10},{\"mq\":\"Sagetra\",\"nm\":\"Pot \u00E0 sirop en verre 14 oz\",\"nme\":\"Syrup Dispenser 14 oz\",\"attr\":\"\",\"sku\":\"28672\",\"l2\":\"Service de table\",\"sl\":\"pot-a-sirop-en-verre-14-oz-sagetra-28672\",\"sn\":\"\",\"idxP\":26},{\"mq\":\"Sagetra\",\"nm\":\"Assiette \u00E0 pizza rigide perfor\u00E9e 16\\\"\",\"nme\":\"Perforated Rigid Pizza Pan 16\\\"\",\"attr\":\"\",\"sku\":\"37353\",\"l2\":\"Accessoire pour pizza\",\"sl\":\"assiette-a-pizza-rigide-perforee-16-sagetra-37353\",\"sn\":\"\",\"idxP\":30},{\"mq\":\"Sagetra\",\"nm\":\"R\u00E9cipient bain-marie rond 1 1\\\/4 Qt \\\/ 4 1\\\/8\\\"\",\"nme\":\"Bain-Marie 1 1\\\/4 Qt\",\"attr\":\"\",\"sku\":\"39268\",\"l2\":\"Buffet\",\"sl\":\"recipient-bain-marie-rond-1-14-qt-4-18-sagetra-39268\",\"sn\":\"\",\"idxP\":8},{\"mq\":\"Sagetra\",\"nm\":\"Assiette \u00E0 pizza rigide perfor\u00E9e 6\\\"\",\"nme\":\"Perforated Rigid Pizza Pan 6\\\"\",\"attr\":\"\",\"sku\":\"37339\",\"l2\":\"Accessoire pour pizza\",\"sl\":\"assiette-a-pizza-rigide-perforee-6-sagetra-37339\",\"sn\":\"\",\"idxP\":19},{\"mq\":\"Sagetra\",\"nm\":\"Assiette \u00E0 pizza \u00E0 bord roul\u00E9 13\\\"\",\"nme\":\"Pizza Pan 13\\\" with Beaded Edge\",\"attr\":\"\",\"sku\":\"37368\",\"l2\":\"Accessoire pour pizza\",\"sl\":\"assiette-a-pizza-a-bord-roule-13-sagetra-37368\",\"sn\":\"\",\"idxP\":22},{\"mq\":\"Sagetra\",\"nm\":\"Assiette \u00E0 pizza \u00E0 bord roul\u00E9 19\\\"\",\"nme\":\"Pizza Pan 19\\\" with Beaded Edge\",\"attr\":\"\",\"sku\":\"37374\",\"l2\":\"Accessoire pour pizza\",\"sl\":\"assiette-a-pizza-a-bord-roule-19-sagetra-37374\",\"sn\":\"\",\"idxP\":2},{\"mq\":\"Sagetra\",\"nm\":\"Bain-marie 3 1\\\/2 Qt\",\"nme\":\"Bain-Marie 3 1\\\/2 Qt\",\"attr\":\"\",\"sku\":\"39270\",\"l2\":\"Buffet\",\"sl\":\"bain-marie-3-12-qt-sagetra-39270\",\"sn\":\"\",\"idxP\":8},{\"mq\":\"Sagetra\",\"nm\":\"Bain-marie 4 1\\\/4 Qt\",\"nme\":\"Bain-Marie 4 1\\\/4 Qt\",\"attr\":\"\",\"sku\":\"39271\",\"l2\":\"Buffet\",\"sl\":\"bain-marie-4-14-qt-sagetra-39271\",\"sn\":\"\",\"idxP\":6},{\"mq\":\"Sagetra\",\"nm\":\"Assiette \u00E0 pizza \u00E0 bord roul\u00E9 15\\\"\",\"nme\":\"Pizza Pan with Beaded Edge 15\\\"\",\"attr\":\"\",\"sku\":\"37370\",\"l2\":\"Accessoire pour pizza\",\"sl\":\"assiette-a-pizza-a-bord-roule-15-sagetra-37370\",\"sn\":\"\",\"idxP\":20},{\"mq\":\"Yaxell\",\"nm\":\"Aiguiseur \u00E0 couteaux noir\",\"nme\":\"Water Sharpener\",\"attr\":\"\",\"sku\":\"39730\",\"l2\":\"Couteau de chef\",\"sl\":\"aiguiseur-a-couteaux-noir-yaxell-39730\",\"sn\":\"\",\"idxP\":0},{\"mq\":\"Sagetra\",\"nm\":\"Bain-marie 8 1\\\/4 Qt\",\"nme\":\"Bain-Marie 8 1\\\/4 Qt\",\"attr\":\"\",\"sku\":\"39273\",\"l2\":\"Buffet\",\"sl\":\"bain-marie-8-14-qt-sagetra-39273\",\"sn\":\"\",\"idxP\":6},{\"mq\":\"Sagetra\",\"nm\":\"Tasse \u00E0 lait malt\u00E9 sans poign\u00E9e 30 oz\",\"nme\":\"Malt Cup without Handle 30 oz\",\"attr\":\"\",\"sku\":\"40126\",\"l2\":\"Service de table\",\"sl\":\"tasse-a-lait-malte-sans-poignee-30-oz-sagetra-40126\",\"sn\":\"\",\"idxP\":4},{\"mq\":\"Sagetra\",\"nm\":\"Bain-marie 2 Qt\",\"nme\":\"Bain-Marie 2 Qt\",\"attr\":\"\",\"sku\":\"39269\",\"l2\":\"Buffet\",\"sl\":\"bain-marie-2-qt-sagetra-39269\",\"sn\":\"\",\"idxP\":9},{\"mq\":\"Sagetra\",\"nm\":\"Bain-marie 6 Qt\",\"nme\":\"Bain-Marie 6 Qt\",\"attr\":\"\",\"sku\":\"39272\",\"l2\":\"Buffet\",\"sl\":\"bain-marie-6-qt-sagetra-39272\",\"sn\":\"\",\"idxP\":5},{\"mq\":\"Kayali\",\"nm\":\"Verre haut Bristol 11,5oz \\\/ 340ml\",\"nme\":\"Bristol Tumbler 11.5 oz \\\/ 340 ml\",\"attr\":\"\",\"sku\":\"38582\",\"l2\":\"Verrerie\",\"sl\":\"verre-haut-bristol-115oz-340ml-kayali-38582\",\"sn\":\"\",\"idxP\":21},{\"mq\":\"Vitrex\",\"nm\":\"Tasse en porcelaine blanche 8 oz \\\/ 236 ml\",\"nme\":\"White Porcelain Cup 8 oz \\\/ 236 ml\",\"attr\":\"\",\"sku\":\"39660\",\"l2\":\"Vaisselle\",\"sl\":\"tasse-en-porcelaine-blanche-8-oz-236-ml-kayali-39660\",\"sn\":\"\",\"idxP\":10},{\"mq\":\"Cuisinox\",\"nm\":\"Support pour seau \u00E0 champagne\",\"nme\":\"Stand for Wine Bucket\",\"attr\":\"\",\"sku\":\"24585\",\"l2\":\"Ustensiles et accessoires\",\"sl\":\"support-pour-seau-a-champagne-cuisinox-24585\",\"sn\":\"\",\"idxP\":2},{\"mq\":\"Browne\",\"nm\":\"Gabarit d\u00E9coupe tarte en aluminium 8 parts\",\"nme\":\"Cast Aluminum Pie Marker 8 Pieces\",\"attr\":\"\",\"sku\":\"26928\",\"l2\":\"Accessoire de p\u00E2tisserie\",\"sl\":\"gabarit-decoupe-tarte-en-aluminium-8-parts-browne-26928\",\"sn\":\"\",\"idxP\":3},{\"mq\":\"Labell\",\"nm\":\"Planche 12\\\"x16\\\"x3\\\/4\\\"\",\"nme\":\"Board 12\\\"x16\\\"x3\\\/4\\\"\",\"attr\":\"\",\"sku\":\"27189\",\"l2\":\"Planche\",\"sl\":\"planche-12x16x34-labell-27189\",\"sn\":\"\",\"idxP\":13},{\"mq\":\"Kayali\",\"nm\":\"Assiette ronde \u00E0 bord mince en porcelaine 9,5\\\"\",\"nme\":\"Slim Rim Porcelain Round Plate 9,5\\\"\",\"attr\":\"\",\"sku\":\"38533\",\"l2\":\"Vaisselle\",\"sl\":\"assiette-ronde-a-bord-mince-en-porcelaine-95-kayali-38533\",\"sn\":\"\",\"idxP\":10},{\"mq\":\"Browne\",\"nm\":\"Spatule 14po haute temp\u00E9rature\",\"nme\":\"spatule 14po haute temp\u00E9rature\",\"attr\":\"\",\"sku\":\"26938\",\"l2\":\"Ustensiles et accessoires\",\"sl\":\"spatule-14po-haute-temperature-browne-26938\",\"sn\":\"\",\"idxP\":30},{\"mq\":\"Kayali\",\"nm\":\"Cuill\u00E8re pour diner style restaurant\",\"nme\":\"Diner Spoon Restaurant Style\",\"attr\":\"\",\"sku\":\"38557\",\"l2\":\"Ustensile de table\",\"sl\":\"cuillere-pour-diner-style-restaurant-kayali-38557\",\"sn\":\"\",\"idxP\":23},{\"mq\":\"Labell\",\"nm\":\"Planche utilitaire 18\\\"x24\\\"x1\\\"\",\"nme\":\"Utility Board 18\\\"x24\\\"x1\\\"\",\"attr\":\"\",\"sku\":\"27195\",\"l2\":\"Planche\",\"sl\":\"planche-utilitaire-18x24x1-labell-27195\",\"sn\":\"\",\"idxP\":21},{\"mq\":\"Kayali\",\"nm\":\"Cuill\u00E8re diner filet deluxe\",\"nme\":\"Dinner Spoon Filet Deluxe\",\"attr\":\"\",\"sku\":\"38556\",\"l2\":\"Ustensile de table\",\"sl\":\"cuillere-diner-filet-deluxe-kayali-38556\",\"sn\":\"\",\"idxP\":21},{\"mq\":\"Browne\",\"nm\":\"Spatule 10po haute temp\u00E9rature\",\"nme\":\"10 \\\" high temperature spatula\",\"attr\":\"\",\"sku\":\"26936\",\"l2\":\"Ustensiles et accessoires\",\"sl\":\"spatule-10po-haute-temperature-browne-26936\",\"sn\":\"\",\"idxP\":35},{\"mq\":\"Browne\",\"nm\":\"Spatule r\u00E9sistant \u00E0 la chaleur 10\\\" \\\/ 25,4 cm\",\"nme\":\"Heat Resistant Scraper 10\\\" \\\/ 25.4 cm\",\"attr\":\"\",\"sku\":\"26940\",\"l2\":\"Ustensiles et accessoires\",\"sl\":\"spatule-resistant-a-la-chaleur-10-254-cm-browne-26940\",\"sn\":\"\",\"idxP\":24},{\"mq\":\"Browne\",\"nm\":\"Gabarit d\u00E9coupe tarte en aluminium 12 parts\",\"nme\":\"Cast Aluminum Pie Marker 12 Pieces\",\"attr\":\"\",\"sku\":\"26933\",\"l2\":\"Accessoire de p\u00E2tisserie\",\"sl\":\"gabarit-decoupe-tarte-en-aluminium-12-parts-browne-26933\",\"sn\":\"\",\"idxP\":2},{\"mq\":\"Browne\",\"nm\":\"Spatule r\u00E9sistant \u00E0 la chaleur 14\\\" \\\/ 35,5 cm\",\"nme\":\"Heat Resistant One-Piece Scraper 14\\\" \\\/ 35.5 cm\",\"attr\":\"\",\"sku\":\"26941\",\"l2\":\"Ustensiles et accessoires\",\"sl\":\"spatule-resistant-a-la-chaleur-14-355-cm-browne-26941\",\"sn\":\"\",\"idxP\":32},{\"mq\":\"Browne\",\"nm\":\"Spatule r\u00E9sistant \u00E0 la chaleur 16\\\" \\\/ 40,6 cm\",\"nme\":\"Heat Resistant One-Piece Scraper 16\\\" \\\/ 40.6 cm\",\"attr\":\"\",\"sku\":\"26942\",\"l2\":\"Ustensiles et accessoires\",\"sl\":\"spatule-resistant-a-la-chaleur-16-406-cm-browne-26942\",\"sn\":\"\",\"idxP\":27},{\"mq\":\"Kayali\",\"nm\":\"Bol en porcelaine 12on\",\"nme\":\"Porcelain Bowl 12oz\",\"attr\":\"\",\"sku\":\"27223\",\"l2\":\"Vaisselle\",\"sl\":\"bol-en-porcelaine-12on-kayali-27223\",\"sn\":\"\",\"idxP\":29},{\"mq\":\"Kayali\",\"nm\":\"Tasse en verre 11,5 oz \\\/ 340 ml\",\"nme\":\"Glass Mug 11.5 oz \\\/ 340 ml\",\"attr\":\"\",\"sku\":\"27234\",\"l2\":\"Verrerie\",\"sl\":\"tasse-en-verre-115-oz-340-ml-kayali-27234\",\"sn\":\"\",\"idxP\":40},{\"mq\":\"Labell\",\"nm\":\"Planche avec rainure 12\\\"x18\\\"x3\\\/4\\\"\",\"nme\":\"Board with Groove 12\\\"x18\\\"x3\\\/4\\\"\",\"attr\":\"\",\"sku\":\"27193\",\"l2\":\"Planche\",\"sl\":\"planche-avec-rainure-12x18x34-labell-27193\",\"sn\":\"\",\"idxP\":9},{\"mq\":\"Kayali\",\"nm\":\"Verre \u00E0 vin Windsor 10 oz \\\/ 295 ml\",\"nme\":\"Wine Glass Windsor 10 oz \\\/ 295 ml\",\"attr\":\"\",\"sku\":\"27236\",\"l2\":\"Verrerie\",\"sl\":\"verre-a-vin-windsor-10-oz-295-ml-kayali-27236\",\"sn\":\"\",\"idxP\":12},{\"mq\":\"Browne\",\"nm\":\"Spatule 16po haute temp\u00E9rature\",\"nme\":\"16\\\" high temperature spatula\",\"attr\":\"\",\"sku\":\"26939\",\"l2\":\"Ustensiles et accessoires\",\"sl\":\"spatule-16po-haute-temperature-browne-26939\",\"sn\":\"\",\"idxP\":34},{\"mq\":\"Browne\",\"nm\":\"Casserole avec couvercle 6,75L\",\"nme\":\"Saucepan with Lid\",\"attr\":\"\",\"sku\":\"26951\",\"l2\":\"Batterie de cuisine\",\"sl\":\"casserole-avec-couvercle-675l-browne-26951\",\"sn\":\"\",\"idxP\":6},{\"mq\":\"Labell\",\"nm\":\"Planche avec rainure 13\\\"x19\\\"x3\\\/4\\\"\",\"nme\":\"Board with Groove 13\\\"x19\\\"x3\\\/4\\\"\",\"attr\":\"\",\"sku\":\"27194\",\"l2\":\"Planche\",\"sl\":\"planche-avec-rainure-13x19x34-labell-27194\",\"sn\":\"\",\"idxP\":16},{\"mq\":\"Kayali\",\"nm\":\"Bol \u00E0 fruit en porcelaine 6,5\\\"\",\"nme\":\"Porcelain Fruit Bowl 6.5\\\"\",\"attr\":\"\",\"sku\":\"27230\",\"l2\":\"Vaisselle\",\"sl\":\"bol-a-fruit-en-porcelaine-65-kayali-27230\",\"sn\":\"\",\"idxP\":32},{\"mq\":\"Elements\",\"nm\":\"Braisi\u00E8re en inox 19 L\",\"nme\":\"Stainless Steel Brazier 19 L\",\"attr\":\"\",\"sku\":\"26988\",\"l2\":\"Batterie de cuisine\",\"sl\":\"braisiere-en-inox-19-l-elements-26988\",\"sn\":\"\",\"idxP\":6},{\"mq\":\"Kayali\",\"nm\":\"Assiette bol \u00E0 p\u00E2tes en porcelaine 11 3\\\/4\\\"\",\"nme\":\"Pasta Bowl Porcelain Plate 11 3\\\/4\\\"\",\"attr\":\"\",\"sku\":\"27233\",\"l2\":\"Vaisselle\",\"sl\":\"assiette-bol-a-pates-en-porcelaine-11-34-kayali-27233\",\"sn\":\"\",\"idxP\":18},{\"mq\":\"Lapaco\",\"nm\":\"Moule \u00E0 g\u00E2teau rouge tulipe\",\"nme\":\"Tulip Red Cup Baking\",\"attr\":\"\",\"sku\":\"26079\",\"l2\":\"Accessoire de p\u00E2tisserie\",\"sl\":\"moule-a-gateau-rouge-tulipe-lapaco-26079\",\"sn\":\"moules\",\"idxP\":14},{\"mq\":\"Kayali\",\"nm\":\"Assiette carr\u00E9e 7.75\\\"\",\"nme\":\"Square Plate 7.75\\\"\",\"attr\":\"\",\"sku\":\"27232\",\"l2\":\"Vaisselle\",\"sl\":\"assiette-carree-7.75-kayali-27232\",\"sn\":\"\",\"idxP\":33},{\"mq\":\"Kayali\",\"nm\":\"Cuill\u00E8re \u00E0 th\u00E9 glac\u00E9 Retro\",\"nme\":\"Resto Long Cocktail Spoon\",\"attr\":\"\",\"sku\":\"27237\",\"l2\":\"Ustensiles et accessoires\",\"sl\":\"cuillere-a-the-glace-retro-kayali-27237\",\"sn\":\"\",\"idxP\":7},{\"mq\":\"Kayali\",\"nm\":\"Tasse en verre 10 oz \\\/ 295 ml\",\"nme\":\"Glass Mug 10 oz \\\/ 295 ml\",\"attr\":\"\",\"sku\":\"27240\",\"l2\":\"Vaisselle\",\"sl\":\"tasse-en-verre-10-oz-295-ml-kayali-27240\",\"sn\":\"\",\"idxP\":75},{\"mq\":\"Kayali\",\"nm\":\"Verre haut Bristol 13,5oz \\\/ 400ml\",\"nme\":\"Bristol Tumbler 13.5 oz \\\/ 400 ml\",\"attr\":\"\",\"sku\":\"38580\",\"l2\":\"Verrerie\",\"sl\":\"verre-haut-bristol-135oz-400ml-kayali-38580\",\"sn\":\"\",\"idxP\":25},{\"mq\":\"Browne\",\"nm\":\"Cylindre \u00E0 coutellerie en plastique\",\"nme\":\"Cutlery Plastic Cylinder\",\"attr\":\"\",\"sku\":\"25565\",\"l2\":\"Ustensile de table\",\"sl\":\"cylindre-a-coutellerie-en-plastique-browne-25565\",\"sn\":\"\",\"idxP\":12},{\"mq\":\"Kayali\",\"nm\":\"Mini bols en porcelaine\",\"nme\":\"Porcelain Mini Bowl\",\"attr\":\"\",\"sku\":\"27235\",\"l2\":\"Vaisselle\",\"sl\":\"mini-bols-en-porcelaine-kayali-27235\",\"sn\":\"\",\"idxP\":55},{\"mq\":\"Kayali\",\"nm\":\"Tasse en verre Tarsila 10 oz \\\/ 295 ml\",\"nme\":\"Tarsila Glass Mug 10 oz \\\/ 295 ml\",\"attr\":\"\",\"sku\":\"49400\",\"l2\":\"Vaisselle\",\"sl\":\"tasse-en-verre-tarsila-10-oz-295-ml-kayali-49400\",\"sn\":\"\",\"idxP\":38},{\"mq\":\"Kayali\",\"nm\":\"Verre \u00E0 cr\u00E8me glac\u00E9e 7 oz \\\/ 210 ml\",\"nme\":\"Ice Cream Cup 7 oz \\\/ 210 ml\",\"attr\":\"\",\"sku\":\"27262\",\"l2\":\"Service de table\",\"sl\":\"verre-a-creme-glacee-7-oz-210-ml-kayali-27262\",\"sn\":\"\",\"idxP\":52},{\"mq\":\"Kayali\",\"nm\":\"Tasse pot Masson avec couvercle 5 oz\",\"nme\":\"Masson Jar with Lid 5 oz\",\"attr\":\"\",\"sku\":\"27266\",\"l2\":\"Contenant et pot\",\"sl\":\"tasse-pot-masson-avec-couvercle-5-oz-kayali-27266\",\"sn\":\"\",\"idxP\":33},{\"mq\":\"Kayali\",\"nm\":\"Mini pot masson avec couvercle\",\"nme\":\"Mini Mason Jar with Cover\",\"attr\":\"\",\"sku\":\"27268\",\"l2\":\"Contenant et pot\",\"sl\":\"mini-pot-masson-avec-couvercle-kayali-27268\",\"sn\":\"\",\"idxP\":39},{\"mq\":\"Kayali\",\"nm\":\"Verre \u00E0 whisky Atol 10,5 oz \\\/ 310 ml\",\"nme\":\"Atol Whisky Glass 10.5 oz \\\/ 310 ml\",\"attr\":\"\",\"sku\":\"27259\",\"l2\":\"Verrerie\",\"sl\":\"verre-a-whisky-atol-105-oz-310-ml-kayali-27259\",\"sn\":\"\",\"idxP\":6},{\"mq\":\"Kayali\",\"nm\":\"Petit pot en verre avec clip 8 oz\",\"nme\":\"Clip Glass Jar 8 oz\",\"attr\":\"\",\"sku\":\"27267\",\"l2\":\"Contenant et pot\",\"sl\":\"petit-pot-en-verre-avec-clip-8-oz-kayali-27267\",\"sn\":\"\",\"idxP\":42},{\"mq\":\"Kayali\",\"nm\":\"Mini cuill\u00E8re hors d'oeuvre\",\"nme\":\"Appetizer Mini Spoon\",\"attr\":\"\",\"sku\":\"35008\",\"l2\":\"Vaisselle\",\"sl\":\"mini-cuillere-hors-doeuvre-kayali-35008\",\"sn\":\"\",\"idxP\":28},{\"mq\":\"Lapaco\",\"nm\":\"Moule \u00E0 g\u00E2teau blanc petite tulipe\",\"nme\":\"Small White Tulip Baking Cup\",\"attr\":\"\",\"sku\":\"27297\",\"l2\":\"Accessoire de p\u00E2tisserie\",\"sl\":\"moule-a-gateau-blanc-petite-tulipe-lapaco-27297\",\"sn\":\"moules\",\"idxP\":7},{\"mq\":\"Thermalloy\",\"nm\":\"Sauteuse en aluminium 14\u201Dx2,8\u201D\\\/ 35,5 cm x 7 cm\",\"nme\":\"Aluminium Saut\u00E9 Pan 14\u201Dx2.8\u201D\\\/ 35.5 cm x 7 cm\",\"attr\":\"\",\"sku\":\"39066\",\"l2\":\"Batterie de cuisine\",\"sl\":\"sauteuse-en-aluminium-14x28-355-cm-x-7-cm-thermalloy-39066\",\"sn\":\"\",\"idxP\":4},{\"mq\":\"Kayali\",\"nm\":\"Verre \u00E0 margarita Windsor 11,25 oz \\\/ 330 ml\",\"nme\":\"Margarita Glass 11.25 oz \\\/ 330 ml\",\"attr\":\"\",\"sku\":\"27261\",\"l2\":\"Verrerie\",\"sl\":\"verre-a-margarita-windsor-1125-oz-330-ml-kayali-27261\",\"sn\":\"\",\"idxP\":10},{\"mq\":\"Thermalloy\",\"nm\":\"Sauteuse en aluminium 16\u201Dx3,5\u201D\\\/ 40,6 cm x 8,9 cm\",\"nme\":\"Aluminium Saut\u00E9 Pan 16\u201Dx3.5\u201D\\\/ 40.6 cm x 8.9 cm\",\"attr\":\"\",\"sku\":\"39067\",\"l2\":\"Batterie de cuisine\",\"sl\":\"sauteuse-en-aluminium-16x35-406-cm-x-89-cm-thermalloy-39067\",\"sn\":\"\",\"idxP\":7},{\"mq\":\"Lapaco\",\"nm\":\"Moule \u00E0 g\u00E2teau brune petite tulipe\",\"nme\":\"Small Brown Tulip Baking Cup\",\"attr\":\"\",\"sku\":\"27298\",\"l2\":\"Accessoire de p\u00E2tisserie\",\"sl\":\"moule-a-gateau-brune-petite-tulipe-lapaco-27298\",\"sn\":\"moules\",\"idxP\":17},{\"mq\":\"Thermalloy\",\"nm\":\"Sauteuse en aluminium 10\u201Dx2,5\u201D \\\/ 25,4 cm x 6,4 cm\",\"nme\":\"Aluminium Saut\u00E9 Pan 10\u201Dx2.5\u201D \\\/ 25.4 cm x 6.4 cm\",\"attr\":\"\",\"sku\":\"39064\",\"l2\":\"Batterie de cuisine\",\"sl\":\"sauteuse-en-aluminium-10x25-254-cm-x-64-cm-thermalloy-39064\",\"sn\":\"\",\"idxP\":3},{\"mq\":\"Thermalloy\",\"nm\":\"Po\u00EAle en aluminium 7\u201Dx1,3\u201D \\\/ 18 cm x 3.2 cm\",\"nme\":\"Aluminium Fry Pan 7\u201Dx1.3\u201D \\\/ 18 cm x 3.2 cm\",\"attr\":\"\",\"sku\":\"39068\",\"l2\":\"Batterie de cuisine\",\"sl\":\"poele-en-aluminium-7x13-18-cm-x-3.2-cm-thermalloy-39068\",\"sn\":\"\",\"idxP\":5},{\"mq\":\"Thermalloy\",\"nm\":\"Casserole conique en aluminium 7L\",\"nme\":\"Aluminium Tapered Sauce Pan 7L\",\"attr\":\"\",\"sku\":\"39083\",\"l2\":\"Batterie de cuisine\",\"sl\":\"casserole-conique-en-aluminium-7l-thermalloy-39083\",\"sn\":\"\",\"idxP\":6},{\"mq\":\"Thermalloy\",\"nm\":\"Casserole conique en aluminium 1,5L\",\"nme\":\"Aluminium Tapered Sauce Pan 1.5L\",\"attr\":\"\",\"sku\":\"39078\",\"l2\":\"Batterie de cuisine\",\"sl\":\"casserole-conique-en-aluminium-15l-thermalloy-39078\",\"sn\":\"\",\"idxP\":9},{\"mq\":\"Thermalloy\",\"nm\":\"Casserole conique en aluminium 8,5L\",\"nme\":\"Aluminium Tapered Sauce Pan 8.5L\",\"attr\":\"\",\"sku\":\"39084\",\"l2\":\"Batterie de cuisine\",\"sl\":\"casserole-conique-en-aluminium-85l-thermalloy-39084\",\"sn\":\"\",\"idxP\":7},{\"mq\":\"Kayali\",\"nm\":\"Distributeur \u00E0 sirop avec couvercle 20 oz \\\/ 600 ml\",\"nme\":\"Sirup Dispenser with Lid 20 oz \\\/ 600 ml\",\"attr\":\"\",\"sku\":\"27265\",\"l2\":\"Service de table\",\"sl\":\"distributeur-a-sirop-avec-couvercle-20-oz-600-ml-kayali-27265\",\"sn\":\"\",\"idxP\":40},{\"mq\":\"Thermalloy\",\"nm\":\"Po\u00EAle en aluminium 14\u201Dx2,5\u201D\\\/ 35,6 cm x 6,3 cm\",\"nme\":\"Aluminium Fry Pan 14\u201Dx2,5\u201D\\\/ 35,6 cm x 6,3 cm\",\"attr\":\"\",\"sku\":\"39072\",\"l2\":\"Batterie de cuisine\",\"sl\":\"poele-en-aluminium-14x25-356-cm-x-63-cm-thermalloy-39072\",\"sn\":\"\",\"idxP\":5},{\"mq\":\"Thermalloy\",\"nm\":\"Po\u00EAle en aluminium 8\u201Dx1,5\u201D\\\/ 20 cm x 3,8 cm\",\"nme\":\"Aluminium Fry Pan 8\u201Dx1.5\u201D\\\/ 20 cm x 3.8 cm\",\"attr\":\"\",\"sku\":\"39069\",\"l2\":\"Batterie de cuisine\",\"sl\":\"poele-en-aluminium-8x15-20-cm-x-38-cm-thermalloy-39069\",\"sn\":\"\",\"idxP\":9},{\"mq\":\"Thermalloy\",\"nm\":\"Casserole conique en aluminium 3,3L\",\"nme\":\"Aluminium Tapered Sauce Pan 3.3L\",\"attr\":\"\",\"sku\":\"39080\",\"l2\":\"Batterie de cuisine\",\"sl\":\"casserole-conique-en-aluminium-33l-thermalloy-39080\",\"sn\":\"\",\"idxP\":7},{\"mq\":\"Kayali\",\"nm\":\"Verre \u00E0 martini Windsor 8,5 oz \\\/ 250 ml\",\"nme\":\"Windsor Martini Glass 8,5 oz \\\/ 250 ml\",\"attr\":\"\",\"sku\":\"27260\",\"l2\":\"Verrerie\",\"sl\":\"verre-a-martini-windsor-85-oz-250-ml-kayali-27260\",\"sn\":\"\",\"idxP\":14},{\"mq\":\"Thermalloy\",\"nm\":\"Casserole conique en aluminium 2.75L\",\"nme\":\"Aluminium Tapered Sauce Pan 2.75L\",\"attr\":\"\",\"sku\":\"39079\",\"l2\":\"Batterie de cuisine\",\"sl\":\"casserole-conique-en-aluminium-2.75l-thermalloy-39079\",\"sn\":\"\",\"idxP\":6},{\"mq\":\"Thermalloy\",\"nm\":\"Couvercle en aluminium pour marmite 20L\",\"nme\":\"Aluminum Stock Pot Cover 20L\",\"attr\":\"\",\"sku\":\"39093\",\"l2\":\"Batterie de cuisine\",\"sl\":\"couvercle-en-aluminium-pour-marmite-20l-thermalloy-39093\",\"sn\":\"\",\"idxP\":3},{\"mq\":\"Thermalloy\",\"nm\":\"Couvercle en aluminium pour marmite 40L\",\"nme\":\"Aluminum Stock Pot Cover 40L\",\"attr\":\"\",\"sku\":\"39099\",\"l2\":\"Batterie de cuisine\",\"sl\":\"couvercle-en-aluminium-pour-marmite-40l-thermalloy-39099\",\"sn\":\"\",\"idxP\":6},{\"mq\":\"Bialetti\",\"nm\":\"Cafeti\u00E8re moka 12 tasses\",\"nme\":\"Coffee Pot 12 Cups\",\"attr\":\"\",\"sku\":\"41932\",\"l2\":\"Service de table\",\"sl\":\"cafetiere-moka-12-tasses-bialetti-41932\",\"sn\":\"\",\"idxP\":17},{\"mq\":\"Bialetti\",\"nm\":\"Cafeti\u00E8re moka 9 tasses\",\"nme\":\"Moka Coffee Maker 9 Cups\",\"attr\":\"\",\"sku\":\"35207\",\"l2\":\"Service de table\",\"sl\":\"cafetiere-moka-9-tasses-bialetti-35207\",\"sn\":\"\",\"idxP\":18},{\"mq\":\"Starfrit\",\"nm\":\"M\u00E9langeur personnel 828 ml \\\/ 28 oz\",\"nme\":\"Electric Personal Blender 828 ml \\\/ 28 oz\",\"attr\":\"\",\"sku\":\"27430\",\"l2\":\"Ustensiles et accessoires\",\"sl\":\"melangeur-personnel-828-ml-28-oz-starfrit-27430\",\"sn\":\"\",\"idxP\":29},{\"mq\":\"Thermalloy\",\"nm\":\"Casserole conique en aluminium 5,5L\",\"nme\":\"Aluminium Tapered Sauce Pan 5.5L\",\"attr\":\"\",\"sku\":\"39082\",\"l2\":\"Batterie de cuisine\",\"sl\":\"casserole-conique-en-aluminium-55l-thermalloy-39082\",\"sn\":\"\",\"idxP\":10},{\"mq\":\"Thermalloy\",\"nm\":\"Couvercle en aluminium braisi\u00E8re 24L\",\"nme\":\"Brazier's Aluminium Lid 24L\",\"attr\":\"\",\"sku\":\"39103\",\"l2\":\"Batterie de cuisine\",\"sl\":\"couvercle-en-aluminium-braisiere-24l-thermalloy-39103\",\"sn\":\"raisins\",\"idxP\":0},{\"mq\":\"Thermalloy\",\"nm\":\"Po\u00EAle en aluminium 12\u201Dx2,3\u201D\\\/ 30,5 cm x 5,7 cm\",\"nme\":\"Aluminium Fry Pan 12\u201Dx2.3\u201D\\\/ 30.5 cm x 5.7 cm\",\"attr\":\"\",\"sku\":\"39071\",\"l2\":\"Batterie de cuisine\",\"sl\":\"poele-en-aluminium-12x23-305-cm-x-57-cm-thermalloy-39071\",\"sn\":\"\",\"idxP\":8},{\"mq\":\"Thermalloy\",\"nm\":\"Couvercle en aluminium pour marmite 16L\",\"nme\":\"Aluminum Stock Pot Cover 16L\",\"attr\":\"\",\"sku\":\"39092\",\"l2\":\"Batterie de cuisine\",\"sl\":\"couvercle-en-aluminium-pour-marmite-16l-thermalloy-39092\",\"sn\":\"\",\"idxP\":5},{\"mq\":\"Kayali\",\"nm\":\"Verre On the Rocks 11 oz \\\/ 325 ml\",\"nme\":\"On the Rocks Glass 11 oz \\\/ 325 ml\",\"attr\":\"\",\"sku\":\"39713\",\"l2\":\"Verrerie\",\"sl\":\"verre-on-the-rocks-11-oz-325-ml-kayali-39713\",\"sn\":\"\",\"idxP\":25},{\"mq\":\"Thermalloy\",\"nm\":\"Po\u00EAle en aluminium 10\u201Dx2\u201D\\\/ 25,4 cm x 5 cm\",\"nme\":\"Aluminium Fry Pan 10\u201Dx2\u201D\\\/ 25.4 cm x 5 cm\",\"attr\":\"\",\"sku\":\"39070\",\"l2\":\"Batterie de cuisine\",\"sl\":\"poele-en-aluminium-10x2-254-cm-x-5-cm-thermalloy-39070\",\"sn\":\"\",\"idxP\":11},{\"mq\":\"Thermalloy\",\"nm\":\"Couvercle en aluminium pour marmite 12L\",\"nme\":\"Aluminum Stock Pot Cover 12L\",\"attr\":\"\",\"sku\":\"39091\",\"l2\":\"Batterie de cuisine\",\"sl\":\"couvercle-en-aluminium-pour-marmite-12l-thermalloy-39091\",\"sn\":\"\",\"idxP\":7},{\"mq\":\"Thermalloy\",\"nm\":\"Casserole conique en aluminium 11L\",\"nme\":\"Aluminium Tapered Sauce Pan 11L\",\"attr\":\"\",\"sku\":\"39085\",\"l2\":\"Batterie de cuisine\",\"sl\":\"casserole-conique-en-aluminium-11l-thermalloy-39085\",\"sn\":\"\",\"idxP\":3},{\"mq\":\"Thermalloy\",\"nm\":\"Couvercle en aluminium pour marmite 24L\",\"nme\":\"Aluminum Stock Pot Cover 24L\",\"attr\":\"\",\"sku\":\"39094\",\"l2\":\"Batterie de cuisine\",\"sl\":\"couvercle-en-aluminium-pour-marmite-24l-thermalloy-39094\",\"sn\":\"\",\"idxP\":4},{\"mq\":\"Thermalloy\",\"nm\":\"Couvercle en aluminium pour marmite 32L\",\"nme\":\"Aluminum Stock Pot Cover 32L\",\"attr\":\"\",\"sku\":\"39097\",\"l2\":\"Batterie de cuisine\",\"sl\":\"couvercle-en-aluminium-pour-marmite-32l-thermalloy-39097\",\"sn\":\"\",\"idxP\":6},{\"mq\":\"Thermalloy\",\"nm\":\"Couvercle en aluminium pour marmite 60L\",\"nme\":\"Aluminum Stock Pot Cover 60L\",\"attr\":\"\",\"sku\":\"39100\",\"l2\":\"Batterie de cuisine\",\"sl\":\"couvercle-en-aluminium-pour-marmite-60l-thermalloy-39100\",\"sn\":\"\",\"idxP\":5},{\"mq\":\"Bialetti\",\"nm\":\"Cafeti\u00E8re moka 3 tasses\",\"nme\":\"Espresso Machine 3 Cups\",\"attr\":\"\",\"sku\":\"33083\",\"l2\":\"Service de table\",\"sl\":\"cafetiere-moka-3-tasses-bialetti-33083\",\"sn\":\"\",\"idxP\":16},{\"mq\":\"Rabco\",\"nm\":\"Cuilli\u00E8re pour le bar 11\\\"\",\"nme\":\"Spoon Bar 11\\\"\",\"attr\":\"\",\"sku\":\"31166\",\"l2\":\"Ustensiles et accessoires\",\"sl\":\"cuilliere-pour-le-bar-11-rabco-31166\",\"sn\":\"\",\"idxP\":27},{\"mq\":\"Trudeau\",\"nm\":\"Mini hachoir\",\"nme\":\"Mini Chopper\",\"attr\":\"\",\"sku\":\"25131\",\"l2\":\"Ustensiles et accessoires\",\"sl\":\"mini-hachoir-trudeau-25131\",\"sn\":\"\",\"idxP\":7},{\"mq\":\"Bialetti\",\"nm\":\"Cafeti\u00E8re moka 6 tasses\",\"nme\":\"Moka Coffee Maker 6 Cups\",\"attr\":\"\",\"sku\":\"32860\",\"l2\":\"Service de table\",\"sl\":\"cafetiere-moka-6-tasses-bialetti-32860\",\"sn\":\"\",\"idxP\":18},{\"mq\":\"Windsor\",\"nm\":\"Fourchette \u00E0 salade en acier inoxydable\",\"nme\":\"Stainless Steel Salad Forks\",\"attr\":\"\",\"sku\":\"10232\",\"l2\":\"Ustensile de table\",\"sl\":\"fourchette-a-salade-en-acier-inoxydable-windsor-10232\",\"sn\":\"\",\"idxP\":13},{\"mq\":\"Rabco\",\"nm\":\"Panier \u00E0 pain oval\",\"nme\":\"Oval Bread Basket\",\"attr\":\"\",\"sku\":\"28904\",\"l2\":\"Service de table\",\"sl\":\"panier-a-pain-oval-rabco-28904\",\"sn\":\"\",\"idxP\":30},{\"mq\":\"Sanelli\",\"nm\":\"Couteau \u00E0 saigner 7\\\" \\\/ 18 cm\",\"nme\":\"Sticking Knife 7\\\" \\\/ 18 cm\",\"attr\":\"\",\"sku\":\"39670\",\"l2\":\"Couteau de chef\",\"sl\":\"couteau-a-saigner-7-18-cm-sanelli-39670\",\"sn\":\"\",\"idxP\":5},{\"mq\":\"Sanelli\",\"nm\":\"Couteau de boucher 10 1\\\/2\\\" \\\/ 27 cm\",\"nme\":\"Butcher's Knife 10 1\\\/2\\\" \\\/ 27 cm\",\"attr\":\"\",\"sku\":\"39675\",\"l2\":\"Couteau de chef\",\"sl\":\"couteau-de-boucher-10-12-27-cm-sanelli-39675\",\"sn\":\"\",\"idxP\":6},{\"mq\":\"Sanelli\",\"nm\":\"Couteau de boucher 7\\\" \\\/ 18 cm\",\"nme\":\"Butcher's Knife 7\\\" \\\/ 18 cm\",\"attr\":\"\",\"sku\":\"39676\",\"l2\":\"Couteau de chef\",\"sl\":\"couteau-de-boucher-7-18-cm-sanelli-39676\",\"sn\":\"\",\"idxP\":5},{\"mq\":\"Sanelli\",\"nm\":\"Couteau de chef 9 1\\\/2\\\" \\\/ 24 cm\",\"nme\":\"Chef's Knife 9 1\\\/2\\\" \\\/ 24 cm\",\"attr\":\"\",\"sku\":\"39682\",\"l2\":\"Couteau de chef\",\"sl\":\"couteau-de-chef-9-12-24-cm-sanelli-39682\",\"sn\":\"\",\"idxP\":9},{\"mq\":\"Sanelli\",\"nm\":\"Couteau japonais 7\\\" \\\/ 18 cm\",\"nme\":\"Japanese Knife 7\\\" \\\/ 18 cm\",\"attr\":\"\",\"sku\":\"39688\",\"l2\":\"Couteau de chef\",\"sl\":\"couteau-japonais-7-18-cm-sanelli-39688\",\"sn\":\"\",\"idxP\":5},{\"mq\":\"Sanelli\",\"nm\":\"Couteau \u00E0 p\u00E2tisserie 10 1\\\/4\\\" \\\/ 26 cm\",\"nme\":\"Pastry Serrated Knife 10 1\\\/4\\\" \\\/ 26 cm\",\"attr\":\"\",\"sku\":\"39667\",\"l2\":\"Couteau de chef\",\"sl\":\"couteau-a-patisserie-10-14-26-cm-sanelli-39667\",\"sn\":\"\",\"idxP\":5},{\"mq\":\"Sanelli\",\"nm\":\"Couteau \u00E0 d\u00E9pouiller 6 1\\\/4\\\" \\\/ 16 cm\",\"nme\":\"Curved Boning Knife 6 1\\\/4\\\" \\\/ 16 cm\",\"attr\":\"\",\"sku\":\"39674\",\"l2\":\"Couteau de chef\",\"sl\":\"couteau-a-depouiller-6-14-16-cm-sanelli-39674\",\"sn\":\"\",\"idxP\":6},{\"mq\":\"Sanelli\",\"nm\":\"Couteau de boucher 8 3\\\/4\\\" \\\/ 22 cm\",\"nme\":\"Butcher's Knife 8 3\\\/4\\\" \\\/ 22 cm\",\"attr\":\"\",\"sku\":\"39677\",\"l2\":\"Couteau de chef\",\"sl\":\"couteau-de-boucher-8-34-22-cm-sanelli-39677\",\"sn\":\"\",\"idxP\":5},{\"mq\":\"Sanelli\",\"nm\":\"Couteau \u00E0 d\u00E9sosser \u00E9troit 6 1\\\/4\\\" \\\/ 16 cm\",\"nme\":\"Narrow Boning Knife 6 1\\\/4\\\" \\\/ 16 cm\",\"attr\":\"\",\"sku\":\"39687\",\"l2\":\"Couteau de chef\",\"sl\":\"couteau-a-desosser-etroit-6-14-16-cm-sanelli-39687\",\"sn\":\"\",\"idxP\":5},{\"mq\":\"Sanelli\",\"nm\":\"Couteau \u00E0 d\u00E9sosser 6 1\\\/4\\\" \\\/ 16 cm\",\"nme\":\"Boning Knife 6 1\\\/4\\\" \\\/ 16 cm\",\"attr\":\"\",\"sku\":\"49020\",\"l2\":\"Couteau de chef\",\"sl\":\"couteau-a-desosser-6-14-16-cm-sanelli-49020\",\"sn\":\"\",\"idxP\":4},{\"mq\":\"Globe\",\"nm\":\"Grattoir robuste 6 Lames 4\\\"\",\"nme\":\"Dough Scraper 6 Blades\",\"attr\":\"\",\"sku\":\"27902\",\"l2\":\"Ustensiles et accessoires\",\"sl\":\"grattoir-robuste-6-lames-4-globe-27902\",\"sn\":\"\",\"idxP\":7},{\"mq\":\"Sanelli\",\"nm\":\"Couteau \u00E0 saigner 5 1\\\/2\\\" \\\/ 14 cm\",\"nme\":\"Sticking Knife 5 1\\\/2\\\" \\\/ 14 cm\",\"attr\":\"\",\"sku\":\"39669\",\"l2\":\"Couteau de chef\",\"sl\":\"couteau-a-saigner-5-12-14-cm-sanelli-39669\",\"sn\":\"\",\"idxP\":5},{\"mq\":\"Sanelli\",\"nm\":\"Couteau de chef oliv\u00E9 10\\\" \\\/ 25 cm\",\"nme\":\"Indented Cook's Knife 10\\\" \\\/ 25 cm\",\"attr\":\"\",\"sku\":\"39683\",\"l2\":\"Couteau de chef\",\"sl\":\"couteau-de-chef-olive-10-25-cm-sanelli-39683\",\"sn\":\"\",\"idxP\":10},{\"mq\":\"Sanelli\",\"nm\":\"Couteau de chef 8 1\\\/4\\\" \\\/ 21 cm\",\"nme\":\"Cook's Knife 8 1\\\/4\\\" \\\/ 21 cm\",\"attr\":\"\",\"sku\":\"39680\",\"l2\":\"Couteau de chef\",\"sl\":\"couteau-de-chef-8-14-21-cm-sanelli-39680\",\"sn\":\"\",\"idxP\":20},{\"mq\":\"Sanelli\",\"nm\":\"Couteau d'office 4\\\" \\\/ 10 cm\",\"nme\":\"Paring Knife 4\\\" \\\/ 10 cm\",\"attr\":\"\",\"sku\":\"39685\",\"l2\":\"Couteau de chef\",\"sl\":\"couteau-doffice-4-10-cm-sanelli-39685\",\"sn\":\"\",\"idxP\":15},{\"mq\":\"Sanelli\",\"nm\":\"Couteau \u00E0 pain 9 1\\\/2\\\" \\\/ 24 cm\",\"nme\":\"Bread Knife 9 1\\\/2\\\" \\\/ 24 cm\",\"attr\":\"\",\"sku\":\"49032\",\"l2\":\"Couteau de chef\",\"sl\":\"couteau-a-pain-9-12-24-cm-sanelli-49032\",\"sn\":\"\",\"idxP\":9},{\"mq\":\"Sanelli\",\"nm\":\"Couteau \u00E0 d\u00E9pecer 7\\\" \\\/ 18 cm\",\"nme\":\"Legging Knife 7\\\" \\\/ 18 cm\",\"attr\":\"\",\"sku\":\"49021\",\"l2\":\"Couteau de chef\",\"sl\":\"couteau-a-depecer-7-18-cm-sanelli-49021\",\"sn\":\"\",\"idxP\":2},{\"mq\":\"Sanelli\",\"nm\":\"Couteau \u00E0 jambon 9 1\\\/2\\\" \\\/ 24 cm\",\"nme\":\"Ham Knife 9 1\\\/2\\\" \\\/ 24 cm\",\"attr\":\"\",\"sku\":\"49028\",\"l2\":\"Couteau de chef\",\"sl\":\"couteau-a-jambon-9-12-24-cm-sanelli-49028\",\"sn\":\"\",\"idxP\":2},{\"mq\":\"Sanelli\",\"nm\":\"Couteau \u00E0 saumon 11\\\" \\\/ 28 cm\",\"nme\":\"Salmon Slicer Knife 11\\\" \\\/ 28 cm\",\"attr\":\"\",\"sku\":\"39671\",\"l2\":\"Couteau de chef\",\"sl\":\"couteau-a-saumon-11-28-cm-sanelli-39671\",\"sn\":\"\",\"idxP\":8},{\"mq\":\"Sanelli\",\"nm\":\"Couteau de chef 8\\\" \\\/ 20 cm\",\"nme\":\"Cook's Knife 8'' \\\/ 20 cm\",\"attr\":\"\",\"sku\":\"39681\",\"l2\":\"Couteau de chef\",\"sl\":\"couteau-de-chef-8-20-cm-sanelli-39681\",\"sn\":\"\",\"idxP\":11},{\"mq\":\"Yaxell\",\"nm\":\"Couteau de chef oliv\u00E9 8 1\\\/4\\\" \\\/ 21 cm\",\"nme\":\"Indented Cook's Knife 8 1\\\/4\\\" \\\/ 21 cm\",\"attr\":\"\",\"sku\":\"39684\",\"l2\":\"Couteau de chef\",\"sl\":\"couteau-de-chef-olive-8-14-21-cm-yaxell-39684\",\"sn\":\"\",\"idxP\":8},{\"mq\":\"Sagetra\",\"nm\":\"Couvercle \u00E0 rainures r\u00E9cipient antiblocage rectang\",\"nme\":\"Slotted Cover Anti-Jam Rectangular Pan Full Size\",\"attr\":\"\",\"sku\":\"31177\",\"l2\":\"Buffet\",\"sl\":\"couvercle-a-rainures-recipient-antiblocage-rectang-sagetra-31177\",\"sn\":\"\",\"idxP\":23},{\"mq\":\"Sanelli\",\"nm\":\"Couteau \u00E0 saumon oliv\u00E9 12 1\\\/4\\\" \\\/ 31 cm\",\"nme\":\"Indented Salmon Knife 12 1\\\/4\\\" \\\/ 31 cm\",\"attr\":\"\",\"sku\":\"39672\",\"l2\":\"Couteau de chef\",\"sl\":\"couteau-a-saumon-olive-12-14-31-cm-sanelli-39672\",\"sn\":\"\",\"idxP\":3},{\"mq\":\"Sanelli\",\"nm\":\"Couteau \u00E0 d\u00E9sosser \u00E9troit 5 1\\\/2\\\" \\\/ 14 cm\",\"nme\":\"Narrow Boning Knife 5 1\\\/2\\\" \\\/ 14 cm\",\"attr\":\"\",\"sku\":\"39686\",\"l2\":\"Couteau de chef\",\"sl\":\"couteau-a-desosser-etroit-5-12-14-cm-sanelli-39686\",\"sn\":\"\",\"idxP\":3},{\"mq\":\"Sanelli\",\"nm\":\"Couteau \u00E0 r\u00F4ti 1\\\/2\\\" \\\/ 24 cm\",\"nme\":\"Roast Knife 9 1\\\/2\\\" \\\/ 24 cm\",\"attr\":\"\",\"sku\":\"39668\",\"l2\":\"Couteau de chef\",\"sl\":\"couteau-a-roti-12-24-cm-sanelli-39668\",\"sn\":\"\",\"idxP\":6},{\"mq\":\"Sanelli\",\"nm\":\"Couteau \u00E0 tomate 4 3\\\/4\\\" \\\/ 12 cm\",\"nme\":\"Tomato Knife 4 3\\\/4\\\" \\\/ 12 cm\",\"attr\":\"\",\"sku\":\"39673\",\"l2\":\"Couteau de chef\",\"sl\":\"couteau-a-tomate-4-34-12-cm-sanelli-39673\",\"sn\":\"tomates\",\"idxP\":11},{\"mq\":\"Sanelli\",\"nm\":\"Couteau de chef 10\\\" \\\/ 25 cm\",\"nme\":\"Cook's Knife 10'' \\\/ 25 cm\",\"attr\":\"\",\"sku\":\"39678\",\"l2\":\"Couteau de chef\",\"sl\":\"couteau-de-chef-10-25-cm-sanelli-39678\",\"sn\":\"\",\"idxP\":17},{\"mq\":\"Sanelli\",\"nm\":\"Couperet de cuisine 6 1\\\/4\\\" \\\/ 16 cm\",\"nme\":\"Kitchen Cleaver 6 1\\\/4\\\" \\\/ 16 cm\",\"attr\":\"\",\"sku\":\"49019\",\"l2\":\"Couteau de chef\",\"sl\":\"couperet-de-cuisine-6-14-16-cm-sanelli-49019\",\"sn\":\"\",\"idxP\":6},{\"mq\":\"Sanelli\",\"nm\":\"Couteau \u00E0 filet flexible 6 1\\\/4\\\" \\\/ 16 cm\",\"nme\":\"Flexible Fillet Knife 6 1\\\/4\\\" \\\/ 16 cm\",\"attr\":\"\",\"sku\":\"49022\",\"l2\":\"Couteau de chef\",\"sl\":\"couteau-a-filet-flexible-6-14-16-cm-sanelli-49022\",\"sn\":\"\",\"idxP\":4},{\"mq\":\"Sanelli\",\"nm\":\"Couteau \u00E0 l\u00E9gume 2 1\\\/2\\\" \\\/ 6 cm\",\"nme\":\"Vegetable Knife 2 1\\\/2\\\" \\\/ 6 cm\",\"attr\":\"\",\"sku\":\"49029\",\"l2\":\"Couteau de chef\",\"sl\":\"couteau-a-legume-2-12-6-cm-sanelli-49029\",\"sn\":\"\",\"idxP\":12},{\"mq\":\"Lapaco\",\"nm\":\"Moule \u00E0 g\u00E2teau brun tulipe grand\",\"nme\":\"Tulip Baking Cup Large Brown\",\"attr\":\"\",\"sku\":\"27302\",\"l2\":\"Accessoire de p\u00E2tisserie\",\"sl\":\"moule-a-gateau-brun-tulipe-grand-lapaco-27302\",\"sn\":\"moules\",\"idxP\":21},{\"mq\":\"Sanelli\",\"nm\":\"Couteau \u00E0 filet flexible 8 3\\\/4' \\\/ 22 cm\",\"nme\":\"Flex Fillet Knife 8 3\\\/4' \\\/ 22 cm\",\"attr\":\"\",\"sku\":\"49025\",\"l2\":\"Couteau de chef\",\"sl\":\"couteau-a-filet-flexible-8-34-22-cm-sanelli-49025\",\"sn\":\"\",\"idxP\":5},{\"mq\":\"Sanelli\",\"nm\":\"Couteau \u00E0 pain 12 1\\\/2\\\" \\\/ 32 cm\",\"nme\":\"Bread Knife 12 1\\\/2\\\" \\\/ 32 cm\",\"attr\":\"\",\"sku\":\"49031\",\"l2\":\"Couteau de chef\",\"sl\":\"couteau-a-pain-12-12-32-cm-sanelli-49031\",\"sn\":\"\",\"idxP\":4},{\"mq\":\"Lapaco\",\"nm\":\"Moule \u00E0 doublure cannel\u00E9e 3 1\\\/4\u201D x 2\u201D\",\"nme\":\"Pan Liner 3 1\\\/4\u201D x 2\u201D\",\"attr\":\"\",\"sku\":\"27325\",\"l2\":\"Accessoire de p\u00E2tisserie\",\"sl\":\"moule-a-doublure-cannelee-3-14-x-2-lapaco-27325\",\"sn\":\"moules\",\"idxP\":14},{\"mq\":\"Sanelli\",\"nm\":\"Couteau \u00E0 jambon 12 1\\\/2\\\" \\\/ 32 cm\",\"nme\":\"Ham Knife 12 1\\\/2\\\" \\\/ 32 cm\",\"attr\":\"\",\"sku\":\"49027\",\"l2\":\"Couteau de chef\",\"sl\":\"couteau-a-jambon-12-12-32-cm-sanelli-49027\",\"sn\":\"\",\"idxP\":4},{\"mq\":\"Lapaco\",\"nm\":\"Moule \u00E0 g\u00E2teau blanc tulipe moyen\",\"nme\":\"Tulip Baking Cup Medium White\",\"attr\":\"\",\"sku\":\"27300\",\"l2\":\"Accessoire de p\u00E2tisserie\",\"sl\":\"moule-a-gateau-blanc-tulipe-moyen-lapaco-27300\",\"sn\":\"moules\",\"idxP\":7},{\"mq\":\"Lapaco\",\"nm\":\"Moule \u00E0 doublure cannel\u00E9e 6 7\\\/8\u201D x 2 7\\\/8\u201D\",\"nme\":\"Pan Liner 6 7\\\/8\u201D x 2 7\\\/8\u201D\",\"attr\":\"\",\"sku\":\"27322\",\"l2\":\"Accessoire de p\u00E2tisserie\",\"sl\":\"moule-a-doublure-cannelee-6-78-x-2-78-lapaco-27322\",\"sn\":\"moules\",\"idxP\":4},{\"mq\":\"Sanelli\",\"nm\":\"Couteau \u00E0 pain flexible 12 1\\\/2\\\" \\\/ 32 cm\",\"nme\":\"Flexible Bread Knife 12 1\\\/2\\\" \\\/ 32 cm\",\"attr\":\"\",\"sku\":\"49033\",\"l2\":\"Couteau de chef\",\"sl\":\"couteau-a-pain-flexible-12-12-32-cm-sanelli-49033\",\"sn\":\"\",\"idxP\":3},{\"mq\":\"Bios\",\"nm\":\"Minuteur ACL standard\",\"nme\":\"LCD Standard Timer\",\"attr\":\"\",\"sku\":\"27389\",\"l2\":\"Ustensiles et accessoires\",\"sl\":\"minuteur-acl-standard-bios-27389\",\"sn\":\"\",\"idxP\":18},{\"mq\":\"Bios\",\"nm\":\"Thermom\u00E8tre num\u00E9rique pour friture\",\"nme\":\"Digital Thermometer for Frying\",\"attr\":\"\",\"sku\":\"27399\",\"l2\":\"Ustensiles et accessoires\",\"sl\":\"thermometre-numerique-pour-friture-bios-27399\",\"sn\":\"\",\"idxP\":18},{\"mq\":\"Lapaco\",\"nm\":\"Moule \u00E0 g\u00E2teau rouge tulipe grand\",\"nme\":\"Tulip Baking Cup Large Red\",\"attr\":\"\",\"sku\":\"27303\",\"l2\":\"Accessoire de p\u00E2tisserie\",\"sl\":\"moule-a-gateau-rouge-tulipe-grand-lapaco-27303\",\"sn\":\"moules\",\"idxP\":5},{\"mq\":\"Sanelli\",\"nm\":\"Couteau \u00E0 filet flexible 7'' \\\/ 18 cm\",\"nme\":\"Flexible Fillet Knife 7'' \\\/ 18 cm\",\"attr\":\"\",\"sku\":\"49024\",\"l2\":\"Couteau de chef\",\"sl\":\"couteau-a-filet-flexible-7-18-cm-sanelli-49024\",\"sn\":\"\",\"idxP\":5},{\"mq\":\"Bios\",\"nm\":\"Thermom\u00E8tre num\u00E9rique de poche\",\"nme\":\"Pocket Digital Thermometer\",\"attr\":\"\",\"sku\":\"27408\",\"l2\":\"Ustensiles et accessoires\",\"sl\":\"thermometre-numerique-de-poche-bios-27408\",\"sn\":\"\",\"idxP\":13},{\"mq\":\"Bios\",\"nm\":\"Thermom\u00E8tre \u00E0 cadran 1\\\" \\\/ 2,5 cm\",\"nme\":\"Dial Thermometer 1'' \\\/ 2.5 cm\",\"attr\":\"\",\"sku\":\"27391\",\"l2\":\"Ustensiles et accessoires\",\"sl\":\"thermometre-a-cadran-1-25-cm-bios-27391\",\"sn\":\"\",\"idxP\":14},{\"mq\":\"Bios\",\"nm\":\"Thermom\u00E8tre \u00E0 bonbon ou friture\",\"nme\":\"Candy and Frying Thermometer\",\"attr\":\"\",\"sku\":\"27404\",\"l2\":\"Ustensiles et accessoires\",\"sl\":\"thermometre-a-bonbon-ou-friture-bios-27404\",\"sn\":\"\",\"idxP\":14},{\"mq\":\"Bios\",\"nm\":\"Thermom\u00E8tre \u00E0 four 3\\\" \\\/ 7,5 cm\",\"nme\":\"Oven Thermometer 3\\\"\\\/ 7,5 cm\",\"attr\":\"\",\"sku\":\"27421\",\"l2\":\"Ustensiles et accessoires\",\"sl\":\"thermometre-a-four-3-75-cm-bios-27421\",\"sn\":\"\",\"idxP\":12},{\"mq\":\"Lapaco\",\"nm\":\"Moule \u00E0 g\u00E2teau blanc tulipe grand\",\"nme\":\"Tulip Baking Cup Large White\",\"attr\":\"\",\"sku\":\"27301\",\"l2\":\"Accessoire de p\u00E2tisserie\",\"sl\":\"moule-a-gateau-blanc-tulipe-grand-lapaco-27301\",\"sn\":\"moules\",\"idxP\":8},{\"mq\":\"Bios\",\"nm\":\"Thermom\u00E8tre pendant \u00E0 r\u00E9frig\u00E9rateur et cong\u00E9lateur\",\"nme\":\"Hangin Fridge and Freezer Thermometer\",\"attr\":\"\",\"sku\":\"27387\",\"l2\":\"Ustensiles et accessoires\",\"sl\":\"thermometre-pendant-a-refrigerateur-et-congelateur-bios-27387\",\"sn\":\"\",\"idxP\":20},{\"mq\":\"Lapaco\",\"nm\":\"Moule \u00E0 g\u00E2teau brun 450187\",\"nme\":\"Brown Baking Cup 450187\",\"attr\":\"\",\"sku\":\"27356\",\"l2\":\"Accessoire de p\u00E2tisserie\",\"sl\":\"moule-a-gateau-brun-450187-lapaco-27356\",\"sn\":\"moules\",\"idxP\":33},{\"mq\":\"Bios\",\"nm\":\"Thermom\u00E8tre num\u00E9rique de poche\",\"nme\":\"Dial Pocket Thermometer\",\"attr\":\"\",\"sku\":\"27393\",\"l2\":\"Ustensiles et accessoires\",\"sl\":\"thermometre-numerique-de-poche-bios-27393\",\"sn\":\"\",\"idxP\":13},{\"mq\":\"Bios\",\"nm\":\"Balance portable 10 lb \\\/ 5000 g\",\"nme\":\"Portable Scale 10 lb \\\/ 5000 g\",\"attr\":\"\",\"sku\":\"27406\",\"l2\":\"Accessoire de cuisine\",\"sl\":\"balance-portable-10-lb-5000-g-bios-27406\",\"sn\":\"\",\"idxP\":9},{\"mq\":\"Lapaco\",\"nm\":\"Moule \u00E0 doublure cannel\u00E9e ronde 7 3\\\/4\\\"\",\"nme\":\"Round Pan Liner 7 3\\\/4\\\"\",\"attr\":\"\",\"sku\":\"27337\",\"l2\":\"Accessoire de p\u00E2tisserie\",\"sl\":\"moule-a-doublure-cannelee-ronde-7-34-lapaco-27337\",\"sn\":\"moules\",\"idxP\":3},{\"mq\":\"Bios\",\"nm\":\"Thermom\u00E8tre r\u00E9frig\u00E9rateur cong\u00E9lateur haute gamme\",\"nme\":\"Fridge and Freezer Thermometer\",\"attr\":\"\",\"sku\":\"27388\",\"l2\":\"Ustensiles et accessoires\",\"sl\":\"thermometre-refrigerateur-congelateur-haute-gamme-bios-27388\",\"sn\":\"\",\"idxP\":18},{\"mq\":\"Bios\",\"nm\":\"Thermom\u00E8tre \u00E0 infra-rouge\",\"nme\":\"Infra-red Thermometer\",\"attr\":\"\",\"sku\":\"27394\",\"l2\":\"Ustensiles et accessoires\",\"sl\":\"thermometre-a-infra-rouge-bios-27394\",\"sn\":\"\",\"idxP\":7},{\"mq\":\"Bios\",\"nm\":\"Thermom\u00E8tre num\u00E9rique de poche \u00E9tanche\",\"nme\":\"Waterproof Pocket Digital Thermometer\",\"attr\":\"\",\"sku\":\"27407\",\"l2\":\"Ustensiles et accessoires\",\"sl\":\"thermometre-numerique-de-poche-etanche-bios-27407\",\"sn\":\"\",\"idxP\":26},{\"mq\":\"Lapaco\",\"nm\":\"Moule \u00E0 doublure cannel\u00E9e 7 5\\\/16\u201D x 3 5\\\/16\u201D\",\"nme\":\"Pan Liner 7 5\\\/16\u201D x 3 5\\\/16\u201D\",\"attr\":\"\",\"sku\":\"27323\",\"l2\":\"Accessoire de p\u00E2tisserie\",\"sl\":\"moule-a-doublure-cannelee-7-516-x-3-516-lapaco-27323\",\"sn\":\"moules\",\"idxP\":3},{\"mq\":\"Bios\",\"nm\":\"Thermom\u00E8tre pour viande avec minuteur\",\"nme\":\"Meat Thermometer with Timer\",\"attr\":\"\",\"sku\":\"27397\",\"l2\":\"Ustensiles et accessoires\",\"sl\":\"thermometre-pour-viande-avec-minuteur-bios-27397\",\"sn\":\"\",\"idxP\":9},{\"mq\":\"Bios\",\"nm\":\"Thermom\u00E8tre analogue 1po\",\"nme\":\"Analog thermometer 1inch\",\"attr\":\"\",\"sku\":\"27390\",\"l2\":\"Ustensiles et accessoires\",\"sl\":\"thermometre-analogue-1po-bios-27390\",\"sn\":\"\",\"idxP\":13},{\"mq\":\"Sagetra\",\"nm\":\"Planche \u00E0 d\u00E9couper rouge 18\\\"x24\\\"\",\"nme\":\"Red Cutting Board 18\\\"x24\\\"\",\"attr\":\"\",\"sku\":\"24949\",\"l2\":\"Planche\",\"sl\":\"planche-a-decouper-rouge-18x24-sagetra-24949\",\"sn\":\"\",\"idxP\":21},{\"mq\":\"Sanelli\",\"nm\":\"Fusil \u00E0 aiguiser Oval 12\",\"nme\":\"Sharpening Steel Oval 12\\\"\",\"attr\":\"\",\"sku\":\"39702\",\"l2\":\"Couteau de chef\",\"sl\":\"fusil-a-aiguiser-oval-12-sanelli-39702\",\"sn\":\"\",\"idxP\":0},{\"mq\":\"Sagetra\",\"nm\":\"Pelle \u00E0 pizza en bois 14\\\"X16\\\" manche 36\\\"\",\"nme\":\"Wooden Pizza Peel 14\\\"x16\\\" Blade 36\\\"\",\"attr\":\"\",\"sku\":\"24940\",\"l2\":\"Accessoire pour pizza\",\"sl\":\"pelle-a-pizza-en-bois-14x16-manche-36-sagetra-24940\",\"sn\":\"\",\"idxP\":16},{\"mq\":\"Sagetra\",\"nm\":\"Cuill\u00E8re en inox 30 cm \\\/ 13''\",\"nme\":\"Stainless Steel Spoon 30 cm \\\/ 13 ''\",\"attr\":\"\",\"sku\":\"40105\",\"l2\":\"Ustensiles et accessoires\",\"sl\":\"cuillere-en-inox-30-cm-13-sagetra-40105\",\"sn\":\"\",\"idxP\":26},{\"mq\":\"Sagetra\",\"nm\":\"Planche \u00E0 d\u00E9couper brun 18\\\"x24\\\"\",\"nme\":\"Brown Cutting Board 18\\\"x24\\\"\",\"attr\":\"\",\"sku\":\"24950\",\"l2\":\"Planche\",\"sl\":\"planche-a-decouper-brun-18x24-sagetra-24950\",\"sn\":\"\",\"idxP\":13},{\"mq\":\"Orly\",\"nm\":\"Po\u00EAlon Strauss Quant 24cm \\\/ 9,45 \\\"\",\"nme\":\"Fry Pan Strauss Quant 24cm \\\/ 9.45\\\"\",\"attr\":\"\",\"sku\":\"38221\",\"l2\":\"Batterie de cuisine\",\"sl\":\"poelon-strauss-quant-24cm-945-orly-38221\",\"sn\":\"\",\"idxP\":14},{\"mq\":\"Orly\",\"nm\":\"Po\u00EAlon Strauss Quant 28cm\",\"nme\":\"Frypan Strauss Quant 28cm\",\"attr\":\"\",\"sku\":\"38223\",\"l2\":\"Batterie de cuisine\",\"sl\":\"poelon-strauss-quant-28cm-orly-38223\",\"sn\":\"\",\"idxP\":23},{\"mq\":\"Orly\",\"nm\":\"S\u00E9choir \u00E0 p\u00E2tes rouge 22 cm \\\/ 9\\\"\",\"nme\":\"Red Pasta Dryer 9\\\" \\\/ 22 cm\",\"attr\":\"\",\"sku\":\"38437\",\"l2\":\"Ustensiles et accessoires\",\"sl\":\"sechoir-a-pates-rouge-22-cm-9-orly-38437\",\"sn\":\"\",\"idxP\":17},{\"mq\":\"Sanelli\",\"nm\":\"Couteau de chef 12\\\" \\\/ 30 mm\",\"nme\":\"Cook's Knife 12\\\" \\\/ 30 mm\",\"attr\":\"\",\"sku\":\"39679\",\"l2\":\"Couteau de chef\",\"sl\":\"couteau-de-chef-12-30-mm-sanelli-39679\",\"sn\":\"\",\"idxP\":10},{\"mq\":\"Orly\",\"nm\":\"Po\u00EAlon Strauss Quant 30cm \\\/ 11,8\\\"\",\"nme\":\"Fry Pan Strauss Quant 30cm \\\/ 11,8\\\"\",\"attr\":\"\",\"sku\":\"38224\",\"l2\":\"Batterie de cuisine\",\"sl\":\"poelon-strauss-quant-30cm-118-orly-38224\",\"sn\":\"\",\"idxP\":28},{\"mq\":\"Sagetra\",\"nm\":\"Plateau 16 po. antid\u00E9rapant en polypropyl\u00E8ne\",\"nme\":\"Tray 16 in. non-slip polypropylene\",\"attr\":\"\",\"sku\":\"28673\",\"l2\":\"Service de table\",\"sl\":\"plateau-16-po.-antiderapant-en-polypropylene-sagetra-28673\",\"sn\":\"plateau\",\"idxP\":16},{\"mq\":\"Orly\",\"nm\":\"Po\u00EAlon grill carr\u00E9 28 cm\",\"nme\":\"Square Grill Frypan 28 cm\",\"attr\":\"\",\"sku\":\"38226\",\"l2\":\"Batterie de cuisine\",\"sl\":\"poelon-grill-carre-28-cm-orly-38226\",\"sn\":\"\",\"idxP\":10},{\"mq\":\"Orly\",\"nm\":\"Cr\u00EApi\u00E8re strauss quantanium IND 24cm\",\"nme\":\"24cm strauss quantanium IND pancake pan\",\"attr\":\"\",\"sku\":\"38228\",\"l2\":\"Batterie de cuisine\",\"sl\":\"crepiere-strauss-quantanium-ind-24cm-orly-38228\",\"sn\":\"\",\"idxP\":13},{\"mq\":\"Browne\",\"nm\":\"Assiette \u00E0 d\u00EEner 9\\\" \\\/ 23cm\",\"nme\":\"Palm dinner plate 9\\\" \\\/ 23 cm\",\"attr\":\"\",\"sku\":\"24639\",\"l2\":\"Vaisselle\",\"sl\":\"assiette-a-diner-9-23cm-browne-24639\",\"sn\":\"\",\"idxP\":34},{\"mq\":\"Browne\",\"nm\":\"Tasse haute Palm 7 oz \\\/ 206 ml\",\"nme\":\"Palm Tall Mug 7 oz \\\/ 206 ml\",\"attr\":\"\",\"sku\":\"24644\",\"l2\":\"Vaisselle\",\"sl\":\"tasse-haute-palm-7-oz-206-ml-browne-24644\",\"sn\":\"\",\"idxP\":22},{\"mq\":\"Global\",\"nm\":\"Couteau de chef 8,25\\\" \\\/ 21 cm\",\"nme\":\"Cooks Knife 8.25\\\" \\\/ 21 cm\",\"attr\":\"\",\"sku\":\"24295\",\"l2\":\"Couteau de chef\",\"sl\":\"couteau-de-chef-825-21-cm-global-24295\",\"sn\":\"\",\"idxP\":2},{\"mq\":\"Thermalloy\",\"nm\":\"Marmite en aluminium 32L\",\"nme\":\"Aluminium Standard Weight Stock Pot 32L\",\"attr\":\"\",\"sku\":\"39060\",\"l2\":\"Batterie de cuisine\",\"sl\":\"marmite-en-aluminium-32l-thermalloy-39060\",\"sn\":\"\",\"idxP\":18},{\"mq\":\"Thermalloy\",\"nm\":\"Marmite en aluminium 40 L\",\"nme\":\"Aluminium Standard Weight Stock Pot 60L\",\"attr\":\"\",\"sku\":\"39062\",\"l2\":\"Batterie de cuisine\",\"sl\":\"marmite-en-aluminium-40-l-thermalloy-39062\",\"sn\":\"\",\"idxP\":17},{\"mq\":\"Sagetra\",\"nm\":\"Pince tout usage noire 12'' \\\/ 0,9 mm\",\"nme\":\"Black Utility Tong 12\\\" \\\/ 0.9 mm\",\"attr\":\"\",\"sku\":\"25181\",\"l2\":\"Ustensiles et accessoires\",\"sl\":\"pince-tout-usage-noire-12-09-mm-sagetra-25181\",\"sn\":\"\",\"idxP\":22},{\"mq\":\"Thermalloy\",\"nm\":\"Marmite en aluminium 24L\",\"nme\":\"Aluminium Standard Weight Stock Pot 24L\",\"attr\":\"\",\"sku\":\"39056\",\"l2\":\"Batterie de cuisine\",\"sl\":\"marmite-en-aluminium-24l-thermalloy-39056\",\"sn\":\"\",\"idxP\":6},{\"mq\":\"Thermalloy\",\"nm\":\"Marmite en aluminium 20L\",\"nme\":\"Aluminium Standard Weight Stock Pot 20L\",\"attr\":\"\",\"sku\":\"39055\",\"l2\":\"Batterie de cuisine\",\"sl\":\"marmite-en-aluminium-20l-thermalloy-39055\",\"sn\":\"\",\"idxP\":10},{\"mq\":\"Orly\",\"nm\":\"Po\u00EAlon Strauss Quant 26cm\",\"nme\":\"Frypan Strauss Quant 26cm\",\"attr\":\"\",\"sku\":\"38222\",\"l2\":\"Batterie de cuisine\",\"sl\":\"poelon-strauss-quant-26cm-orly-38222\",\"sn\":\"\",\"idxP\":20},{\"mq\":\"Browne\",\"nm\":\"Assiette \u00E0 soupe  9\\\" \\\/ 23 cm\",\"nme\":\"Rim Soup Plate 9\\\" \\\/ 23 cm\",\"attr\":\"\",\"sku\":\"24640\",\"l2\":\"Vaisselle\",\"sl\":\"assiette-a-soupe-9-23-cm-browne-24640\",\"sn\":\"\",\"idxP\":54},{\"mq\":\"Browne\",\"nm\":\"Tasse blanche empilable Palm 7 oz\",\"nme\":\"Palm White Stacking Mug 7 oz\",\"attr\":\"\",\"sku\":\"24642\",\"l2\":\"Vaisselle\",\"sl\":\"tasse-blanche-empilable-palm-7-oz-browne-24642\",\"sn\":\"\",\"idxP\":50},{\"mq\":\"Browne\",\"nm\":\"Assiette \u00E0 pain 6,5 \\\/16cm Palm\",\"nme\":\"Palm bread plate 6.5\\\" \\\/ 16 cm\",\"attr\":\"\",\"sku\":\"24641\",\"l2\":\"Vaisselle\",\"sl\":\"assiette-a-pain-65-16cm-palm-browne-24641\",\"sn\":\"\",\"idxP\":64},{\"mq\":\"Thermalloy\",\"nm\":\"Marmite en aluminium 16L\",\"nme\":\"Aluminium Standard Weight Stock Pot 16L\",\"attr\":\"\",\"sku\":\"39054\",\"l2\":\"Batterie de cuisine\",\"sl\":\"marmite-en-aluminium-16l-thermalloy-39054\",\"sn\":\"\",\"idxP\":15},{\"mq\":\"Sanelli\",\"nm\":\"Premana Fourchette De Chef 13\",\"nme\":\"Premana Forged Carving Fork 13\\\"\",\"attr\":\"\",\"sku\":\"39699\",\"l2\":\"Ustensile de table\",\"sl\":\"premana-fourchette-de-chef-13-sanelli-39699\",\"sn\":\"\",\"idxP\":2},{\"mq\":\"Orly\",\"nm\":\"Po\u00EAlon Strauss Quant 20cm\",\"nme\":\"Frypan Strauss Quant 20cm\",\"attr\":\"\",\"sku\":\"38220\",\"l2\":\"Batterie de cuisine\",\"sl\":\"poelon-strauss-quant-20cm-orly-38220\",\"sn\":\"\",\"idxP\":21},{\"mq\":\"Browne\",\"nm\":\"Assiette \u00E0 d\u00EEner 10,4\\\" \\\/ 26,4 cm\",\"nme\":\"Dinner Plate 10.4\\\" \\\/ 26.4 cm\",\"attr\":\"\",\"sku\":\"24653\",\"l2\":\"Vaisselle\",\"sl\":\"assiette-a-diner-104-264-cm-browne-24653\",\"sn\":\"\",\"idxP\":35},{\"mq\":\"Browne\",\"nm\":\"Tasse blanche 8.5\\\"\",\"nme\":\"White Mug 8.5\\\"\",\"attr\":\"\",\"sku\":\"24651\",\"l2\":\"Vaisselle\",\"sl\":\"tasse-blanche-8.5-browne-24651\",\"sn\":\"\",\"idxP\":53},{\"mq\":\"Browne\",\"nm\":\"Soucoupe blanche 6\\\"\",\"nme\":\"Double Well White Saucer 6\\\"\",\"attr\":\"\",\"sku\":\"24652\",\"l2\":\"Vaisselle\",\"sl\":\"soucoupe-blanche-6-browne-24652\",\"sn\":\"\",\"idxP\":53},{\"mq\":\"Thermalloy\",\"nm\":\"Marmite en aluminium 12L\",\"nme\":\"Aluminium Standard Weight Stock Pot 12L\",\"attr\":\"\",\"sku\":\"39053\",\"l2\":\"Batterie de cuisine\",\"sl\":\"marmite-en-aluminium-12l-thermalloy-39053\",\"sn\":\"\",\"idxP\":12},{\"mq\":\"Thermalloy\",\"nm\":\"Marmite en aluminium 60 L\",\"nme\":\"Aluminium Standard Weight Stock Pot 60L\",\"attr\":\"\",\"sku\":\"39063\",\"l2\":\"Batterie de cuisine\",\"sl\":\"marmite-en-aluminium-60-l-thermalloy-39063\",\"sn\":\"\",\"idxP\":11},{\"mq\":\"Kayali\",\"nm\":\"Bol 9\\\"\",\"nme\":\"Bowl 9\\\"\",\"attr\":\"\",\"sku\":\"27970\",\"l2\":\"Vaisselle\",\"sl\":\"bol-9-kayali-27970\",\"sn\":\"\",\"idxP\":60},{\"mq\":\"Arco\",\"nm\":\"Linge \u00E0 vaisselle extra-large 24\\\"x34\\\"\",\"nme\":\"Extra Large Tea Towel 24\\\"x34\\\"\",\"attr\":\"\",\"sku\":\"22350\",\"l2\":\"Serviette et nappe\",\"sl\":\"linge-a-vaisselle-extra-large-24x34-arco-22350\",\"sn\":\"\",\"idxP\":26},{\"mq\":\"Kayali\",\"nm\":\"Bol carr\u00E9 6\\\"\",\"nme\":\"Square Bowl 6\\\"\",\"attr\":\"\",\"sku\":\"27957\",\"l2\":\"Vaisselle\",\"sl\":\"bol-carre-6-kayali-27957\",\"sn\":\"\",\"idxP\":22},{\"mq\":\"Orly\",\"nm\":\"\u00C9tuveuse Strauss 20 x 18 x 16 cm\",\"nme\":\"Strauss Steamer 20 x 18 x 16 cm\",\"attr\":\"\",\"sku\":\"27550\",\"l2\":\"Buffet\",\"sl\":\"etuveuse-strauss-20-x-18-x-16-cm-orly-27550\",\"sn\":\"\",\"idxP\":0},{\"mq\":\"Lapaco\",\"nm\":\"Petit moule \u00E0 g\u00E2teau tulipe rouge\",\"nme\":\"Small Red Tulip Mold Cake\",\"attr\":\"\",\"sku\":\"30697\",\"l2\":\"Verrerie\",\"sl\":\"petit-moule-a-gateau-tulipe-rouge-lapaco-30697\",\"sn\":\"moules\",\"idxP\":14},{\"mq\":\"Global\",\"nm\":\"Couteau \u00E0 d\u00E9sosser flexible 6,5\\\" \\\/ 16 cm\",\"nme\":\"Flexible Boning Knife 6.5\\\" \\\/ 16 cm\",\"attr\":\"\",\"sku\":\"24289\",\"l2\":\"Couteau de chef\",\"sl\":\"couteau-a-desosser-flexible-65-16-cm-global-24289\",\"sn\":\"\",\"idxP\":2},{\"mq\":\"Global\",\"nm\":\"Couteau \u00E0 fileter 8,5'' \\\/ 22 cm\",\"nme\":\"Swedish Fish Knife 8.5\\\" \\\/ 22 cm\",\"attr\":\"\",\"sku\":\"24293\",\"l2\":\"Couteau de chef\",\"sl\":\"couteau-a-fileter-85-22-cm-global-24293\",\"sn\":\"\",\"idxP\":3},{\"mq\":\"Global\",\"nm\":\"Couteau \u00E0 d\u00E9sosser 6,5\\\" \\\/ 16 cm\",\"nme\":\"Boning Knife 6.5\\\" \\\/ 16 cm\",\"attr\":\"\",\"sku\":\"24290\",\"l2\":\"Couteau de chef\",\"sl\":\"couteau-a-desosser-65-16-cm-global-24290\",\"sn\":\"\",\"idxP\":3},{\"mq\":\"Global\",\"nm\":\"Couteau \u00E0 r\u00F4ti 8,75\\\" \\\/ 22 cm\",\"nme\":\"Roast Slicer 8.75\\\" \\\/ 22 cm\",\"attr\":\"\",\"sku\":\"24294\",\"l2\":\"Couteau de chef\",\"sl\":\"couteau-a-roti-875-22-cm-global-24294\",\"sn\":\"\",\"idxP\":1},{\"mq\":\"Arco\",\"nm\":\"Prot\u00E8ge table en vinyle deluxe 52X108\\\"\",\"nme\":\"Delux Vinyl Tablepad 52\\\"x108\\\"\",\"attr\":\"\",\"sku\":\"24281\",\"l2\":\"Serviette et nappe\",\"sl\":\"protege-table-en-vinyle-deluxe-52x108-arco-24281\",\"sn\":\"\",\"idxP\":13},{\"mq\":\"Arco\",\"nm\":\"Prot\u00E8ge table en vinyle deluxe 52\\\"X90\\\"\",\"nme\":\"Delux Vinyl Tablepad 52\\\"x90\\\"\",\"attr\":\"\",\"sku\":\"24280\",\"l2\":\"Serviette et nappe\",\"sl\":\"protege-table-en-vinyle-deluxe-52x90-arco-24280\",\"sn\":\"\",\"idxP\":12}], [{\"mq\":\"Safdie\",\"nm\":\"Carafe village 1L\",\"nme\":\"Glass Carafe 1L\",\"attr\":\"\",\"sku\":\"27738\",\"l2\":\"Service de table\",\"sl\":\"carafe-village-1l-safdie-27738\",\"sn\":\"\",\"idxP\":7},{\"mq\":\"Kayali\",\"nm\":\"Carafe \u00E0 vin 1\\\/2 L\",\"nme\":\"Wine Carafe 1\\\/2 L\",\"attr\":\"\",\"sku\":\"43926\",\"l2\":\"Service de table\",\"sl\":\"carafe-a-vin-12-l-kayali-43926\",\"sn\":\"\",\"idxP\":18},{\"mq\":\"Kayali\",\"nm\":\"Verre \u00E0 bi\u00E8re 20,25 oz \\\/ 600 ml\",\"nme\":\"Beer Mug 20.25 oz \\\/ 600 ml\",\"attr\":\"\",\"sku\":\"23756\",\"l2\":\"Verrerie\",\"sl\":\"verre-a-biere-2025-oz-600-ml-kayali-23756\",\"sn\":\"\",\"idxP\":45},{\"mq\":\"Kayali\",\"nm\":\"Carafe \u00E0 vin\",\"nme\":\"Wine Carafe 1 L\",\"attr\":\"\",\"sku\":\"43925\",\"l2\":\"Service de table\",\"sl\":\"carafe-a-vin-kayali-43925\",\"sn\":\"\",\"idxP\":25},{\"mq\":\"Kayali\",\"nm\":\"Assiette rectangulaire en porcelaine 7\\\"x3\\\"\",\"nme\":\"Rectangular Porcelain Plate 7\\\"x3\\\"\",\"attr\":\"\",\"sku\":\"49393\",\"l2\":\"Vaisselle\",\"sl\":\"assiette-rectangulaire-en-porcelaine-7x3-kayali-49393\",\"sn\":\"\",\"idxP\":23},{\"mq\":\"Kayali\",\"nm\":\"Verre \u00E0 caf\u00E9 irlandais 8 oz\",\"nme\":\"Irish Coffee Glass 8oz\",\"attr\":\"\",\"sku\":\"05841\",\"l2\":\"Vaisselle\",\"sl\":\"verre-a-cafe-irlandais-8-oz-kayali-05841\",\"sn\":\"\",\"idxP\":24},{\"mq\":\"Arco\",\"nm\":\"Nappe vinyle transparente 60\\\" x 90\\\"\",\"nme\":\"Clear Vinyl Tablecloth 60\\\" x 90\\\"\",\"attr\":\"\",\"sku\":\"22316\",\"l2\":\"Serviette et nappe\",\"sl\":\"nappe-vinyle-transparente-60-x-90-arco-22316\",\"sn\":\"transparent\",\"idxP\":14},{\"mq\":\"Sagetra\",\"nm\":\"Bouteille \u00E0 pression rouge 12oz \\\/ 340ml\",\"nme\":\"Squeeze Red Bottle 12oz \\\/ 340ml\",\"attr\":\"\",\"sku\":\"28061\",\"l2\":\"Contenant et pot\",\"sl\":\"bouteille-a-pression-rouge-12oz-340ml-sagetra-28061\",\"sn\":\"\",\"idxP\":22},{\"mq\":\"Sagetra\",\"nm\":\"Fouet piano 30,5cm \\\/ 12 ''\",\"nme\":\"Piano Wire Whisks 30.5cm \\\/ 12''\",\"attr\":\"\",\"sku\":\"28067\",\"l2\":\"Ustensiles et accessoires\",\"sl\":\"fouet-piano-305cm-12-sagetra-28067\",\"sn\":\"\",\"idxP\":20},{\"mq\":\"Arco\",\"nm\":\"Nappe vinyle transparente 52\\\" x 70\\\"\",\"nme\":\"Clear Vinyl Tablecloth 52\\\" x 70\\\"\",\"attr\":\"\",\"sku\":\"22315\",\"l2\":\"Serviette et nappe\",\"sl\":\"nappe-vinyle-transparente-52-x-70-arco-22315\",\"sn\":\"transparent\",\"idxP\":13},{\"mq\":\"Labell\",\"nm\":\"Planche avec poign\u00E9e 6\\\"x30\\\"x3\\\/4\\\"\",\"nme\":\"Paddle Board 6\\\"x30\\\"x3\\\/4\\\"\",\"attr\":\"\",\"sku\":\"25925\",\"l2\":\"Planche\",\"sl\":\"planche-avec-poignee-6x30x34-labell-25925\",\"sn\":\"\",\"idxP\":15},{\"mq\":\"Labell\",\"nm\":\"Grattoir en bois pour barbecue 18\\\"\",\"nme\":\"BBQ Wood Scraper 18\\\"\",\"attr\":\"\",\"sku\":\"25813\",\"l2\":\"Ustensiles et accessoires\",\"sl\":\"grattoir-en-bois-pour-barbecue-18-labell-25813\",\"sn\":\"BBQ\",\"idxP\":9},{\"mq\":\"Sagetra\",\"nm\":\"Fouet piano 10'' \\\/ 25cm\",\"nme\":\"Piano Wire Whips 10\\\" \\\/ 25cm\",\"attr\":\"\",\"sku\":\"28069\",\"l2\":\"Ustensiles et accessoires\",\"sl\":\"fouet-piano-10-25cm-sagetra-28069\",\"sn\":\"\",\"idxP\":24},{\"mq\":\"Arco\",\"nm\":\"Nappe ronde vinyle transparente 60\\\"\",\"nme\":\"Clear Round Vinyl Tablecloth 60\\\"\",\"attr\":\"\",\"sku\":\"22322\",\"l2\":\"Serviette et nappe\",\"sl\":\"nappe-ronde-vinyle-transparente-60-arco-22322\",\"sn\":\"transparent\",\"idxP\":9},{\"mq\":\"Adamo\",\"nm\":\"Spatule droite en inox 26''\",\"nme\":\"Stainless Steel Straight Spatula 26''\",\"attr\":\"\",\"sku\":\"26035\",\"l2\":\"Ustensiles et accessoires\",\"sl\":\"spatule-droite-en-inox-26-adamo-26035\",\"sn\":\"\",\"idxP\":13},{\"mq\":\"Sagetra\",\"nm\":\"Bouteille \u00E0 pression rouge 24oz \\\/ 750ml\",\"nme\":\"Squeeze Red Bottle 24oz \\\/ 750ml\",\"attr\":\"\",\"sku\":\"28058\",\"l2\":\"Contenant et pot\",\"sl\":\"bouteille-a-pression-rouge-24oz-750ml-sagetra-28058\",\"sn\":\"\",\"idxP\":26},{\"mq\":\"Sagetra\",\"nm\":\"Bouteille \u00E0 pression jaune12oz \\\/ 350ml\",\"nme\":\"Squeeze Yellow Bottle 12oz \\\/ 350ml\",\"attr\":\"\",\"sku\":\"28065\",\"l2\":\"Contenant et pot\",\"sl\":\"bouteille-a-pression-jaune12oz-350ml-sagetra-28065\",\"sn\":\"\",\"idxP\":23},{\"mq\":\"Trudeau\",\"nm\":\"Rondelles caoutchouc Fido 9 cm \\\/ 3 3\\\/4\\\" x6\",\"nme\":\"Fido Rubber Rings 9 cm \\\/ 3 3\\\/4\\\" x6\",\"attr\":\"\",\"sku\":\"27647\",\"l2\":\"Contenant et pot\",\"sl\":\"rondelles-caoutchouc-fido-9-cm-3-34-x6-trudeau-27647\",\"sn\":\"\",\"idxP\":19},{\"mq\":\"Sagetra\",\"nm\":\"Fouet fran\u00E7ais 35,5cm \\\/ 14 ''\",\"nme\":\"French Hotel Whisks 35.5cm \\\/ 14 ''\",\"attr\":\"\",\"sku\":\"28072\",\"l2\":\"Ustensiles et accessoires\",\"sl\":\"fouet-francais-355cm-14-sagetra-28072\",\"sn\":\"\",\"idxP\":16},{\"mq\":\"Arco\",\"nm\":\"Nappe vinyle transparente 60\\\"x108\\\"\",\"nme\":\"Clear Vinyl Tablecloth 60\\\"x108\\\"\",\"attr\":\"\",\"sku\":\"22320\",\"l2\":\"Serviette et nappe\",\"sl\":\"nappe-vinyle-transparente-60x108-arco-22320\",\"sn\":\"transparent\",\"idxP\":16},{\"mq\":\"Sagetra\",\"nm\":\"Fouet piano 14\\\" \\\/ 35,5cm\",\"nme\":\"Piano Wire Whisks 14\\\" \\\/ 35.5cm\",\"attr\":\"\",\"sku\":\"28066\",\"l2\":\"Ustensiles et accessoires\",\"sl\":\"fouet-piano-14-355cm-sagetra-28066\",\"sn\":\"\",\"idxP\":22},{\"mq\":\"Sagetra\",\"nm\":\"Fouet fran\u00E7ais 25cm \\\/ 10''\",\"nme\":\"French Hotel Whisks 25cm \\\/ 10 ''\",\"attr\":\"\",\"sku\":\"28070\",\"l2\":\"Ustensiles et accessoires\",\"sl\":\"fouet-francais-25cm-10-sagetra-28070\",\"sn\":\"\",\"idxP\":27},{\"mq\":\"Adamo\",\"nm\":\"Presse pur\u00E9e en acier 15\\\"\",\"nme\":\"Potato Masher 15\\\"\",\"attr\":\"\",\"sku\":\"26031\",\"l2\":\"Ustensiles et accessoires\",\"sl\":\"presse-puree-en-acier-15-adamo-26031\",\"sn\":\"\",\"idxP\":11},{\"mq\":\"Sagetra\",\"nm\":\"Bouteille \u00E0 pression jaune 24oz \\\/ 700ml\",\"nme\":\"Squeeze Yellow Bottle 24oz \\\/ 700ml\",\"attr\":\"\",\"sku\":\"28062\",\"l2\":\"Contenant et pot\",\"sl\":\"bouteille-a-pression-jaune-24oz-700ml-sagetra-28062\",\"sn\":\"\",\"idxP\":27},{\"mq\":\"Sagetra\",\"nm\":\"Fouet fran\u00E7ais 30cm \\\/ 12''\",\"nme\":\"French Hotel Whisks 30cm \\\/ 12''\",\"attr\":\"\",\"sku\":\"28071\",\"l2\":\"Ustensiles et accessoires\",\"sl\":\"fouet-francais-30cm-12-sagetra-28071\",\"sn\":\"\",\"idxP\":16},{\"mq\":\"Arco\",\"nm\":\"Nappe vinyle transparente 60\\\" x 120\\\"\",\"nme\":\"Clear Vinyl Tablecloth 60\\\" x 120\\\"\",\"attr\":\"\",\"sku\":\"22321\",\"l2\":\"Serviette et nappe\",\"sl\":\"nappe-vinyle-transparente-60-x-120-arco-22321\",\"sn\":\"transparent\",\"idxP\":10},{\"mq\":\"Adamo\",\"nm\":\"Planche \u00E0 gnocchi 20.5cm\",\"nme\":\"Gnocchi Cutting Board 20.5 cm\",\"attr\":\"\",\"sku\":\"26037\",\"l2\":\"Planche\",\"sl\":\"planche-a-gnocchi-20.5cm-adamo-26037\",\"sn\":\"\",\"idxP\":13},{\"mq\":\"Labell\",\"nm\":\"Planche avec poign\u00E9e 6\\\"x20\\\"x3\\\/4\\\"\",\"nme\":\"Paddle Board 6\\\"x20\\\"x3\\\/4\\\"\",\"attr\":\"\",\"sku\":\"25924\",\"l2\":\"Planche\",\"sl\":\"planche-avec-poignee-6x20x34-labell-25924\",\"sn\":\"\",\"idxP\":10},{\"mq\":\"Danesco\",\"nm\":\"Boule \u00E0 th\u00E9 1,75\\\"\",\"nme\":\"Tea Ball 1.75''\",\"attr\":\"\",\"sku\":\"25107\",\"l2\":\"Service de table\",\"sl\":\"boule-a-the-175-danesco-25107\",\"sn\":\"\",\"idxP\":17},{\"mq\":\"Browne\",\"nm\":\"Fourchette \u00E0 d\u00EEner windsor\",\"nme\":\"Windsor Dinner Fork\",\"attr\":\"\",\"sku\":\"23978\",\"l2\":\"Ustensile de table\",\"sl\":\"fourchette-a-diner-windsor-browne-23978\",\"sn\":\"\",\"idxP\":33},{\"mq\":\"Danesco\",\"nm\":\"Th\u00E9i\u00E8re \u00E0 infusion 22 oz \\\/ 650 ml\",\"nme\":\"Infusing Teapot 22 oz \\\/ 650 ml\",\"attr\":\"\",\"sku\":\"26758\",\"l2\":\"Service de table\",\"sl\":\"theiere-a-infusion-22-oz-650-ml-danesco-26758\",\"sn\":\"\",\"idxP\":14},{\"mq\":\"Sagetra\",\"nm\":\"Bouteille \u00E0 pression transparente12 oz \\\/ 340 ml\",\"nme\":\"Bottle Clear plastic 12 oz\",\"attr\":\"\",\"sku\":\"21414\",\"l2\":\"Contenant et pot\",\"sl\":\"bouteille-a-pression-transparente12-oz-340-ml-sagetra-21414\",\"sn\":\"transparent\",\"idxP\":67},{\"mq\":\"Danesco\",\"nm\":\"Th\u00E9i\u00E8re \u00E0 infusion noire 22 oz \\\/ 650 ml\",\"nme\":\"Infusingblack Tea Pot 22 oz \\\/ 650 ml\",\"attr\":\"\",\"sku\":\"26759\",\"l2\":\"Service de table\",\"sl\":\"theiere-a-infusion-noire-22-oz-650-ml-danesco-26759\",\"sn\":\"\",\"idxP\":11},{\"mq\":\"Browne\",\"nm\":\"Fourchette \u00E0 d\u00EEner royal\",\"nme\":\"Royal Dinner Fork\",\"attr\":\"\",\"sku\":\"23984\",\"l2\":\"Ustensile de table\",\"sl\":\"fourchette-a-diner-royal-browne-23984\",\"sn\":\"\",\"idxP\":32},{\"mq\":\"Orly\",\"nm\":\"Couvercle 26cm verre tremp\u00E9\",\"nme\":\"Tempered Glass Lid Strauss Titan 26cm\",\"attr\":\"\",\"sku\":\"38248\",\"l2\":\"Batterie de cuisine\",\"sl\":\"couvercle-26cm-verre-trempe-orly-38248\",\"sn\":\"\",\"idxP\":12},{\"mq\":\"Sagetra\",\"nm\":\"Cartouches N20 \u00E0 cr\u00E8me Chantilly\",\"nme\":\"Whipping Cream N2O Cartridges\",\"attr\":\"\",\"sku\":\"28355\",\"l2\":\"Accessoire de p\u00E2tisserie\",\"sl\":\"cartouches-n20-a-creme-chantilly-sagetra-28355\",\"sn\":\"\",\"idxP\":47},{\"mq\":\"Orly\",\"nm\":\"Couvercle 30cm verre tremp\u00E9\",\"nme\":\"Tempered Glass Lid Strauss Titan 30cm\",\"attr\":\"\",\"sku\":\"38251\",\"l2\":\"Batterie de cuisine\",\"sl\":\"couvercle-30cm-verre-trempe-orly-38251\",\"sn\":\"\",\"idxP\":16},{\"mq\":\"Orly\",\"nm\":\"Couvercle 28cm verre tremp\u00E9\",\"nme\":\"Tempered Glass Lid Strauss Titan 28cm\",\"attr\":\"\",\"sku\":\"38249\",\"l2\":\"Batterie de cuisine\",\"sl\":\"couvercle-28cm-verre-trempe-orly-38249\",\"sn\":\"\",\"idxP\":14},{\"mq\":\"Victorinox\",\"nm\":\"Couteau trancheur dentel\u00E9 10\\\"\",\"nme\":\"Wavy Slicer Knife 10\\\"\",\"attr\":\"\",\"sku\":\"38626\",\"l2\":\"Couteau de chef\",\"sl\":\"couteau-trancheur-dentele-10-victorinox-38626\",\"sn\":\"\",\"idxP\":5},{\"mq\":\"Victorinox\",\"nm\":\"Couteau d'office 4\\\" noir\",\"nme\":\"Black Paring Knife 4\\\"\",\"attr\":\"\",\"sku\":\"38640\",\"l2\":\"Couteau de chef\",\"sl\":\"couteau-doffice-4-noir-victorinox-38640\",\"sn\":\"\",\"idxP\":44},{\"mq\":\"Trudeau\",\"nm\":\"Ensemble de 2 verres double paroi 17 oz\",\"nme\":\"Set of 2 Double Wall Glasses 500 ML\",\"attr\":\"\",\"sku\":\"27616\",\"l2\":\"Verrerie\",\"sl\":\"ensemble-de-2-verres-double-paroi-17-oz-trudeau-27616\",\"sn\":\"\",\"idxP\":16},{\"mq\":\"Trudeau\",\"nm\":\"Presse ail inox rouge\",\"nme\":\"Garlic Press\",\"attr\":\"\",\"sku\":\"35389\",\"l2\":\"Ustensiles et accessoires\",\"sl\":\"presse-ail-inox-rouge-trudeau-35389\",\"sn\":\"\",\"idxP\":21},{\"mq\":\"Victorinox\",\"nm\":\"Couteau du chef 10\\\"\",\"nme\":\"Chef's Knife 10\\\"\",\"attr\":\"\",\"sku\":\"38621\",\"l2\":\"Couteau de chef\",\"sl\":\"couteau-du-chef-10-victorinox-38621\",\"sn\":\"\",\"idxP\":14},{\"mq\":\"Victorinox\",\"nm\":\"Couteau d'office 3 1\\\/4\\\" noir\",\"nme\":\"Black Paring Knife 3 1\\\/4\\\"\",\"attr\":\"\",\"sku\":\"38639\",\"l2\":\"Couteau de chef\",\"sl\":\"couteau-doffice-3-14-noir-victorinox-38639\",\"sn\":\"\",\"idxP\":50},{\"mq\":\"Trudeau\",\"nm\":\"Bouteille d'huile\",\"nme\":\"Oil Bottle 400 ml\",\"attr\":\"\",\"sku\":\"27636\",\"l2\":\"Service de table\",\"sl\":\"bouteille-dhuile-trudeau-27636\",\"sn\":\"\",\"idxP\":21},{\"mq\":\"Trudeau\",\"nm\":\"Ensemble de 2 verres \u00E0 double paroi 11 oz\",\"nme\":\"Set of 2 Double Wall Glasses 325 ML\",\"attr\":\"\",\"sku\":\"27617\",\"l2\":\"Verrerie\",\"sl\":\"ensemble-de-2-verres-a-double-paroi-11-oz-trudeau-27617\",\"sn\":\"\",\"idxP\":21},{\"mq\":\"Trudeau\",\"nm\":\"Moulin \u00E0 poivre professionel\",\"nme\":\"Professional Pepper Mill 23 cm\",\"attr\":\"\",\"sku\":\"27633\",\"l2\":\"Service de table\",\"sl\":\"moulin-a-poivre-professionel-trudeau-27633\",\"sn\":\"\",\"idxP\":7},{\"mq\":\"Trudeau\",\"nm\":\"Pot en verre avec clip Fido 5 L \\\/ 169 oz\",\"nme\":\"Fido Glass Jar with Clip 5 L \\\/ 169 oz\",\"attr\":\"\",\"sku\":\"27643\",\"l2\":\"Contenant et pot\",\"sl\":\"pot-en-verre-avec-clip-fido-5-l-169-oz-trudeau-27643\",\"sn\":\"\",\"idxP\":20},{\"mq\":\"Victorinox\",\"nm\":\"Couteau d'office 3 1\\\/4\\\" rouge\",\"nme\":\"Red Paring Knife 3 1\\\/4\\\"\",\"attr\":\"\",\"sku\":\"38642\",\"l2\":\"Couteau de chef\",\"sl\":\"couteau-doffice-3-14-rouge-victorinox-38642\",\"sn\":\"\",\"idxP\":43},{\"mq\":\"Trudeau\",\"nm\":\"Pot en verre avec clip Fido 3 L \\\/ 101 1\\\/2 oz\",\"nme\":\"Fido Glass Jar with Clip 3 L \\\/ 101 1\\\/2 oz\",\"attr\":\"\",\"sku\":\"27641\",\"l2\":\"Contenant et pot\",\"sl\":\"pot-en-verre-avec-clip-fido-3-l-101-12-oz-trudeau-27641\",\"sn\":\"\",\"idxP\":11},{\"mq\":\"Starfrit\",\"nm\":\"Extracteur \u00E0 jus sur base \u00C9co\",\"nme\":\"Juice Extractor with Base Eco\",\"attr\":\"\u00C9cologique\",\"sku\":\"28535\",\"l2\":\"Ustensiles et accessoires\",\"sl\":\"extracteur-a-jus-sur-base-eco-starfrit-28535\",\"sn\":\"\",\"idxP\":9},{\"mq\":\"Victorinox\",\"nm\":\"Couteau d\u00E9sosseur rigide courb\u00E9 6\\\"\",\"nme\":\"Still Boning Knife 6\\\"\",\"attr\":\"\",\"sku\":\"38631\",\"l2\":\"Couteau de chef\",\"sl\":\"couteau-desosseur-rigide-courbe-6-victorinox-38631\",\"sn\":\"\",\"idxP\":7},{\"mq\":\"Victorinox\",\"nm\":\"Couteau d'office 4\\\" rouge\",\"nme\":\"Red Paring Knife 4\\\"\",\"attr\":\"\",\"sku\":\"38644\",\"l2\":\"Couteau de chef\",\"sl\":\"couteau-doffice-4-rouge-victorinox-38644\",\"sn\":\"\",\"idxP\":51},{\"mq\":\"Trudeau\",\"nm\":\"Br\u00FBleur \u00E0 fondue s\u00E9curitaire\",\"nme\":\"Safety fondue burner\",\"attr\":\"\",\"sku\":\"21467\",\"l2\":\"Buffet\",\"sl\":\"bruleur-a-fondue-securitaire-trudeau-21467\",\"sn\":\"\",\"idxP\":10},{\"mq\":\"Starfrit\",\"nm\":\"Ensemble de 2 planches \u00E0 d\u00E9couper \u00C9co\",\"nme\":\"Set of 2 Cutting Boards\",\"attr\":\"\u00C9cologique\",\"sku\":\"28533\",\"l2\":\"Planche\",\"sl\":\"ensemble-de-2-planches-a-decouper-eco-starfrit-28533\",\"sn\":\"\",\"idxP\":12},{\"mq\":\"Starfrit\",\"nm\":\"Spatule \u00E0 bocaux en silicone\",\"nme\":\"Silicone Jar Spatula\",\"attr\":\"\",\"sku\":\"28542\",\"l2\":\"Ustensiles et accessoires\",\"sl\":\"spatule-a-bocaux-en-silicone-starfrit-28542\",\"sn\":\"\",\"idxP\":11},{\"mq\":\"Victorinox\",\"nm\":\"Couteau d'office 3 1\\\/4\\\" manche noir\",\"nme\":\"Black Handle Paring Knife 3 1\\\/4\\\"\",\"attr\":\"\",\"sku\":\"38638\",\"l2\":\"Couteau de chef\",\"sl\":\"couteau-doffice-3-14-manche-noir-victorinox-38638\",\"sn\":\"\",\"idxP\":22},{\"mq\":\"Trudeau\",\"nm\":\"Pince pour raclette\",\"nme\":\"Raclette tongs\",\"attr\":\"\",\"sku\":\"28492\",\"l2\":\"Ustensiles et accessoires\",\"sl\":\"pince-pour-raclette-trudeau-28492\",\"sn\":\"\",\"idxP\":20},{\"mq\":\"Conglom\",\"nm\":\"Ensemble de traiteur 31 morceaux\",\"nme\":\"Catering Set 31 Pieces\",\"attr\":\"\",\"sku\":\"27935\",\"l2\":\"Buffet\",\"sl\":\"ensemble-de-traiteur-31-morceaux-conglom-27935\",\"sn\":\"\",\"idxP\":39},{\"mq\":\"Starfrit\",\"nm\":\"Pince en silicone 9\\\"\",\"nme\":\"Silicone Tongs 9''\",\"attr\":\"\",\"sku\":\"28544\",\"l2\":\"Ustensiles et accessoires\",\"sl\":\"pince-en-silicone-9-starfrit-28544\",\"sn\":\"\",\"idxP\":19},{\"mq\":\"Starfrit\",\"nm\":\"Tranche oeuf\",\"nme\":\"Egg Slicer\",\"attr\":\"\",\"sku\":\"28584\",\"l2\":\"Ustensiles et accessoires\",\"sl\":\"tranche-oeuf-starfrit-28584\",\"sn\":\"oeufs\",\"idxP\":8},{\"mq\":\"Starfrit\",\"nm\":\"Marguerite \u00E0 l\u00E9gumes\",\"nme\":\"Vegetable Steamer\",\"attr\":\"\",\"sku\":\"28598\",\"l2\":\"Batterie de cuisine\",\"sl\":\"marguerite-a-legumes-starfrit-28598\",\"sn\":\"\",\"idxP\":15},{\"mq\":\"Starfrit\",\"nm\":\"Presse-hamburger\",\"nme\":\"Hamburger Press\",\"attr\":\"\",\"sku\":\"28586\",\"l2\":\"Ustensiles et accessoires\",\"sl\":\"presse-hamburger-starfrit-28586\",\"sn\":\"\",\"idxP\":8},{\"mq\":\"Starfrit\",\"nm\":\"Bouilloire \u00E9lectrique 1,7 L\",\"nme\":\"1.7 L Electric Kettle\",\"attr\":\"\",\"sku\":\"28592\",\"l2\":\"Service de table\",\"sl\":\"bouilloire-electrique-17-l-starfrit-28592\",\"sn\":\"\",\"idxP\":11},{\"mq\":\"Starfrit\",\"nm\":\"Contenant fra\u00EEcheur \u00E0 fines herbes\",\"nme\":\"Herb Keeper\",\"attr\":\"\",\"sku\":\"28614\",\"l2\":\"Contenant et pot\",\"sl\":\"contenant-fraicheur-a-fines-herbes-starfrit-28614\",\"sn\":\"\",\"idxP\":13},{\"mq\":\"Starfrit\",\"nm\":\"Sac isotherme \u00E0 bouteille de vin\",\"nme\":\"Wine Bottle Insulated Bag\",\"attr\":\"\",\"sku\":\"28596\",\"l2\":\"Ustensiles et accessoires\",\"sl\":\"sac-isotherme-a-bouteille-de-vin-starfrit-28596\",\"sn\":\"\",\"idxP\":1},{\"mq\":\"Starfrit\",\"nm\":\"Aspirateur de table\",\"nme\":\"Table Cleaner\",\"attr\":\"\",\"sku\":\"28629\",\"l2\":\"Service de table\",\"sl\":\"aspirateur-de-table-starfrit-28629\",\"sn\":\"\",\"idxP\":11},{\"mq\":\"Starfrit\",\"nm\":\"R\u00E2pe carr\u00E9e 4 faces\",\"nme\":\"4 Sided Box Grater\",\"attr\":\"\",\"sku\":\"28600\",\"l2\":\"Ustensiles et accessoires\",\"sl\":\"rape-carree-4-faces-starfrit-28600\",\"sn\":\"\",\"idxP\":27},{\"mq\":\"Starfrit\",\"nm\":\"Ensemble de moules \u00E0 chaussons\",\"nme\":\"Dough Press Set\",\"attr\":\"\",\"sku\":\"28599\",\"l2\":\"Ustensiles et accessoires\",\"sl\":\"ensemble-de-moules-a-chaussons-starfrit-28599\",\"sn\":\"moules\",\"idxP\":20},{\"mq\":\"Trudeau\",\"nm\":\"Tire-bouchon de sommelier\",\"nme\":\"Waiter Corkscrew\",\"attr\":\"\",\"sku\":\"28899\",\"l2\":\"Ustensiles et accessoires\",\"sl\":\"tire-bouchon-de-sommelier-trudeau-28899\",\"sn\":\"\",\"idxP\":14},{\"mq\":\"Trudeau\",\"nm\":\"Bouchon \u00E0 vin extensible\",\"nme\":\"Expandable Wine Stopper\",\"attr\":\"\",\"sku\":\"28916\",\"l2\":\"Ustensiles et accessoires\",\"sl\":\"bouchon-a-vin-extensible-trudeau-28916\",\"sn\":\"\",\"idxP\":20},{\"mq\":\"Trudeau\",\"nm\":\"Carafe 25 cl\",\"nme\":\"Carafe 25 cl\",\"attr\":\"\",\"sku\":\"28914\",\"l2\":\"Service de table\",\"sl\":\"carafe-25-cl-trudeau-28914\",\"sn\":\"\",\"idxP\":18},{\"mq\":\"Kayali\",\"nm\":\"Bol carr\u00E9 10\\\"\",\"nme\":\"Square Bowl 10 \\\"\",\"attr\":\"\",\"sku\":\"28898\",\"l2\":\"Vaisselle\",\"sl\":\"bol-carre-10-kayali-28898\",\"sn\":\"\",\"idxP\":1},{\"mq\":\"Trudeau\",\"nm\":\"Verres \u00E0 vin Serene 12,5oz \\\/ 350ml\",\"nme\":\"Serene Glass Wine 12.5 oz \\\/ 350 ml\",\"attr\":\"\",\"sku\":\"28959\",\"l2\":\"Verrerie\",\"sl\":\"verres-a-vin-serene-125oz-350ml-trudeau-28959\",\"sn\":\"\",\"idxP\":46},{\"mq\":\"Kayali\",\"nm\":\"Assiette rectangulaire 13.5\\\"x7.5\\\"\",\"nme\":\"Rectangular Plate 13.5\\\"x7.5\\\"\",\"attr\":\"\",\"sku\":\"28945\",\"l2\":\"Vaisselle\",\"sl\":\"assiette-rectangulaire-13.5x7.5-kayali-28945\",\"sn\":\"\",\"idxP\":28},{\"mq\":\"Trudeau\",\"nm\":\"Moulin \u00E0 sel professionnel 15cm\",\"nme\":\"Salt Mill 15 cm\",\"attr\":\"\",\"sku\":\"28950\",\"l2\":\"Service de table\",\"sl\":\"moulin-a-sel-professionnel-15cm-trudeau-28950\",\"sn\":\"commercial\",\"idxP\":8},{\"mq\":\"Trudeau\",\"nm\":\"M\u00E9langeur \u00E0 cocktail en verre 600 ml\",\"nme\":\"Glass Cocktail Shaker\",\"attr\":\"\",\"sku\":\"28944\",\"l2\":\"Ustensiles et accessoires\",\"sl\":\"melangeur-a-cocktail-en-verre-600-ml-trudeau-28944\",\"sn\":\"\",\"idxP\":11},{\"mq\":\"Kayali\",\"nm\":\"Assiette rectangulaire 10\\\"x5.5\\\"\",\"nme\":\"Rectangular Plate 10\\\"x5.5\\\"\",\"attr\":\"\",\"sku\":\"28943\",\"l2\":\"Vaisselle\",\"sl\":\"assiette-rectangulaire-10x5.5-kayali-28943\",\"sn\":\"\",\"idxP\":30},{\"mq\":\"Trudeau\",\"nm\":\"Carafe 1,8 L\",\"nme\":\"Carafe 1.8 L\",\"attr\":\"\",\"sku\":\"28913\",\"l2\":\"Service de table\",\"sl\":\"carafe-18-l-trudeau-28913\",\"sn\":\"\",\"idxP\":21},{\"mq\":\"Trudeau\",\"nm\":\"Bouchon \u00E0 mousseux\",\"nme\":\"Sparkling Wine Stopper\",\"attr\":\"\",\"sku\":\"28918\",\"l2\":\"Ustensiles et accessoires\",\"sl\":\"bouchon-a-mousseux-trudeau-28918\",\"sn\":\"\",\"idxP\":17},{\"mq\":\"Trudeau\",\"nm\":\"Sali\u00E8re professionnelle 15 cm\",\"nme\":\"Salt Shaker 15 cm\",\"attr\":\"\",\"sku\":\"28956\",\"l2\":\"Service de table\",\"sl\":\"saliere-professionnelle-15-cm-trudeau-28956\",\"sn\":\"commercial\",\"idxP\":7},{\"mq\":\"Trudeau\",\"nm\":\"Moulin \u00E0 poivre acrylique 15cm\",\"nme\":\"Professional Acrylic Pepper Mill 15 cm\",\"attr\":\"\",\"sku\":\"28974\",\"l2\":\"Service de table\",\"sl\":\"moulin-a-poivre-acrylique-15cm-trudeau-28974\",\"sn\":\"\",\"idxP\":8},{\"mq\":\"Adamo\",\"nm\":\"Zesteur en acier inoxydable 20.5cm\",\"nme\":\"Stainless Steel Zester 20.5cm\",\"attr\":\"\",\"sku\":\"29019\",\"l2\":\"Ustensiles et accessoires\",\"sl\":\"zesteur-en-acier-inoxydable-20.5cm-adamo-29019\",\"sn\":\"\",\"idxP\":27},{\"mq\":\"Trudeau\",\"nm\":\"Beurrier en verre avec couvercle\",\"nme\":\"Glass Butter Dish\",\"attr\":\"\",\"sku\":\"28958\",\"l2\":\"Service de table\",\"sl\":\"beurrier-en-verre-avec-couvercle-trudeau-28958\",\"sn\":\"\",\"idxP\":13},{\"mq\":\"Trudeau\",\"nm\":\"Tire-bouchon \u00E0 levier\",\"nme\":\"Wing Corkscrew\",\"attr\":\"\",\"sku\":\"28897\",\"l2\":\"Ustensiles et accessoires\",\"sl\":\"tire-bouchon-a-levier-trudeau-28897\",\"sn\":\"\",\"idxP\":15},{\"mq\":\"Trudeau\",\"nm\":\"Carafe 55 cl\",\"nme\":\"Carafe 55 cl\",\"attr\":\"\",\"sku\":\"28915\",\"l2\":\"Service de table\",\"sl\":\"carafe-55-cl-trudeau-28915\",\"sn\":\"\",\"idxP\":15},{\"mq\":\"Trudeau\",\"nm\":\"Bouchon \u00E0 vin extensible 8,25 cm\",\"nme\":\"Expandable Wine Stopper 8.25 cm\",\"attr\":\"\",\"sku\":\"28920\",\"l2\":\"Ustensiles et accessoires\",\"sl\":\"bouchon-a-vin-extensible-825-cm-trudeau-28920\",\"sn\":\"\",\"idxP\":15},{\"mq\":\"Trudeau\",\"nm\":\"Pilon \u00E0 cocktail en bois\",\"nme\":\"Wood Cocktail Muddler\",\"attr\":\"\",\"sku\":\"28917\",\"l2\":\"Ustensiles et accessoires\",\"sl\":\"pilon-a-cocktail-en-bois-trudeau-28917\",\"sn\":\"\",\"idxP\":21},{\"mq\":\"Kayali\",\"nm\":\"Assiette carr\u00E9e 10,75\\\"\",\"nme\":\"Square Plate 10.75\\\"\",\"attr\":\"\",\"sku\":\"28947\",\"l2\":\"Vaisselle\",\"sl\":\"assiette-carree-1075-kayali-28947\",\"sn\":\"\",\"idxP\":10},{\"mq\":\"Trudeau\",\"nm\":\"Entonnoir \u00E0 conserve en plastique\",\"nme\":\"Plastic Canning Funnel\",\"attr\":\"\",\"sku\":\"28966\",\"l2\":\"Ustensiles et accessoires\",\"sl\":\"entonnoir-a-conserve-en-plastique-trudeau-28966\",\"sn\":\"\",\"idxP\":14},{\"mq\":\"Trudeau\",\"nm\":\"Verres sans pied Bohemia 12oz \\\/ 350ml x4\",\"nme\":\"Bohemia Stemless Glass 12 oz \\\/ 350 ml x4\",\"attr\":\"\",\"sku\":\"28985\",\"l2\":\"Verrerie\",\"sl\":\"verres-sans-pied-bohemia-12oz-350ml-x4-trudeau-28985\",\"sn\":\"\",\"idxP\":15},{\"mq\":\"Trudeau\",\"nm\":\"Moulin \u00E0 sel vintage 18cm\",\"nme\":\"Vintage Salt Mill\",\"attr\":\"\",\"sku\":\"28977\",\"l2\":\"Service de table\",\"sl\":\"moulin-a-sel-vintage-18cm-trudeau-28977\",\"sn\":\"\",\"idxP\":6},{\"mq\":\"Adamo\",\"nm\":\"Spatule \u00E0 tarte\",\"nme\":\"Pie Spatula\",\"attr\":\"\",\"sku\":\"29000\",\"l2\":\"Ustensiles et accessoires\",\"sl\":\"spatule-a-tarte-adamo-29000\",\"sn\":\"\",\"idxP\":0},{\"mq\":\"Kayali\",\"nm\":\"Assiette carr\u00E9 blanche 6,5\\\"\",\"nme\":\"White Square Plate 6.5\\\"\",\"attr\":\"\",\"sku\":\"21244\",\"l2\":\"Vaisselle\",\"sl\":\"assiette-carre-blanche-65-kayali-21244\",\"sn\":\"\",\"idxP\":45},{\"mq\":\"Kayali\",\"nm\":\"Assiette rectangle 14,25\\\"x6\\\"\",\"nme\":\"Rectangle Plate 14.25\\\"x6\\\"\",\"attr\":\"\",\"sku\":\"21263\",\"l2\":\"Vaisselle\",\"sl\":\"assiette-rectangle-1425x6-kayali-21263\",\"sn\":\"\",\"idxP\":20},{\"mq\":\"Trudeau\",\"nm\":\"M\u00E9langeur \u00E0 cocktail en inox 750 ml\",\"nme\":\"Stainless Steel Shaker 750 ML\",\"attr\":\"\",\"sku\":\"28919\",\"l2\":\"Ustensiles et accessoires\",\"sl\":\"melangeur-a-cocktail-en-inox-750-ml-trudeau-28919\",\"sn\":\"\",\"idxP\":23},{\"mq\":\"Kayali\",\"nm\":\"Assiette \u00E0 Risotto 11,25\\\"\",\"nme\":\"Risotto Plate 11.25\\\"\",\"attr\":\"\",\"sku\":\"28912\",\"l2\":\"Vaisselle\",\"sl\":\"assiette-a-risotto-1125-kayali-28912\",\"sn\":\"\",\"idxP\":22},{\"mq\":\"Trudeau\",\"nm\":\"Contenant en inox isol\u00E9 sous-vide 15oz \\\/ 450ml\",\"nme\":\"Stain Steel Vacuum Insulated Container 15oz\\\/450 ml\",\"attr\":\"\",\"sku\":\"28963\",\"l2\":\"Contenant et pot\",\"sl\":\"contenant-en-inox-isole-sous-vide-15oz-450ml-trudeau-28963\",\"sn\":\"\",\"idxP\":6},{\"mq\":\"Adamo\",\"nm\":\"Cuill\u00E8re pleine \u00E0 service acier inoxydable\",\"nme\":\"Full serving spoon stainless steel\",\"attr\":\"\",\"sku\":\"28993\",\"l2\":\"Ustensiles et accessoires\",\"sl\":\"cuillere-pleine-a-service-acier-inoxydable-adamo-28993\",\"sn\":\"\",\"idxP\":11},{\"mq\":\"Adamo\",\"nm\":\"Tasse \u00E0 caf\u00E9 10oz\",\"nme\":\"Coffee Mug 10oz\",\"attr\":\"\",\"sku\":\"29029\",\"l2\":\"Vaisselle\",\"sl\":\"tasse-a-cafe-10oz-adamo-29029\",\"sn\":\"\",\"idxP\":10},{\"mq\":\"Trudeau\",\"nm\":\"Ensemble de 6 fl\u00FBtes \u00E0 champagne 220 ml\",\"nme\":\"Set of 6 Champagne Flutes\",\"attr\":\"\",\"sku\":\"28960\",\"l2\":\"Verrerie\",\"sl\":\"ensemble-de-6-flutes-a-champagne-220-ml-trudeau-28960\",\"sn\":\"\",\"idxP\":31},{\"mq\":\"Adamo\",\"nm\":\"Ciseaux pour fines herbes\",\"nme\":\"Herbs Scissors\",\"attr\":\"\",\"sku\":\"28989\",\"l2\":\"Ustensiles et accessoires\",\"sl\":\"ciseaux-pour-fines-herbes-adamo-28989\",\"sn\":\"\",\"idxP\":8},{\"mq\":\"Kayali\",\"nm\":\"Assiette carr\u00E9 blanche 10.25\\\"\",\"nme\":\"White Square Plate 10.25\\\"\",\"attr\":\"\",\"sku\":\"21246\",\"l2\":\"Vaisselle\",\"sl\":\"assiette-carre-blanche-10.25-kayali-21246\",\"sn\":\"\",\"idxP\":29},{\"mq\":\"Trudeau\",\"nm\":\"Verres sans pied Bohemia 17oz \\\/ 500ml x4\",\"nme\":\"Bohemia Stemless Glass 17 oz \\\/ 500 ml x4\",\"attr\":\"\",\"sku\":\"28984\",\"l2\":\"Verrerie\",\"sl\":\"verres-sans-pied-bohemia-17oz-500ml-x4-trudeau-28984\",\"sn\":\"\",\"idxP\":12},{\"mq\":\"Adamo\",\"nm\":\"Cuill\u00E8re de service trou\u00E9e\",\"nme\":\"Slotted Service Spoon\",\"attr\":\"\",\"sku\":\"28994\",\"l2\":\"Ustensiles et accessoires\",\"sl\":\"cuillere-de-service-trouee-adamo-28994\",\"sn\":\"\",\"idxP\":6},{\"mq\":\"Kayali\",\"nm\":\"Bol carr\u00E9 5,5\\\"\",\"nme\":\"Square Bowl 5.5\\\"\",\"attr\":\"\",\"sku\":\"21256\",\"l2\":\"Vaisselle\",\"sl\":\"bol-carre-55-kayali-21256\",\"sn\":\"\",\"idxP\":31},{\"mq\":\"Kayali\",\"nm\":\"Assiette rectangle 14\\\"x4\\\"\",\"nme\":\"Rectangle Plate 14\\\"x4\\\"\",\"attr\":\"\",\"sku\":\"21268\",\"l2\":\"Vaisselle\",\"sl\":\"assiette-rectangle-14x4-kayali-21268\",\"sn\":\"\",\"idxP\":17},{\"mq\":\"Adamo\",\"nm\":\"Assiette \u00E0 pain 19cm\",\"nme\":\"Bread Plate 19cm\",\"attr\":\"\",\"sku\":\"29027\",\"l2\":\"Vaisselle\",\"sl\":\"assiette-a-pain-19cm-adamo-29027\",\"sn\":\"\",\"idxP\":38},{\"mq\":\"Adamo\",\"nm\":\"Cafeti\u00E8re \u00E0 moka 3 tasses\",\"nme\":\"3 Cups Aluminum Moka Coffee Maker\",\"attr\":\"\",\"sku\":\"29040\",\"l2\":\"Service de table\",\"sl\":\"cafetiere-a-moka-3-tasses-adamo-29040\",\"sn\":\"\",\"idxP\":17},{\"mq\":\"Adamo\",\"nm\":\"Tartineur en silicone 21 cm\",\"nme\":\"Silicone Spreader 21 cm\",\"attr\":\"\",\"sku\":\"29056\",\"l2\":\"Ustensile de table\",\"sl\":\"tartineur-en-silicone-21-cm-adamo-29056\",\"sn\":\"\",\"idxP\":13},{\"mq\":\"Trudeau\",\"nm\":\"Moulin \u00E0 poivre et sali\u00E8re Maya 15cm\",\"nme\":\"Maya pepper mill & salt shaker 15cm\",\"attr\":\"\",\"sku\":\"28975\",\"l2\":\"Service de table\",\"sl\":\"moulin-a-poivre-et-saliere-maya-15cm-trudeau-28975\",\"sn\":\"\",\"idxP\":10},{\"mq\":\"Kayali\",\"nm\":\"Assiette rectangle 11\\\"x6,75\\\"\",\"nme\":\"Rectangle Plate 11\\\"x6.75\\\"\",\"attr\":\"\",\"sku\":\"21251\",\"l2\":\"Vaisselle\",\"sl\":\"assiette-rectangle-11x675-kayali-21251\",\"sn\":\"\",\"idxP\":36},{\"mq\":\"Adamo\",\"nm\":\"Assiette \u00E0 d\u00EEner 27cm\",\"nme\":\"Dinner Plate 27cm\",\"attr\":\"\",\"sku\":\"29025\",\"l2\":\"Vaisselle\",\"sl\":\"assiette-a-diner-27cm-adamo-29025\",\"sn\":\"\",\"idxP\":37},{\"mq\":\"Adamo\",\"nm\":\"Assiette \u00E0 fromage 35cm x 26cm\",\"nme\":\"Cheese Plate 35cm x 26cm\",\"attr\":\"\",\"sku\":\"29035\",\"l2\":\"Vaisselle\",\"sl\":\"assiette-a-fromage-35cm-x-26cm-adamo-29035\",\"sn\":\"fromages\",\"idxP\":11},{\"mq\":\"Adamo\",\"nm\":\"Spatule \u00E0 tourner en acier inoxydable\",\"nme\":\"Stainless Steel Turner Spatula\",\"attr\":\"\",\"sku\":\"29062\",\"l2\":\"Ustensiles et accessoires\",\"sl\":\"spatule-a-tourner-en-acier-inoxydable-adamo-29062\",\"sn\":\"\",\"idxP\":11},{\"mq\":\"Kayali\",\"nm\":\"Bol profond 9\\\"\",\"nme\":\"Deep Bowl 9\\\"\",\"attr\":\"\",\"sku\":\"21298\",\"l2\":\"Vaisselle\",\"sl\":\"bol-profond-9-kayali-21298\",\"sn\":\"\",\"idxP\":22},{\"mq\":\"Adamo\",\"nm\":\"Cafeti\u00E8re \u00E0 moka 12 tasses\",\"nme\":\"12 Cups Aluminum Moka Coffee Maker\",\"attr\":\"\",\"sku\":\"29043\",\"l2\":\"Service de table\",\"sl\":\"cafetiere-a-moka-12-tasses-adamo-29043\",\"sn\":\"\",\"idxP\":13},{\"mq\":\"Adamo\",\"nm\":\"Spatule \u00E0 tourner en silicone 21 cm\",\"nme\":\"Silicone Flat Spatula 21cm\",\"attr\":\"\",\"sku\":\"29053\",\"l2\":\"Ustensiles et accessoires\",\"sl\":\"spatule-a-tourner-en-silicone-21-cm-adamo-29053\",\"sn\":\"\",\"idxP\":22},{\"mq\":\"Adamo\",\"nm\":\"Cuill\u00E8re \u00E0 rainure en acier inoxydable\",\"nme\":\"Stainless Steel Slotted Spoon\",\"attr\":\"\",\"sku\":\"29660\",\"l2\":\"Ustensiles et accessoires\",\"sl\":\"cuillere-a-rainure-en-acier-inoxydable-adamo-29660\",\"sn\":\"\",\"idxP\":12},{\"mq\":\"Adamo\",\"nm\":\"\u00C9cumoire en acier inoxydable\",\"nme\":\"Stainless Steel Skimmer\",\"attr\":\"\",\"sku\":\"29064\",\"l2\":\"Ustensiles et accessoires\",\"sl\":\"ecumoire-en-acier-inoxydable-adamo-29064\",\"sn\":\"\",\"idxP\":8},{\"mq\":\"Adamo\",\"nm\":\"Assiette \u00E0 fromage 35cm x 18cm\",\"nme\":\"Cheese Plate 35cm x18cm\",\"attr\":\"\",\"sku\":\"29034\",\"l2\":\"Vaisselle\",\"sl\":\"assiette-a-fromage-35cm-x-18cm-adamo-29034\",\"sn\":\"fromages\",\"idxP\":12},{\"mq\":\"Adamo\",\"nm\":\"Cafeti\u00E8re \u00E0 moka 6 tasses\",\"nme\":\"6 Cups Aluminum Moka Coffee Maker\",\"attr\":\"\",\"sku\":\"29041\",\"l2\":\"Service de table\",\"sl\":\"cafetiere-a-moka-6-tasses-adamo-29041\",\"sn\":\"\",\"idxP\":19},{\"mq\":\"Adamo\",\"nm\":\"Pilon \u00E0 pomme de terre en acier inoxydable\",\"nme\":\"Stainless Steel Potato Masher\",\"attr\":\"\",\"sku\":\"29065\",\"l2\":\"Ustensiles et accessoires\",\"sl\":\"pilon-a-pomme-de-terre-en-acier-inoxydable-adamo-29065\",\"sn\":\"pommes\",\"idxP\":9},{\"mq\":\"Adamo\",\"nm\":\"Louche de service\",\"nme\":\"Ladle Service\",\"attr\":\"\",\"sku\":\"28999\",\"l2\":\"Ustensiles et accessoires\",\"sl\":\"louche-de-service-adamo-28999\",\"sn\":\"\",\"idxP\":15},{\"mq\":\"Kayali\",\"nm\":\"Bol \u00E0 pates 10\\\"\",\"nme\":\"Pasta Bowl 10\\\"\",\"attr\":\"\",\"sku\":\"21299\",\"l2\":\"Vaisselle\",\"sl\":\"bol-a-pates-10-kayali-21299\",\"sn\":\"\",\"idxP\":21},{\"mq\":\"Adamo\",\"nm\":\"\u00C9cailleur de poisson\",\"nme\":\"Fish Scaler\",\"attr\":\"\",\"sku\":\"29033\",\"l2\":\"Ustensiles et accessoires\",\"sl\":\"ecailleur-de-poisson-adamo-29033\",\"sn\":\"\",\"idxP\":10},{\"mq\":\"Adamo\",\"nm\":\"Assiette \u00E0 fromage 35cm x 10cm\",\"nme\":\"Cheese Plate 35cm x 10cm\",\"attr\":\"\",\"sku\":\"29036\",\"l2\":\"Vaisselle\",\"sl\":\"assiette-a-fromage-35cm-x-10cm-adamo-29036\",\"sn\":\"fromages\",\"idxP\":10},{\"mq\":\"Kayali\",\"nm\":\"Assiette ronde specialit\u00E9 10\\\"\",\"nme\":\"Round Specialty Plate 10\\\"\",\"attr\":\"\",\"sku\":\"21279\",\"l2\":\"Vaisselle\",\"sl\":\"assiette-ronde-specialite-10-kayali-21279\",\"sn\":\"\",\"idxP\":19},{\"mq\":\"Adamo\",\"nm\":\"Louche silicone 21 cm\",\"nme\":\"Silicone Ladle 21 cm\",\"attr\":\"\",\"sku\":\"29058\",\"l2\":\"Ustensiles et accessoires\",\"sl\":\"louche-silicone-21-cm-adamo-29058\",\"sn\":\"\",\"idxP\":15},{\"mq\":\"Adamo\",\"nm\":\"Louche en acier inoxydable\",\"nme\":\"Stainless Steel Ladle\",\"attr\":\"\",\"sku\":\"29063\",\"l2\":\"Ustensiles et accessoires\",\"sl\":\"louche-en-acier-inoxydable-adamo-29063\",\"sn\":\"\",\"idxP\":10},{\"mq\":\"Adamo\",\"nm\":\"Mini pince 7\\\"\",\"nme\":\"Mini Tong 7\\\"\",\"attr\":\"\",\"sku\":\"29047\",\"l2\":\"Ustensiles et accessoires\",\"sl\":\"mini-pince-7-adamo-29047\",\"sn\":\"\",\"idxP\":40},{\"mq\":\"Adamo\",\"nm\":\"Cafeti\u00E8re \u00E0 moka 9 tasses\",\"nme\":\"9 Cups Aluminum Moka Coffee Maker\",\"attr\":\"\",\"sku\":\"29042\",\"l2\":\"Service de table\",\"sl\":\"cafetiere-a-moka-9-tasses-adamo-29042\",\"sn\":\"\",\"idxP\":19},{\"mq\":\"Danesco\",\"nm\":\"Ramequinx4 6oz\\\/175ml\",\"nme\":\"Ramekins 6 oz\\\/175ml ml x 4\",\"attr\":\"\",\"sku\":\"29160\",\"l2\":\"Vaisselle\",\"sl\":\"ramequinx4-6oz175ml-danesco-29160\",\"sn\":\"\",\"idxP\":14},{\"mq\":\"Danesco\",\"nm\":\"Pot \u00E0 cr\u00E8me porcelaine blanche 120 ml \\\/ 4 oz\",\"nme\":\"White Porcelain Creamer 120 ml \\\/ 4 oz\",\"attr\":\"\",\"sku\":\"29167\",\"l2\":\"Service de table\",\"sl\":\"pot-a-creme-porcelaine-blanche-120-ml-4-oz-danesco-29167\",\"sn\":\"\",\"idxP\":14},{\"mq\":\"Danesco\",\"nm\":\"Ramequinx4 12oz\\\/355ml\",\"nme\":\"Ramekinsx4 12oz\\\/355ml\",\"attr\":\"\",\"sku\":\"29161\",\"l2\":\"Vaisselle\",\"sl\":\"ramequinx4-12oz355ml-danesco-29161\",\"sn\":\"\",\"idxP\":23},{\"mq\":\"Safdie\",\"nm\":\"Verre old fashion carr\u00E9 x6\",\"nme\":\"Square Old Fashion Glass x6\",\"attr\":\"\",\"sku\":\"29236\",\"l2\":\"Verrerie\",\"sl\":\"verre-old-fashion-carre-x6-safdie-29236\",\"sn\":\"\",\"idxP\":19},{\"mq\":\"Sagetra\",\"nm\":\"R\u00E9cipient bain-marie rond 4 Qt \\\/ 6 1\\\/2\\\"\",\"nme\":\"Round Steam Table Inset 4 Qt \\\/ 6 1\\\/2\\\"\",\"attr\":\"\",\"sku\":\"29275\",\"l2\":\"Buffet\",\"sl\":\"recipient-bain-marie-rond-4-qt-6-12-sagetra-29275\",\"sn\":\"\",\"idxP\":13},{\"mq\":\"Oxo Danesco\",\"nm\":\"Bouteille compressible 16oz\",\"nme\":\"Squeeze Bottle 16 oz \\\/ 473 ml\",\"attr\":\"\",\"sku\":\"29184\",\"l2\":\"Contenant et pot\",\"sl\":\"bouteille-compressible-16oz-oxo-danesco-29184\",\"sn\":\"\",\"idxP\":78},{\"mq\":\"Sagetra\",\"nm\":\"R\u00E9cipient bain-marie rond 7 Qt \\\/ 8 1\\\/2\\\"\",\"nme\":\"Round Steam Table Inset 7 Qt \\\/ 8 1\\\/2\\\"\",\"attr\":\"\",\"sku\":\"29276\",\"l2\":\"Buffet\",\"sl\":\"recipient-bain-marie-rond-7-qt-8-12-sagetra-29276\",\"sn\":\"\",\"idxP\":14},{\"mq\":\"Oxo Danesco\",\"nm\":\"Bouteille compressible 6 oz \\\/ 175 ml\",\"nme\":\"Squeeze Bottle 6 oz \\\/ 175 ml\",\"attr\":\"\",\"sku\":\"29182\",\"l2\":\"Contenant et pot\",\"sl\":\"bouteille-compressible-6-oz-175-ml-oxo-danesco-29182\",\"sn\":\"\",\"idxP\":72},{\"mq\":\"Danesco\",\"nm\":\"Panier \u00E0 \u00E9tuver bamboo 20 cm \\\/ 8 \\\"\",\"nme\":\"Bamboo Steamer 20 cm \\\/ 8 \\\"\",\"attr\":\"\",\"sku\":\"29201\",\"l2\":\"Batterie de cuisine\",\"sl\":\"panier-a-etuver-bamboo-20-cm-8-danesco-29201\",\"sn\":\"\",\"idxP\":15},{\"mq\":\"Danesco\",\"nm\":\"Pince miniature en bamboo\",\"nme\":\"Mini Bamboo Tong\",\"attr\":\"\u00C9cologique\",\"sku\":\"29203\",\"l2\":\"Ustensiles et accessoires\",\"sl\":\"pince-miniature-en-bamboo-danesco-29203\",\"sn\":\"\",\"idxP\":21},{\"mq\":\"Danesco\",\"nm\":\"Bouteille \u00E0 vinaigre blanche 300 ml \\\/ 10 oz\",\"nme\":\"Vinegar Bottle 300 ml \\\/ 10 oz\",\"attr\":\"\",\"sku\":\"29165\",\"l2\":\"Service de table\",\"sl\":\"bouteille-a-vinaigre-blanche-300-ml-10-oz-danesco-29165\",\"sn\":\"\",\"idxP\":13},{\"mq\":\"Danesco\",\"nm\":\"Mortier et pilon 13 cm \\\/ 5,75 \\\"\",\"nme\":\"Mortar and Pestle 13 cm \\\/ 5.75 \\\"\",\"attr\":\"\",\"sku\":\"29199\",\"l2\":\"Ustensile de table\",\"sl\":\"mortier-et-pilon-13-cm-575-danesco-29199\",\"sn\":\"\",\"idxP\":11},{\"mq\":\"Danesco\",\"nm\":\"Bouteille \u00E0 huile blanche 450 ml \\\/ 16 oz\",\"nme\":\"White Oil Bottle 450 ml \\\/ 16 oz\",\"attr\":\"\",\"sku\":\"29163\",\"l2\":\"Service de table\",\"sl\":\"bouteille-a-huile-blanche-450-ml-16-oz-danesco-29163\",\"sn\":\"\",\"idxP\":16},{\"mq\":\"Danesco\",\"nm\":\"Beurrier carr\u00E9 blanc 11,5 cm \\\/ 4,5\\\"\",\"nme\":\"Square White Butter Dish 11.5 cm \\\/ 4.5\\\"\",\"attr\":\"\",\"sku\":\"29169\",\"l2\":\"Service de table\",\"sl\":\"beurrier-carre-blanc-115-cm-45-danesco-29169\",\"sn\":\"\",\"idxP\":9},{\"mq\":\"Danesco\",\"nm\":\"Bol \u00E0 trempette 9,5 cm \\\/ 3,5\\\"\",\"nme\":\"Dipping Bowl 9.5 cm \\\/ 3.5 \\\"\",\"attr\":\"\",\"sku\":\"29212\",\"l2\":\"Vaisselle\",\"sl\":\"bol-a-trempette-95-cm-35-danesco-29212\",\"sn\":\"\",\"idxP\":23},{\"mq\":\"Danesco\",\"nm\":\"Contenant pour ustensiles\",\"nme\":\"Ustensil Holder\",\"attr\":\"\",\"sku\":\"29162\",\"l2\":\"Ustensile de table\",\"sl\":\"contenant-pour-ustensiles-danesco-29162\",\"sn\":\"\",\"idxP\":5},{\"mq\":\"Danesco\",\"nm\":\"Wok 35 cm \\\/ 14 \\\"\",\"nme\":\"Wok 35 cm \\\/ 14 \\\"\",\"attr\":\"\",\"sku\":\"29200\",\"l2\":\"Batterie de cuisine\",\"sl\":\"wok-35-cm-14-danesco-29200\",\"sn\":\"\",\"idxP\":31},{\"mq\":\"Danesco\",\"nm\":\"Cuill\u00E8re \u00E0 soupe Lotus\",\"nme\":\"Soup Spoon Lotus\",\"attr\":\"\",\"sku\":\"29213\",\"l2\":\"Vaisselle\",\"sl\":\"cuillere-a-soupe-lotus-danesco-29213\",\"sn\":\"\",\"idxP\":34},{\"mq\":\"Sagetra\",\"nm\":\"Cr\u00E9mier 5 oz \\\/ 147 ml\",\"nme\":\"Creamers 5 oz \\\/ 148 ml\",\"attr\":\"\",\"sku\":\"29274\",\"l2\":\"Service de table\",\"sl\":\"cremier-5-oz-147-ml-sagetra-29274\",\"sn\":\"\",\"idxP\":20},{\"mq\":\"Danesco\",\"nm\":\"Beurrier individuel 1 oz \\\/ 30 ml\",\"nme\":\"Butter Server 1 oz \\\/ 30 ml\",\"attr\":\"\",\"sku\":\"29168\",\"l2\":\"Vaisselle\",\"sl\":\"beurrier-individuel-1-oz-30-ml-danesco-29168\",\"sn\":\"\",\"idxP\":8},{\"mq\":\"Safdie\",\"nm\":\"Ensemble sali\u00E8re et poivri\u00E8re\",\"nme\":\"Set of Salt and Pepper Shaker\",\"attr\":\"\",\"sku\":\"29219\",\"l2\":\"Service de table\",\"sl\":\"ensemble-saliere-et-poivriere-safdie-29219\",\"sn\":\"\",\"idxP\":27},{\"mq\":\"Safdie\",\"nm\":\"Bol \u00E0 salade et ustensil Acacia\",\"nme\":\"Acacia Salad Bowl with Utensils\",\"attr\":\"\",\"sku\":\"29257\",\"l2\":\"Vaisselle\",\"sl\":\"bol-a-salade-et-ustensil-acacia-safdie-29257\",\"sn\":\"\",\"idxP\":8},{\"mq\":\"Safdie\",\"nm\":\"Cr\u00E9mier et sucrier 2 morceaux\",\"nme\":\"Creamer and Sugar 2 Pieces\",\"attr\":\"\",\"sku\":\"29217\",\"l2\":\"Service de table\",\"sl\":\"cremier-et-sucrier-2-morceaux-safdie-29217\",\"sn\":\"\",\"idxP\":12},{\"mq\":\"Safdie\",\"nm\":\"Tasse double paroi 380ml ens. de 2\",\"nme\":\"Double wall mug 380ml set. of 2\",\"attr\":\"\",\"sku\":\"29239\",\"l2\":\"Vaisselle\",\"sl\":\"tasse-double-paroi-380ml-ens.-de-2-safdie-29239\",\"sn\":\"\",\"idxP\":19},{\"mq\":\"Sagetra\",\"nm\":\"Plat \u00E0 escargot\",\"nme\":\"Snails Plate\",\"attr\":\"\",\"sku\":\"29272\",\"l2\":\"Service de table\",\"sl\":\"plat-a-escargot-sagetra-29272\",\"sn\":\"\",\"idxP\":20},{\"mq\":\"Sagetra\",\"nm\":\"Planche \u00E0 d\u00E9couper violette 12\\\"x18\\\"\",\"nme\":\"Purple Cutting Board 12\\\"x18\\\"\",\"attr\":\"\",\"sku\":\"29284\",\"l2\":\"Planche\",\"sl\":\"planche-a-decouper-violette-12x18-sagetra-29284\",\"sn\":\"\",\"idxP\":28},{\"mq\":\"Safdie\",\"nm\":\"Verre Highball carr\u00E9 x6\",\"nme\":\"Square Highball Glass x6\",\"attr\":\"\",\"sku\":\"29237\",\"l2\":\"Verrerie\",\"sl\":\"verre-highball-carre-x6-safdie-29237\",\"sn\":\"\",\"idxP\":20},{\"mq\":\"Sagetra\",\"nm\":\"R\u00E9cipient  sauce 1,5 oz \\\/ 44 ml\",\"nme\":\"Sauce Cup 1.5 oz \\\/ 44 ml\",\"attr\":\"\",\"sku\":\"29270\",\"l2\":\"Vaisselle\",\"sl\":\"recipient-sauce-15-oz-44-ml-sagetra-29270\",\"sn\":\"\",\"idxP\":75},{\"mq\":\"Sagetra\",\"nm\":\"Tasses \u00E0 mesurer 4 pi\u00E8ces\",\"nme\":\"Measuring Cups 4 Pieces\",\"attr\":\"\",\"sku\":\"29289\",\"l2\":\"Accessoire de cuisine\",\"sl\":\"tasses-a-mesurer-4-pieces-sagetra-29289\",\"sn\":\"\",\"idxP\":15},{\"mq\":\"Sagetra\",\"nm\":\"Cr\u00E9mier 3 oz \\\/ 88 ml\",\"nme\":\"Creamers 3 oz \\\/ 88 ml\",\"attr\":\"\",\"sku\":\"29273\",\"l2\":\"Service de table\",\"sl\":\"cremier-3-oz-88-ml-sagetra-29273\",\"sn\":\"\",\"idxP\":10},{\"mq\":\"Sagetra\",\"nm\":\"Couvercle r\u00E9cipient bain-marie rond 2,5 Qt \\\/ 5\\\"\",\"nme\":\"Cover for Round Steam Table Inset 2.5 Qt \\\/ 5\\\"\",\"attr\":\"\",\"sku\":\"29278\",\"l2\":\"Buffet\",\"sl\":\"couvercle-recipient-bain-marie-rond-25-qt-5-sagetra-29278\",\"sn\":\"\",\"idxP\":8},{\"mq\":\"Sagetra\",\"nm\":\"Couvercle bain-marie 4 Qt \\\/ 6 1\\\/2\\\"\",\"nme\":\"Bain-Marie Cover 4 Qt \\\/ 6 1\\\/2\\\"\",\"attr\":\"\",\"sku\":\"29279\",\"l2\":\"Buffet\",\"sl\":\"couvercle-bain-marie-4-qt-6-12-sagetra-29279\",\"sn\":\"\",\"idxP\":10},{\"mq\":\"Sagetra\",\"nm\":\"Coupe-pizza manche en bois\",\"nme\":\"Pizza Cutter Wooden Handle\",\"attr\":\"\",\"sku\":\"29264\",\"l2\":\"Accessoire pour pizza\",\"sl\":\"coupe-pizza-manche-en-bois-sagetra-29264\",\"sn\":\"\",\"idxP\":18},{\"mq\":\"Sagetra\",\"nm\":\"Couvercle r\u00E9cipient rond 7 Qt \\\/ 8 1\\\/2\\\"\",\"nme\":\"Bain-Marie Cover 7 Qt \\\/ 8 1\\\/2\\\"\",\"attr\":\"\",\"sku\":\"29280\",\"l2\":\"Buffet\",\"sl\":\"couvercle-recipient-rond-7-qt-8-12-sagetra-29280\",\"sn\":\"\",\"idxP\":12},{\"mq\":\"Sagetra\",\"nm\":\"Couvercle bain-marie 11 Qt \\\/ 10 1\\\/2\\\"\",\"nme\":\"Bain-Marie Cover 11 Qt \\\/ 10 1\\\/2\\\"\",\"attr\":\"\",\"sku\":\"29281\",\"l2\":\"Buffet\",\"sl\":\"couvercle-bain-marie-11-qt-10-12-sagetra-29281\",\"sn\":\"\",\"idxP\":11},{\"mq\":\"Danesco\",\"nm\":\"Pinceau miniature 6\\\"\",\"nme\":\"Pastry Brush Mini 6\\\"\",\"attr\":\"\",\"sku\":\"29207\",\"l2\":\"Accessoire de p\u00E2tisserie\",\"sl\":\"pinceau-miniature-6-danesco-29207\",\"sn\":\"\",\"idxP\":48},{\"mq\":\"Safdie\",\"nm\":\"Tasses \u00E0 caf\u00E9 ensemble par 4\",\"nme\":\"Coffee Mug x4\",\"attr\":\"\",\"sku\":\"29262\",\"l2\":\"Vaisselle\",\"sl\":\"tasses-a-cafe-ensemble-par-4-safdie-29262\",\"sn\":\"\",\"idxP\":18},{\"mq\":\"Sagetra\",\"nm\":\"R\u00E9cipient bain-marie rond 11 Qt \\\/ 10 1\\\/2\\\"\",\"nme\":\"Round Steam Table Inset 11 Qt \\\/ 10 1\\\/2\\\"\",\"attr\":\"\",\"sku\":\"29277\",\"l2\":\"Buffet\",\"sl\":\"recipient-bain-marie-rond-11-qt-10-12-sagetra-29277\",\"sn\":\"\",\"idxP\":11},{\"mq\":\"Sagetra\",\"nm\":\"Bol \u00E0 sauce ou beurre 1,25 oz \\\/ 37 ml\",\"nme\":\"Sauce or Butter Bowl 1,25 oz \\\/ 37 ml\",\"attr\":\"\",\"sku\":\"29282\",\"l2\":\"Vaisselle\",\"sl\":\"bol-a-sauce-ou-beurre-125-oz-37-ml-sagetra-29282\",\"sn\":\"\",\"idxP\":32},{\"mq\":\"Sagetra\",\"nm\":\"Support pour grille \u00E0 pizza\",\"nme\":\"Wire Pizza Screen Rack\",\"attr\":\"\",\"sku\":\"29296\",\"l2\":\"Accessoire pour pizza\",\"sl\":\"support-pour-grille-a-pizza-sagetra-29296\",\"sn\":\"\",\"idxP\":9},{\"mq\":\"Sagetra\",\"nm\":\"Plat de service oval 25 cm \\\/ 10 \\\"\",\"nme\":\"Oval Platter 25 cm \\\/ 10 \\\"\",\"attr\":\"\",\"sku\":\"29285\",\"l2\":\"Service de table\",\"sl\":\"plat-de-service-oval-25-cm-10-sagetra-29285\",\"sn\":\"\",\"idxP\":13},{\"mq\":\"Sagetra\",\"nm\":\"Sali\u00E8re et poivri\u00E8re 1 oz \\\/ 30 ml\",\"nme\":\"Salt and Pepper Shaker 1 oz \\\/ 30 ml\",\"attr\":\"\",\"sku\":\"29288\",\"l2\":\"Service de table\",\"sl\":\"saliere-et-poivriere-1-oz-30-ml-sagetra-29288\",\"sn\":\"\",\"idxP\":29},{\"mq\":\"Sagetra\",\"nm\":\"Plat de service oval 35,5 cm \\\/ 14 \\\"\",\"nme\":\"Oval Platter 35.5 cm \\\/ 14 \\\"\",\"attr\":\"\",\"sku\":\"29286\",\"l2\":\"Service de table\",\"sl\":\"plat-de-service-oval-355-cm-14-sagetra-29286\",\"sn\":\"\",\"idxP\":18},{\"mq\":\"Sagetra\",\"nm\":\"D\u00E9capsuleur et perce-bo\u00EEte\",\"nme\":\"Can Punch and Bottle Opener\",\"attr\":\"\",\"sku\":\"29292\",\"l2\":\"Ustensiles et accessoires\",\"sl\":\"decapsuleur-et-perce-boite-sagetra-29292\",\"sn\":\"\",\"idxP\":13},{\"mq\":\"Sagetra\",\"nm\":\"Passoire en inox 13 Qt \\\/ 7,4 L\",\"nme\":\"Stainless Steel Colander 13 Qt \\\/ 7.4 L\",\"attr\":\"\",\"sku\":\"29269\",\"l2\":\"Accessoire de cuisine\",\"sl\":\"passoire-en-inox-13-qt-74-l-sagetra-29269\",\"sn\":\"\",\"idxP\":16},{\"mq\":\"Sagetra\",\"nm\":\"Planche \u00E0 d\u00E9couper violette 15\\\"x20\\\"\",\"nme\":\"Purple Cutting Board 15\\\"x20\\\"\",\"attr\":\"\",\"sku\":\"29294\",\"l2\":\"Planche\",\"sl\":\"planche-a-decouper-violette-15x20-sagetra-29294\",\"sn\":\"\",\"idxP\":23},{\"mq\":\"Sagetra\",\"nm\":\"Passoire en inox 3 Qt \\\/ 1,7 L\",\"nme\":\"Stainless Steel Colander 3 Qt \\\/ 1.7 L\",\"attr\":\"\",\"sku\":\"29266\",\"l2\":\"Accessoire de cuisine\",\"sl\":\"passoire-en-inox-3-qt-17-l-sagetra-29266\",\"sn\":\"\",\"idxP\":11},{\"mq\":\"Sagetra\",\"nm\":\"Plat de service oval 45 cm \\\/ 18 \\\"\",\"nme\":\"Oval Platter 45 cm \\\/ 18 \\\"\",\"attr\":\"\",\"sku\":\"29287\",\"l2\":\"Service de table\",\"sl\":\"plat-de-service-oval-45-cm-18-sagetra-29287\",\"sn\":\"\",\"idxP\":27},{\"mq\":\"Sagetra\",\"nm\":\"Bain-marie 2,5 Qt \\\/ 5\\\"\",\"nme\":\"Bain-Marie 2.5 Qt \\\/ 5\\\"\",\"attr\":\"\",\"sku\":\"29293\",\"l2\":\"Buffet\",\"sl\":\"bain-marie-25-qt-5-sagetra-29293\",\"sn\":\"\",\"idxP\":11},{\"mq\":\"Sagetra\",\"nm\":\"Passoire en inox 8 Qt \\\/ 4,5 L\",\"nme\":\"Stainless Steel Colander 8 Qt \\\/ 4.5 L\",\"attr\":\"\",\"sku\":\"29268\",\"l2\":\"Accessoire de cuisine\",\"sl\":\"passoire-en-inox-8-qt-45-l-sagetra-29268\",\"sn\":\"\",\"idxP\":12},{\"mq\":\"Sagetra\",\"nm\":\"Pelle \u00E0 pizza en bois 12\\\"x14\\\"\",\"nme\":\"Wooden Pizza Peel 12\\\"x14\\\"\",\"attr\":\"\",\"sku\":\"29283\",\"l2\":\"Accessoire pour pizza\",\"sl\":\"pelle-a-pizza-en-bois-12x14-sagetra-29283\",\"sn\":\"\",\"idxP\":8},{\"mq\":\"Sagetra\",\"nm\":\"Planche \u00E0 d\u00E9couper violette 18\\\"x24\\\"\",\"nme\":\"Purple Cutting Board 18\\\"x24\\\"\",\"attr\":\"\",\"sku\":\"29295\",\"l2\":\"Planche\",\"sl\":\"planche-a-decouper-violette-18x24-sagetra-29295\",\"sn\":\"\",\"idxP\":15},{\"mq\":\"Sagetra\",\"nm\":\"Passoire en inox 5 Qt \\\/ 2,8 L\",\"nme\":\"Stainless Steel Colander 5 Qt \\\/ 2.8 L\",\"attr\":\"\",\"sku\":\"29267\",\"l2\":\"Accessoire de cuisine\",\"sl\":\"passoire-en-inox-5-qt-28-l-sagetra-29267\",\"sn\":\"\",\"idxP\":13},{\"mq\":\"Trudeau\",\"nm\":\"Pot en verre avec clip Fido 4 L \\\/ 135 1\\\/4 oz\",\"nme\":\"Fido Glass Jar with Clip 4 L \\\/ 135 1\\\/4 oz\",\"attr\":\"\",\"sku\":\"27642\",\"l2\":\"Contenant et pot\",\"sl\":\"pot-en-verre-avec-clip-fido-4-l-135-14-oz-trudeau-27642\",\"sn\":\"\",\"idxP\":19},{\"mq\":\"Sagetra\",\"nm\":\"Cocotte en c\u00E9ramique blanche 5oz \\\/ 148ml\",\"nme\":\"White Ceramic Cocotte 5 oz \\\/ 148 ml\",\"attr\":\"\",\"sku\":\"28052\",\"l2\":\"Vaisselle\",\"sl\":\"cocotte-en-ceramique-blanche-5oz-148ml-sagetra-28052\",\"sn\":\"\",\"idxP\":31},{\"mq\":\"Sagetra\",\"nm\":\"Pichet \u00E0 eau 60oz \\\/ 1,7L\",\"nme\":\"Water Jug 60 oz \\\/ 1.7L\",\"attr\":\"\",\"sku\":\"28053\",\"l2\":\"Service de table\",\"sl\":\"pichet-a-eau-60oz-17l-sagetra-28053\",\"sn\":\"\",\"idxP\":18},{\"mq\":\"Trudeau\",\"nm\":\"Bouteille vitre bouchon clair 100cl\",\"nme\":\"Clear Lid Glass Bottle 100cl\",\"attr\":\"\",\"sku\":\"22020\",\"l2\":\"Service de table\",\"sl\":\"bouteille-vitre-bouchon-clair-100cl-trudeau-22020\",\"sn\":\"transparent\",\"idxP\":50},{\"mq\":\"Adamo\",\"nm\":\"Cuill\u00E8re en bois pour m\u00E9langer 55cm\",\"nme\":\"Wooden Spoon 55cm\",\"attr\":\"\",\"sku\":\"26042\",\"l2\":\"Ustensiles et accessoires\",\"sl\":\"cuillere-en-bois-pour-melanger-55cm-adamo-26042\",\"sn\":\"\",\"idxP\":31},{\"mq\":\"Danesco\",\"nm\":\"Boule \u00E0 th\u00E9 2,5\\\"\",\"nme\":\"Tea Ball 2.5\\\"\",\"attr\":\"\",\"sku\":\"25106\",\"l2\":\"Service de table\",\"sl\":\"boule-a-the-25-danesco-25106\",\"sn\":\"\",\"idxP\":18},{\"mq\":\"Trudeau\",\"nm\":\"Pot en verre avec clip Fido 2 L \\\/ 67 3\\\/4 oz\",\"nme\":\"Fido Glass Jar with Clip 2 L \\\/ 67 3\\\/4 oz\",\"attr\":\"\",\"sku\":\"27640\",\"l2\":\"Contenant et pot\",\"sl\":\"pot-en-verre-avec-clip-fido-2-l-67-34-oz-trudeau-27640\",\"sn\":\"\",\"idxP\":22},{\"mq\":\"Sagetra\",\"nm\":\"Louche une pi\u00E8ce 0,5 oz \\\/ 14 ml\",\"nme\":\"One-piece Ladle 0,5 oz \\\/ 14 ml\",\"attr\":\"\",\"sku\":\"24507\",\"l2\":\"Ustensiles et accessoires\",\"sl\":\"louche-une-piece-05-oz-14-ml-sagetra-24507\",\"sn\":\"\",\"idxP\":15},{\"mq\":\"Adamo\",\"nm\":\"\u00C9cumoire en maille ronde 6\\\"\",\"nme\":\"Round Coarse Skimmer 6\\\"\",\"attr\":\"\",\"sku\":\"26029\",\"l2\":\"Ustensiles et accessoires\",\"sl\":\"ecumoire-en-maille-ronde-6-adamo-26029\",\"sn\":\"\",\"idxP\":11},{\"mq\":\"Sagetra\",\"nm\":\"Couteaux \u00E0 steak x12\",\"nme\":\"Steak Knife\",\"attr\":\"\",\"sku\":\"34054\",\"l2\":\"Ustensile de table\",\"sl\":\"couteaux-a-steak-x12-sagetra-34054\",\"sn\":\"\",\"idxP\":81},{\"mq\":\"Sagetra\",\"nm\":\"Th\u00E9i\u00E8re en acier inoxydable 10oz\",\"nme\":\"Stainless Steel Teapot\",\"attr\":\"\",\"sku\":\"24798\",\"l2\":\"Service de table\",\"sl\":\"theiere-en-acier-inoxydable-10oz-sagetra-24798\",\"sn\":\"\",\"idxP\":13},{\"mq\":\"Labell\",\"nm\":\"Planche avec poign\u00E9e 8\\\"x16\\\"x3\\\/4\\\"\",\"nme\":\"Paddle Board 8\\\"x16\\\"x3\\\/4\\\"\",\"attr\":\"\",\"sku\":\"25926\",\"l2\":\"Planche\",\"sl\":\"planche-avec-poignee-8x16x34-labell-25926\",\"sn\":\"\",\"idxP\":16},{\"mq\":\"Labell\",\"nm\":\"Bloc \u00E0 d\u00E9pecer 10\\\"x14\\\"x1,25\\\"\",\"nme\":\"Butcher Block 10\\\"x14\\\"x1.25\\\"\",\"attr\":\"\",\"sku\":\"25939\",\"l2\":\"Planche\",\"sl\":\"bloc-a-depecer-10x14x125-labell-25939\",\"sn\":\"\",\"idxP\":11},{\"mq\":\"Sagetra\",\"nm\":\"Saupoudreuse avec poign\u00E9e en inox 10 oz \\\/ 280 g\",\"nme\":\"Stainless Steel Dredger with Handle 10 oz \\\/ 280 g\",\"attr\":\"\",\"sku\":\"29291\",\"l2\":\"Service de table\",\"sl\":\"saupoudreuse-avec-poignee-en-inox-10-oz-280-g-sagetra-29291\",\"sn\":\"\",\"idxP\":41},{\"mq\":\"Adamo\",\"nm\":\"Presse tomate \u00E9lectrique 0.50HP\",\"nme\":\"Electric Tomato Squeezer 0.50HP\",\"attr\":\"\",\"sku\":\"24516\",\"l2\":\"Ustensile de table\",\"sl\":\"presse-tomate-electrique-0.50hp-adamo-24516\",\"sn\":\"tomates\",\"idxP\":2},{\"mq\":\"Labell\",\"nm\":\"Planche utilitaire en \u00E9rable 14\\\"x20\\\"x3\\\/4\\\"\",\"nme\":\"Maple Utility Board 14\\\"x20\\\"x3\\\/4\\\"\",\"attr\":\"\",\"sku\":\"25928\",\"l2\":\"Planche\",\"sl\":\"planche-utilitaire-en-erable-14x20x34-labell-25928\",\"sn\":\"\",\"idxP\":19},{\"mq\":\"Orly\",\"nm\":\"Couvercle 32cm verre tremp\u00E9\",\"nme\":\"Tempered Glass Lid Strauss Titan 32cm\",\"attr\":\"\",\"sku\":\"38252\",\"l2\":\"Batterie de cuisine\",\"sl\":\"couvercle-32cm-verre-trempe-orly-38252\",\"sn\":\"\",\"idxP\":14},{\"mq\":\"Trudeau\",\"nm\":\"Assiette creuse Parma 22,5 cm\",\"nme\":\"Parma Soup Plate 22.5 cm\",\"attr\":\"\",\"sku\":\"26207\",\"l2\":\"Vaisselle\",\"sl\":\"assiette-creuse-parma-225-cm-trudeau-26207\",\"sn\":\"\",\"idxP\":32},{\"mq\":\"Trudeau\",\"nm\":\"Tasse double paroi 325ml\",\"nme\":\"Double Cup Glass 325ml\",\"attr\":\"\",\"sku\":\"23118\",\"l2\":\"Vaisselle\",\"sl\":\"tasse-double-paroi-325ml-trudeau-23118\",\"sn\":\"\",\"idxP\":21},{\"mq\":\"Labell\",\"nm\":\"Planche \u00E0 steak en \u00E9rable 10\\\"x14\\\"x3\\\/4\\\"\",\"nme\":\"Maple Steak Board 10\\\"x14\\\"x3\\\/4\\\"\",\"attr\":\"\",\"sku\":\"25927\",\"l2\":\"Planche\",\"sl\":\"planche-a-steak-en-erable-10x14x34-labell-25927\",\"sn\":\"\",\"idxP\":14},{\"mq\":\"Adamo\",\"nm\":\"\u00C9cumoire en maille ronde 5\\\"\",\"nme\":\"Round Coarse Skimmer 5\\\"\",\"attr\":\"\",\"sku\":\"26028\",\"l2\":\"Ustensiles et accessoires\",\"sl\":\"ecumoire-en-maille-ronde-5-adamo-26028\",\"sn\":\"\",\"idxP\":8},{\"mq\":\"Orly\",\"nm\":\"Tasse en porcelaine pour cappuccino 8 oz \\\/ 235 ml\",\"nme\":\"Porcelain Cup for Cappuccino 8oz \\\/ 235ml\",\"attr\":\"\",\"sku\":\"38472\",\"l2\":\"Vaisselle\",\"sl\":\"tasse-en-porcelaine-pour-cappuccino-8-oz-235-ml-orly-38472\",\"sn\":\"\",\"idxP\":6},{\"mq\":\"Sagetra\",\"nm\":\"Cocotte en c\u00E9ramique blanche 3oz \\\/ 88ml\",\"nme\":\"White Ceramic Cocotte 3 oz \\\/ 88 ml\",\"attr\":\"\",\"sku\":\"28051\",\"l2\":\"Vaisselle\",\"sl\":\"cocotte-en-ceramique-blanche-3oz-88ml-sagetra-28051\",\"sn\":\"\",\"idxP\":23},{\"mq\":\"Sagetra\",\"nm\":\"Planche \u00E0 d\u00E9couper blanche 18\\\"x24\\\"\",\"nme\":\"White Cutting Board 18\\\"x24\\\"\",\"attr\":\"\",\"sku\":\"28054\",\"l2\":\"Planche\",\"sl\":\"planche-a-decouper-blanche-18x24-sagetra-28054\",\"sn\":\"\",\"idxP\":34},{\"mq\":\"Sagetra\",\"nm\":\"Bouteille invers\u00E9e pour sauce 24oz\",\"nme\":\"Inverted bottle for 24oz sauce\",\"attr\":\"\",\"sku\":\"28055\",\"l2\":\"Contenant et pot\",\"sl\":\"bouteille-inversee-pour-sauce-24oz-sagetra-28055\",\"sn\":\"transparent\",\"idxP\":55},{\"mq\":\"Trudeau\",\"nm\":\"Pot quattro stagioni 20cl\",\"nme\":\"Quattro Stagioni Jar 20 cl\",\"attr\":\"\",\"sku\":\"28964\",\"l2\":\"Contenant et pot\",\"sl\":\"pot-quattro-stagioni-20cl-trudeau-28964\",\"sn\":\"\",\"idxP\":16},{\"mq\":\"Adamo\",\"nm\":\"Presse citron en acier inoxydable\",\"nme\":\"Stainless Steel Lemon Squeezer\",\"attr\":\"\",\"sku\":\"28991\",\"l2\":\"Ustensiles et accessoires\",\"sl\":\"presse-citron-en-acier-inoxydable-adamo-28991\",\"sn\":\"citrons\",\"idxP\":10},{\"mq\":\"Orly\",\"nm\":\"Tasse \u00E0 cappuccino en porcelaine 8 oz \\\/ 235 ml\",\"nme\":\"Porcelain Cappuccino Cup 8oz \\\/ 235ml\",\"attr\":\"\",\"sku\":\"38468\",\"l2\":\"Vaisselle\",\"sl\":\"tasse-a-cappuccino-en-porcelaine-8-oz-235-ml-orly-38468\",\"sn\":\"\",\"idxP\":3},{\"mq\":\"Trudeau\",\"nm\":\"Moulin \u00E0 sel professionel\",\"nme\":\"Professional Salt Mill 23 cm\",\"attr\":\"\",\"sku\":\"27634\",\"l2\":\"Service de table\",\"sl\":\"moulin-a-sel-professionel-trudeau-27634\",\"sn\":\"\",\"idxP\":6},{\"mq\":\"Trudeau\",\"nm\":\"Pot en verre avec clip Fido 1 L \\\/ 33 3\\\/4 oz\",\"nme\":\"Fido Glass Jar with Clip 1 L \\\/ 33 3\\\/4 oz\",\"attr\":\"\",\"sku\":\"27638\",\"l2\":\"Contenant et pot\",\"sl\":\"pot-en-verre-avec-clip-fido-1-l-33-34-oz-trudeau-27638\",\"sn\":\"\",\"idxP\":17},{\"mq\":\"Victorinox\",\"nm\":\"Couteau trancheur 12\\\"\",\"nme\":\"Slicer Ham Knife 12\\\"\",\"attr\":\"\",\"sku\":\"38625\",\"l2\":\"Couteau de chef\",\"sl\":\"couteau-trancheur-12-victorinox-38625\",\"sn\":\"\",\"idxP\":5},{\"mq\":\"Sagetra\",\"nm\":\"Planche \u00E0 d\u00E9couper rouge 12\\\"x18\\\"\",\"nme\":\"Red Cutting Board 12\\\"x18\\\"\",\"attr\":\"\",\"sku\":\"28153\",\"l2\":\"Planche\",\"sl\":\"planche-a-decouper-rouge-12x18-sagetra-28153\",\"sn\":\"\",\"idxP\":41},{\"mq\":\"Victorinox\",\"nm\":\"Couteau filet semi-rigide 8\\\"\",\"nme\":\"Semi-Stiff Filet Knife 8\\\"\",\"attr\":\"\",\"sku\":\"38635\",\"l2\":\"Couteau de chef\",\"sl\":\"couteau-filet-semi-rigide-8-victorinox-38635\",\"sn\":\"\",\"idxP\":5},{\"mq\":\"Trudeau\",\"nm\":\"Moulins \u00E0 poivre et sel 15 cm\",\"nme\":\"Pepper and Salt Mills 15 cm\",\"attr\":\"\",\"sku\":\"37726\",\"l2\":\"Service de table\",\"sl\":\"moulins-a-poivre-et-sel-15-cm-trudeau-37726\",\"sn\":\"\",\"idxP\":13},{\"mq\":\"Kayali\",\"nm\":\"Bouteille d'huile et vinaigre en vitre 22cm\",\"nme\":\"Oil and Vinegar Bottle Glass\",\"attr\":\"\",\"sku\":\"38547\",\"l2\":\"Service de table\",\"sl\":\"bouteille-dhuile-et-vinaigre-en-vitre-22cm-kayali-38547\",\"sn\":\"\",\"idxP\":66},{\"mq\":\"Victorinox\",\"nm\":\"Fusil \u00E0 aff\u00FBter 10\\\"\",\"nme\":\"Sharpening Fusil 10\\\"\",\"attr\":\"\",\"sku\":\"38589\",\"l2\":\"Couteau de chef\",\"sl\":\"fusil-a-affuter-10-victorinox-38589\",\"sn\":\"\",\"idxP\":9},{\"mq\":\"Trudeau\",\"nm\":\"Pot en verre avec clip Fido 1,5 L \\\/ 50 3\\\/4 oz\",\"nme\":\"Fido Glass Jar with Clip 1.5 L \\\/ 50 3\\\/4 oz\",\"attr\":\"\",\"sku\":\"27639\",\"l2\":\"Contenant et pot\",\"sl\":\"pot-en-verre-avec-clip-fido-15-l-50-34-oz-trudeau-27639\",\"sn\":\"\",\"idxP\":18},{\"mq\":\"Trudeau\",\"nm\":\"Pot en verre avec clip Fido 750 ml \\\/ 25 1\\\/4 oz\",\"nme\":\"Fido Glass Jar with Clip 750 ml \\\/ 25 1\\\/4 oz\",\"attr\":\"\",\"sku\":\"27645\",\"l2\":\"Contenant et pot\",\"sl\":\"pot-en-verre-avec-clip-fido-750-ml-25-14-oz-trudeau-27645\",\"sn\":\"\",\"idxP\":14},{\"mq\":\"Trudeau\",\"nm\":\"Pompe pour pr\u00E9server le vin avec 2 bouchons\",\"nme\":\"Wine Preserving Pump with 2 Stoppers\",\"attr\":\"\",\"sku\":\"29595\",\"l2\":\"Ustensiles et accessoires\",\"sl\":\"pompe-pour-preserver-le-vin-avec-2-bouchons-trudeau-29595\",\"sn\":\"\",\"idxP\":19},{\"mq\":\"Sagetra\",\"nm\":\"Louche 12oz \\\/ 360ml\",\"nme\":\"Ladle 12oz - 360ml\",\"attr\":\"\",\"sku\":\"28157\",\"l2\":\"Ustensiles et accessoires\",\"sl\":\"louche-12oz-360ml-sagetra-28157\",\"sn\":\"\",\"idxP\":12},{\"mq\":\"Victorinox\",\"nm\":\"Couteau trancheur dentel\u00E9 12\\\"\",\"nme\":\"Wavy Slicer Knife 12\\\"\",\"attr\":\"\",\"sku\":\"38627\",\"l2\":\"Couteau de chef\",\"sl\":\"couteau-trancheur-dentele-12-victorinox-38627\",\"sn\":\"\",\"idxP\":2},{\"mq\":\"Victorinox\",\"nm\":\"Couteau cimeti\u00E8re 14\\\"\",\"nme\":\"Curved Cimeter Knife 14\\\"\",\"attr\":\"\",\"sku\":\"38634\",\"l2\":\"Couteau de chef\",\"sl\":\"couteau-cimetiere-14-victorinox-38634\",\"sn\":\"\",\"idxP\":9},{\"mq\":\"Kayali\",\"nm\":\"Plat pour cr\u00E8me brul\u00E9e 4.75\\\"\",\"nme\":\"Creme Brulee Bowl 4.75\\\"\",\"attr\":\"\",\"sku\":\"29355\",\"l2\":\"Accessoire de p\u00E2tisserie\",\"sl\":\"plat-pour-creme-brulee-4.75-kayali-29355\",\"sn\":\"\",\"idxP\":54},{\"mq\":\"Victorinox\",\"nm\":\"Couteau \u00E0 pain 8\\\"\",\"nme\":\"Bread Knife 8\\\"\",\"attr\":\"\",\"sku\":\"38628\",\"l2\":\"Couteau de chef\",\"sl\":\"couteau-a-pain-8-victorinox-38628\",\"sn\":\"\",\"idxP\":7},{\"mq\":\"Gontara\",\"nm\":\"Po\u00EAle en acier paella 4Pt 30cm\",\"nme\":\"Paella Pan 04SV 30cm\",\"attr\":\"\",\"sku\":\"39983\",\"l2\":\"Batterie de cuisine\",\"sl\":\"poele-en-acier-paella-4pt-30cm-gontara-39983\",\"sn\":\"\",\"idxP\":2},{\"mq\":\"Adamo\",\"nm\":\"Support pour huile-vinaigre-sel et poivre\",\"nme\":\"Vinegar-Oil-Salt and Pepper Support\",\"attr\":\"\",\"sku\":\"29032\",\"l2\":\"Service de table\",\"sl\":\"support-pour-huile-vinaigre-sel-et-poivre-adamo-29032\",\"sn\":\"\",\"idxP\":8},{\"mq\":\"Kayali\",\"nm\":\"Ensemble de 2 ramequins 3 3\\\/8\\\"\",\"nme\":\"Set of 2 Ramekin 3 3\\\/8\\\"\",\"attr\":\"\",\"sku\":\"29347\",\"l2\":\"Vaisselle\",\"sl\":\"ensemble-de-2-ramequins-3-38-kayali-29347\",\"sn\":\"\",\"idxP\":62},{\"mq\":\"Victorinox\",\"nm\":\"Couteau du chef 8\\\"\",\"nme\":\"Chef's Knife 8\\\"\",\"attr\":\"\",\"sku\":\"38620\",\"l2\":\"Couteau de chef\",\"sl\":\"couteau-du-chef-8-victorinox-38620\",\"sn\":\"\",\"idxP\":15},{\"mq\":\"Victorinox\",\"nm\":\"Couteau trancheur 10\\\"\",\"nme\":\"Slicer Ham Knife 10\\\"\",\"attr\":\"\",\"sku\":\"38624\",\"l2\":\"Couteau de chef\",\"sl\":\"couteau-trancheur-10-victorinox-38624\",\"sn\":\"\",\"idxP\":4},{\"mq\":\"Adamo\",\"nm\":\"\u00C9cumoire en maille ronde 4\\\"\",\"nme\":\"Round Coarse Skimmer 4\\\"\",\"attr\":\"\",\"sku\":\"26027\",\"l2\":\"Ustensiles et accessoires\",\"sl\":\"ecumoire-en-maille-ronde-4-adamo-26027\",\"sn\":\"\",\"idxP\":10},{\"mq\":\"Trudeau\",\"nm\":\"Bouteille Quattro 20cl\",\"nme\":\"Quattro Bottle 20 cl\",\"attr\":\"\",\"sku\":\"28986\",\"l2\":\"Contenant et pot\",\"sl\":\"bouteille-quattro-20cl-trudeau-28986\",\"sn\":\"\",\"idxP\":11},{\"mq\":\"Victorinox\",\"nm\":\"Couteau du chef 12\\\"\",\"nme\":\"Chef's Knife 12\\\"\",\"attr\":\"\",\"sku\":\"38622\",\"l2\":\"Couteau de chef\",\"sl\":\"couteau-du-chef-12-victorinox-38622\",\"sn\":\"\",\"idxP\":7},{\"mq\":\"Kayali\",\"nm\":\"Pot \u00E0 \u00E9pices avec couvercle blanc\",\"nme\":\"Spice Bottle with White Cap\",\"attr\":\"\",\"sku\":\"29343\",\"l2\":\"Contenant et pot\",\"sl\":\"pot-a-epices-avec-couvercle-blanc-kayali-29343\",\"sn\":\"\",\"idxP\":64},{\"mq\":\"Kayali\",\"nm\":\"Plat \u00E0 quiche 8.75\\\"\",\"nme\":\"Quiche Dish 8.75\\\"\",\"attr\":\"\",\"sku\":\"29356\",\"l2\":\"Accessoire de p\u00E2tisserie\",\"sl\":\"plat-a-quiche-8.75-kayali-29356\",\"sn\":\"\",\"idxP\":10},{\"mq\":\"Trudeau\",\"nm\":\"Pot en verre 32cl\",\"nme\":\"Glass Jar 32 cl\",\"attr\":\"\",\"sku\":\"28987\",\"l2\":\"Contenant et pot\",\"sl\":\"pot-en-verre-32cl-trudeau-28987\",\"sn\":\"\",\"idxP\":13},{\"mq\":\"Victorinox\",\"nm\":\"Fusil \u00E0 aff\u00FBter 12\\\"\",\"nme\":\"Sharpening Fusil 12\\\"\",\"attr\":\"\",\"sku\":\"38591\",\"l2\":\"Couteau de chef\",\"sl\":\"fusil-a-affuter-12-victorinox-38591\",\"sn\":\"\",\"idxP\":6},{\"mq\":\"Victorinox\",\"nm\":\"Couteau santoku 7\\\"\",\"nme\":\"Santoku Knife 7\\\"\",\"attr\":\"\",\"sku\":\"38623\",\"l2\":\"Couteau de chef\",\"sl\":\"couteau-santoku-7-victorinox-38623\",\"sn\":\"\",\"idxP\":8},{\"mq\":\"Victorinox\",\"nm\":\"Couteau D\u00E9sosseur semi-rigide courb\u00E9 6\\\"\",\"nme\":\"Semi-Stiff Boning Knife 6\\\"\",\"attr\":\"\",\"sku\":\"38632\",\"l2\":\"Couteau de chef\",\"sl\":\"couteau-desosseur-semi-rigide-courbe-6-victorinox-38632\",\"sn\":\"\",\"idxP\":9},{\"mq\":\"Gontara\",\"nm\":\"Po\u00EAle en acier paella 8Pt 38cm\",\"nme\":\"Paella Pan 08SV 38cm\",\"attr\":\"\",\"sku\":\"39985\",\"l2\":\"Batterie de cuisine\",\"sl\":\"poele-en-acier-paella-8pt-38cm-gontara-39985\",\"sn\":\"\",\"idxP\":8},{\"mq\":\"Victorinox\",\"nm\":\"Couteau cimeterre 12\\\"\",\"nme\":\"Curved scimitar Knife 12\\\"\",\"attr\":\"\",\"sku\":\"38633\",\"l2\":\"Couteau de chef\",\"sl\":\"couteau-cimeterre-12-victorinox-38633\",\"sn\":\"\",\"idxP\":6},{\"mq\":\"Victorinox\",\"nm\":\"Couteau \u00E9conome 2 1\\\/4\\\"\",\"nme\":\"Peeler Knife 2 1\\\/4\\\"\",\"attr\":\"\",\"sku\":\"38647\",\"l2\":\"Couteau de chef\",\"sl\":\"couteau-econome-2-14-victorinox-38647\",\"sn\":\"\",\"idxP\":20},{\"mq\":\"Victorinox\",\"nm\":\"Couteau d\u00E9sosseur rigide FBX 6\\\"\",\"nme\":\"Rigide Boningnar Knife 6\\\"\",\"attr\":\"\",\"sku\":\"38629\",\"l2\":\"Couteau de chef\",\"sl\":\"couteau-desosseur-rigide-fbx-6-victorinox-38629\",\"sn\":\"\",\"idxP\":8},{\"mq\":\"Victorinox\",\"nm\":\"Couteau \u00E0 fromage 2 poign\u00E9es en nylon 14\\\"\",\"nme\":\"3 Nylon Handles Cheese Knife 14\\\"\",\"attr\":\"\",\"sku\":\"38637\",\"l2\":\"Couteau de chef\",\"sl\":\"couteau-a-fromage-2-poignees-en-nylon-14-victorinox-38637\",\"sn\":\"fromages\",\"idxP\":3},{\"mq\":\"Kayali\",\"nm\":\"Bol avec couvercle 5.5\\\"x4.5\\\"\",\"nme\":\"Bowl with Cover 5.5\\\"x4.5\\\"\",\"attr\":\"\",\"sku\":\"29350\",\"l2\":\"Vaisselle\",\"sl\":\"bol-avec-couvercle-5.5x4.5-kayali-29350\",\"sn\":\"\",\"idxP\":2},{\"mq\":\"Kayali\",\"nm\":\"Plat rectangulaire pour four en vitre 1.8L\",\"nme\":\"Rectangular Glass Oven Plate 1.8L\",\"attr\":\"\",\"sku\":\"29359\",\"l2\":\"Accessoire de p\u00E2tisserie\",\"sl\":\"plat-rectangulaire-pour-four-en-vitre-1.8l-kayali-29359\",\"sn\":\"\",\"idxP\":7},{\"mq\":\"Victorinox\",\"nm\":\"Couteau d\u00E9sosseur flexible FBX 6\\\"\",\"nme\":\"Rigide Boningnar Knife 6\\\"\",\"attr\":\"\",\"sku\":\"38630\",\"l2\":\"Couteau de chef\",\"sl\":\"couteau-desosseur-flexible-fbx-6-victorinox-38630\",\"sn\":\"\",\"idxP\":10},{\"mq\":\"Victorinox\",\"nm\":\"Couteau \u00E0 steak et tomate 4 1\\\/4\\\" noir\",\"nme\":\"Black Steak and Tomato Wavy Knife 4 1\\\/4\\\"\",\"attr\":\"\",\"sku\":\"38645\",\"l2\":\"Ustensile de table\",\"sl\":\"couteau-a-steak-et-tomate-4-14-noir-victorinox-38645\",\"sn\":\"tomates\",\"idxP\":34},{\"mq\":\"Gontara\",\"nm\":\"Po\u00EAle en acier paella 6Pt 34cm\",\"nme\":\"Paella Pan 06SV 34cm\",\"attr\":\"\",\"sku\":\"39984\",\"l2\":\"Batterie de cuisine\",\"sl\":\"poele-en-acier-paella-6pt-34cm-gontara-39984\",\"sn\":\"\",\"idxP\":3},{\"mq\":\"Kayali\",\"nm\":\"Bol inclin\u00E9 36x28x14cm\",\"nme\":\"Inclined Bowl 36x28x14cm\",\"attr\":\"\",\"sku\":\"29354\",\"l2\":\"Vaisselle\",\"sl\":\"bol-incline-36x28x14cm-kayali-29354\",\"sn\":\"\",\"idxP\":9},{\"mq\":\"Kayali\",\"nm\":\"Ensemble de 6 verres \u00E0 jus 5.25oz\",\"nme\":\"Set of 6 Juice Glass 5.25oz\",\"attr\":\"\",\"sku\":\"29365\",\"l2\":\"Verrerie\",\"sl\":\"ensemble-de-6-verres-a-jus-5.25oz-kayali-29365\",\"sn\":\"\",\"idxP\":20},{\"mq\":\"Kayali\",\"nm\":\"Ensemble de 6 verres sans pieds 16.25oz\",\"nme\":\"Set of 6 Stemless Glass 16.25oz\",\"attr\":\"\",\"sku\":\"29364\",\"l2\":\"Verrerie\",\"sl\":\"ensemble-de-6-verres-sans-pieds-16.25oz-kayali-29364\",\"sn\":\"\",\"idxP\":26},{\"mq\":\"Kayali\",\"nm\":\"Ensemble de 6 verres \u00E0 vin 13.25oz\",\"nme\":\"Set of 6 Wine Glass 13.25oz\",\"attr\":\"\",\"sku\":\"29367\",\"l2\":\"Verrerie\",\"sl\":\"ensemble-de-6-verres-a-vin-13.25oz-kayali-29367\",\"sn\":\"\",\"idxP\":26},{\"mq\":\"Kayali\",\"nm\":\"Assiette \u00E0 tarte 9\\\"\",\"nme\":\"Pie Plate 9\\\"\",\"attr\":\"\",\"sku\":\"38522\",\"l2\":\"Vaisselle\",\"sl\":\"assiette-a-tarte-9-kayali-38522\",\"sn\":\"\",\"idxP\":17},{\"mq\":\"Kayali\",\"nm\":\"Tasse \u00E0 caf\u00E9 au lait 18oz\",\"nme\":\"Milk Coffee Mug 18oz\",\"attr\":\"\",\"sku\":\"29346\",\"l2\":\"Vaisselle\",\"sl\":\"tasse-a-cafe-au-lait-18oz-kayali-29346\",\"sn\":\"\",\"idxP\":36},{\"mq\":\"Kayali\",\"nm\":\"Ensemble de 12 verres \u00E0 bi\u00E8re 13oz\",\"nme\":\"Set of 12 Beer Glasses 13oz\",\"attr\":\"\",\"sku\":\"29363\",\"l2\":\"Verrerie\",\"sl\":\"ensemble-de-12-verres-a-biere-13oz-kayali-29363\",\"sn\":\"\",\"idxP\":14},{\"mq\":\"Kayali\",\"nm\":\"Ensemble de bol en verre 10.25oz\",\"nme\":\"Set of 6 Glass Bowl 10.25oz\",\"attr\":\"\",\"sku\":\"29369\",\"l2\":\"Service de table\",\"sl\":\"ensemble-de-bol-en-verre-10.25oz-kayali-29369\",\"sn\":\"\",\"idxP\":4},{\"mq\":\"Kayali\",\"nm\":\"Plat \u00E0 quiche 9.75\\\"\",\"nme\":\"Quiche Dish 9.75\\\"\",\"attr\":\"\",\"sku\":\"29357\",\"l2\":\"Accessoire de p\u00E2tisserie\",\"sl\":\"plat-a-quiche-9.75-kayali-29357\",\"sn\":\"\",\"idxP\":9},{\"mq\":\"Kayali\",\"nm\":\"Ensemble de 6 verres \u00E0 bi\u00E8re 12oz\",\"nme\":\"Set of 6 Beer Glasses 12oz\",\"attr\":\"\",\"sku\":\"29362\",\"l2\":\"Verrerie\",\"sl\":\"ensemble-de-6-verres-a-biere-12oz-kayali-29362\",\"sn\":\"\",\"idxP\":14},{\"mq\":\"Kayali\",\"nm\":\"Ensemble de 6 verres 10.25oz\",\"nme\":\"Set of 6 Glass 10.25oz\",\"attr\":\"\",\"sku\":\"29368\",\"l2\":\"Verrerie\",\"sl\":\"ensemble-de-6-verres-10.25oz-kayali-29368\",\"sn\":\"\",\"idxP\":20},{\"mq\":\"Kayali\",\"nm\":\"Ensemble de 6 coupes \u00E0 champagne 7.5oz\",\"nme\":\"Set of 6 Champagne Glass 7.5oz\",\"attr\":\"\",\"sku\":\"29366\",\"l2\":\"Verrerie\",\"sl\":\"ensemble-de-6-coupes-a-champagne-7.5oz-kayali-29366\",\"sn\":\"\",\"idxP\":17},{\"mq\":\"Kayali\",\"nm\":\"Bol en verre 64.25oz\",\"nme\":\"Glass Bowl 64.25oz\",\"attr\":\"\",\"sku\":\"29370\",\"l2\":\"Service de table\",\"sl\":\"bol-en-verre-64.25oz-kayali-29370\",\"sn\":\"\",\"idxP\":6},{\"mq\":\"Orly\",\"nm\":\"Presse-pur\u00E9e \u00E0 deux disques\",\"nme\":\"Potato Masher with 2 discs\",\"attr\":\"\",\"sku\":\"29424\",\"l2\":\"Ustensiles et accessoires\",\"sl\":\"presse-puree-a-deux-disques-orly-29424\",\"sn\":\"\",\"idxP\":15},{\"mq\":\"Kayali\",\"nm\":\"Bol inclin\u00E9 31.6x26x14cm\",\"nme\":\"Inclined Bowl 31.6x26x14cm\",\"attr\":\"\",\"sku\":\"29429\",\"l2\":\"Vaisselle\",\"sl\":\"bol-incline-31.6x26x14cm-kayali-29429\",\"sn\":\"\",\"idxP\":9},{\"mq\":\"Orly\",\"nm\":\"Po\u00EAlon Strauss Pro 20cm\",\"nme\":\"Frypan Strauss Pro 20 cm\",\"attr\":\"\",\"sku\":\"38289\",\"l2\":\"Batterie de cuisine\",\"sl\":\"poelon-strauss-pro-20cm-orly-38289\",\"sn\":\"\",\"idxP\":11},{\"mq\":\"Orly\",\"nm\":\"Po\u00EAlon Strauss Pro 32cm\",\"nme\":\"Frypan Strauss Pro 32 cm\",\"attr\":\"\",\"sku\":\"38294\",\"l2\":\"Batterie de cuisine\",\"sl\":\"poelon-strauss-pro-32cm-orly-38294\",\"sn\":\"\",\"idxP\":27},{\"mq\":\"Orly\",\"nm\":\"Po\u00EAlon Strauss Pro 30cm\",\"nme\":\"Frypan Strauss Pro 30 cm\",\"attr\":\"\",\"sku\":\"38293\",\"l2\":\"Batterie de cuisine\",\"sl\":\"poelon-strauss-pro-30cm-orly-38293\",\"sn\":\"\",\"idxP\":19},{\"mq\":\"Orly\",\"nm\":\"Po\u00EAlon Strauss Pro 28cm\",\"nme\":\"Frypan Strauss Pro 28 cm\",\"attr\":\"\",\"sku\":\"38292\",\"l2\":\"Batterie de cuisine\",\"sl\":\"poelon-strauss-pro-28cm-orly-38292\",\"sn\":\"\",\"idxP\":15},{\"mq\":\"Orly\",\"nm\":\"Po\u00EAlon Strauss Pro 24cm \\\/ 9,5 \\\"\",\"nme\":\"Frypan Strauss Pro 24 cm \\\/ 9.5 \\\"\",\"attr\":\"\",\"sku\":\"38290\",\"l2\":\"Accessoire pour pizza\",\"sl\":\"poelon-strauss-pro-24cm-95-orly-38290\",\"sn\":\"\",\"idxP\":12},{\"mq\":\"Orly\",\"nm\":\"Marmite Strauss Pro 7.5L\",\"nme\":\"Cooking Pot Strauss Pro 7.5L\",\"attr\":\"\",\"sku\":\"38317\",\"l2\":\"Batterie de cuisine\",\"sl\":\"marmite-strauss-pro-7.5l-orly-38317\",\"sn\":\"\",\"idxP\":9},{\"mq\":\"Orly\",\"nm\":\"Casserole strauss tough pan 2.6L\",\"nme\":\"Strauss Tough Pan Casserole 2.6L\",\"attr\":\"\",\"sku\":\"21480\",\"l2\":\"Batterie de cuisine\",\"sl\":\"casserole-strauss-tough-pan-2.6l-orly-21480\",\"sn\":\"\",\"idxP\":14},{\"mq\":\"Eurodib\",\"nm\":\"Plaque \u00E9lectrique\",\"nme\":\"Electric Plate\",\"attr\":\"\",\"sku\":\"26242\",\"l2\":\"Ustensiles et accessoires\",\"sl\":\"plaque-electrique-eurodib-26242\",\"sn\":\"\",\"idxP\":1},{\"mq\":\"Trudeau\",\"nm\":\"Ensemble 5 tasses \u00E0 mesurer assortis\",\"nme\":\"Assorted Measuring Set\",\"attr\":\"\",\"sku\":\"25113\",\"l2\":\"Accessoire de cuisine\",\"sl\":\"ensemble-5-tasses-a-mesurer-assortis-trudeau-25113\",\"sn\":\"\",\"idxP\":19},{\"mq\":\"Kayali\",\"nm\":\"Assiette \u00E0 tarte 7\\\"\",\"nme\":\"Pie Plate 7\\\"\",\"attr\":\"\",\"sku\":\"38511\",\"l2\":\"Vaisselle\",\"sl\":\"assiette-a-tarte-7-kayali-38511\",\"sn\":\"\",\"idxP\":24},{\"mq\":\"Kayali\",\"nm\":\"Plat au four rectangulaire 5.3L\",\"nme\":\"Rectangular Oven Plate 5.3L\",\"attr\":\"\",\"sku\":\"38520\",\"l2\":\"Vaisselle\",\"sl\":\"plat-au-four-rectangulaire-5.3l-kayali-38520\",\"sn\":\"\",\"idxP\":19},{\"mq\":\"Orly\",\"nm\":\"Po\u00EAlon Strauss Pro 26cm\",\"nme\":\"Frypan Strauss Pro 26cm\",\"attr\":\"\",\"sku\":\"38291\",\"l2\":\"Batterie de cuisine\",\"sl\":\"poelon-strauss-pro-26cm-orly-38291\",\"sn\":\"\",\"idxP\":15},{\"mq\":\"Starfrit\",\"nm\":\"Ensemble de 3 pinces\",\"nme\":\"Set of 3 tongs\",\"attr\":\"\u00C9cologique\",\"sku\":\"28539\",\"l2\":\"Ustensiles et accessoires\",\"sl\":\"ensemble-de-3-pinces-starfrit-28539\",\"sn\":\"\",\"idxP\":10},{\"mq\":\"Sevy\",\"nm\":\"Vaporisateur d'huile misto gourmet\",\"nme\":\"Misto Gourmet Oil Sprayer\",\"attr\":\"\",\"sku\":\"24539\",\"l2\":\"Service de table\",\"sl\":\"vaporisateur-dhuile-misto-gourmet-sevy-24539\",\"sn\":\"\",\"idxP\":19},{\"mq\":\"Bunn\",\"nm\":\"Carafe \u00E0 caf\u00E9 r\u00E9gulier\",\"nme\":\"Regular coffee carafe\",\"attr\":\"\",\"sku\":\"26168\",\"l2\":\"Service de table\",\"sl\":\"carafe-a-cafe-regulier-bunn-26168\",\"sn\":\"\",\"idxP\":18},{\"mq\":\"Kayali\",\"nm\":\"Ramequin 2.75\\\"\",\"nme\":\"Ramekin 2.75\\\"\",\"attr\":\"\",\"sku\":\"39590\",\"l2\":\"Vaisselle\",\"sl\":\"ramequin-2.75-kayali-39590\",\"sn\":\"\",\"idxP\":38},{\"mq\":\"Dynamic\",\"nm\":\"Essoreuse \u00E0 salade commerciale 5 litres\",\"nme\":\"5L commercial salad spinner\",\"attr\":\"\",\"sku\":\"29701\",\"l2\":\"Accessoire de cuisine\",\"sl\":\"essoreuse-a-salade-commerciale-5-litres-dynamic-29701\",\"sn\":\"\",\"idxP\":14},{\"mq\":\"Orly\",\"nm\":\"Wok tough pan 32cm\",\"nme\":\"Wok tough pan 32cm\",\"attr\":\"\",\"sku\":\"29796\",\"l2\":\"Batterie de cuisine\",\"sl\":\"wok-tough-pan-32cm-orly-29796\",\"sn\":\"\",\"idxP\":19},{\"mq\":\"Orly\",\"nm\":\"Casserole tough pan 18cm\",\"nme\":\"Saucepan 18cm\",\"attr\":\"\",\"sku\":\"29795\",\"l2\":\"Batterie de cuisine\",\"sl\":\"casserole-tough-pan-18cm-orly-29795\",\"sn\":\"\",\"idxP\":11},{\"mq\":\"Orly\",\"nm\":\"Wok tough pan 28cm\",\"nme\":\"Wok tough pan 28cm\",\"attr\":\"\",\"sku\":\"29797\",\"l2\":\"Batterie de cuisine\",\"sl\":\"wok-tough-pan-28cm-orly-29797\",\"sn\":\"\",\"idxP\":14},{\"mq\":\"Orly\",\"nm\":\"Cr\u00EApi\u00E8re strauss quantanium IND 26cm\",\"nme\":\"26cm strauss quantanium IND pancake pan\",\"attr\":\"\",\"sku\":\"38229\",\"l2\":\"Batterie de cuisine\",\"sl\":\"crepiere-strauss-quantanium-ind-26cm-orly-38229\",\"sn\":\"\",\"idxP\":19},{\"mq\":\"Orly\",\"nm\":\"NETTOYEUR INOX&PORCE COOL K\",\"nme\":\"STAINLESS&PORCEL CLEAN COOL\",\"attr\":\"\",\"sku\":\"38337\",\"l2\":\"Batterie de cuisine\",\"sl\":\"nettoyeur-inoxporce-cool-k-orly-38337\",\"sn\":\"\",\"idxP\":15},{\"mq\":\"Safdie\",\"nm\":\"Bol carr\u00E9 16cm\",\"nme\":\"Square Bowl 16cm\",\"attr\":\"\",\"sku\":\"29946\",\"l2\":\"Vaisselle\",\"sl\":\"bol-carre-16cm-safdie-29946\",\"sn\":\"\",\"idxP\":25},{\"mq\":\"Safdie\",\"nm\":\"Assiette rectangulaire 24\\\"x13\\\"\",\"nme\":\"Rectangular plate 24\\\"x13\\\"\",\"attr\":\"\",\"sku\":\"29951\",\"l2\":\"Vaisselle\",\"sl\":\"assiette-rectangulaire-24x13-safdie-29951\",\"sn\":\"\",\"idxP\":31},{\"mq\":\"Browne\",\"nm\":\"Verre tout usage 13.5oz 400ml Reserva\",\"nme\":\"All purpose glass 13.5oz 400ml Reserva\",\"attr\":\"\",\"sku\":\"30713\",\"l2\":\"Verrerie\",\"sl\":\"verre-tout-usage-13.5oz-400ml-reserva-browne-30713\",\"sn\":\"\",\"idxP\":2},{\"mq\":\"Browne\",\"nm\":\"Verre \u00E0 Martini 10oz 300ml Reserva\",\"nme\":\"Martini glass 10oz 300ml Reserva\",\"attr\":\"\",\"sku\":\"30703\",\"l2\":\"Verrerie\",\"sl\":\"verre-a-martini-10oz-300ml-reserva-browne-30703\",\"sn\":\"\",\"idxP\":1},{\"mq\":\"Browne\",\"nm\":\"Verres \u00E0 vin 10.5oz - 310ml Reserva\",\"nme\":\"Wine glasses 10.5oz - 310ml Reserva\",\"attr\":\"\",\"sku\":\"30690\",\"l2\":\"Verrerie\",\"sl\":\"verres-a-vin-10.5oz-310ml-reserva-browne-30690\",\"sn\":\"\",\"idxP\":0},{\"mq\":\"Labell\",\"nm\":\"Planche \u00E0 steak rectangulaire 8.5\\\"x12.25\\\"\",\"nme\":\"Rectangular steak board 8.5\\\"x12.25\\\"\",\"attr\":\"\",\"sku\":\"31419\",\"l2\":\"Planche\",\"sl\":\"planche-a-steak-rectangulaire-8.5x12.25-labell-31419\",\"sn\":\"\",\"idxP\":21},{\"mq\":\"Orly\",\"nm\":\"Machine \u00E0 p\u00E2tes classique Jumbo\",\"nme\":\"Jumbo classic pasta machine\",\"attr\":\"\",\"sku\":\"31389\",\"l2\":\"Ustensiles et accessoires\",\"sl\":\"machine-a-pates-classique-jumbo-orly-31389\",\"sn\":\"\",\"idxP\":7},{\"mq\":\"Browne\",\"nm\":\"Bol empilable 10.5oz 310ml\",\"nme\":\"Stacking bowl 10.5oz 310ml\",\"attr\":\"\",\"sku\":\"31076\",\"l2\":\"Vaisselle\",\"sl\":\"bol-empilable-10.5oz-310ml-browne-31076\",\"sn\":\"\",\"idxP\":48},{\"mq\":\"Orly\",\"nm\":\"WOK STRAUSS TANGO 32CM\",\"nme\":\"WOK STRAUSS TANGO 32CM\",\"attr\":\"\",\"sku\":\"38285\",\"l2\":\"Batterie de cuisine\",\"sl\":\"wok-strauss-tango-32cm-orly-38285\",\"sn\":\"\",\"idxP\":14},{\"mq\":\"Browne\",\"nm\":\"Bol \u00E0 c\u00E9r\u00E9ales 15oz 444ml\",\"nme\":\"Cereal bowl 15oz 444ml\",\"attr\":\"\",\"sku\":\"30654\",\"l2\":\"Vaisselle\",\"sl\":\"bol-a-cereales-15oz-444ml-browne-30654\",\"sn\":\"\",\"idxP\":45},{\"mq\":\"Labell\",\"nm\":\"Planche \u00E0 steak ovale 9\\\"x15.75\\\"\",\"nme\":\"Oval steak board 9\\\"x12.75\\\"\",\"attr\":\"\",\"sku\":\"31418\",\"l2\":\"Planche\",\"sl\":\"planche-a-steak-ovale-9x15.75-labell-31418\",\"sn\":\"\",\"idxP\":20},{\"mq\":\"Orly\",\"nm\":\"Machine pate inox\",\"nme\":\"Inox pasta machine\",\"attr\":\"\",\"sku\":\"38434\",\"l2\":\"Ustensiles et accessoires\",\"sl\":\"machine-pate-inox-orly-38434\",\"sn\":\"\",\"idxP\":68},{\"mq\":\"Ricardo\",\"nm\":\"Fermetures \u00E0 sac 6 pi\u00E8ces\",\"nme\":\"6 pieces bag sealers\",\"attr\":\"\",\"sku\":\"32797\",\"l2\":\"Ustensiles et accessoires\",\"sl\":\"fermetures-a-sac-6-pieces-ricardo-32797\",\"sn\":\"\",\"idxP\":1},{\"mq\":\"Sagetra\",\"nm\":\"Couvercle long uni demi grandeur\",\"nme\":\"Half size long cover\",\"attr\":\"\",\"sku\":\"32964\",\"l2\":\"Buffet\",\"sl\":\"couvercle-long-uni-demi-grandeur-sagetra-32964\",\"sn\":\"\",\"idxP\":8},{\"mq\":\"Sagetra\",\"nm\":\"Aplatisseur de steak en fonte\",\"nme\":\"Cast iron steak flatener\",\"attr\":\"\",\"sku\":\"33127\",\"l2\":\"Ustensiles et accessoires\",\"sl\":\"aplatisseur-de-steak-en-fonte-sagetra-33127\",\"sn\":\"\",\"idxP\":20},{\"mq\":\"Sagetra\",\"nm\":\"Spatule \u00E0 m\u00E9langer en bois 24\\\"\",\"nme\":\"Wooden mixing spatula 24\\\"\",\"attr\":\"\",\"sku\":\"33125\",\"l2\":\"Ustensiles et accessoires\",\"sl\":\"spatule-a-melanger-en-bois-24-sagetra-33125\",\"sn\":\"\",\"idxP\":5},{\"mq\":\"Sagetra\",\"nm\":\"Spatule \u00E0 m\u00E9langer en bois 30\\\"\",\"nme\":\"Wooden mixing spatula 30\\\"\",\"attr\":\"\",\"sku\":\"33126\",\"l2\":\"Ustensiles et accessoires\",\"sl\":\"spatule-a-melanger-en-bois-30-sagetra-33126\",\"sn\":\"\",\"idxP\":6},{\"mq\":\"Safdie\",\"nm\":\"Ensemble de couteaux avec support 6 morceaux\",\"nme\":\"Set of knives with holder 6 pieces\",\"attr\":\"\",\"sku\":\"33173\",\"l2\":\"Couteau de chef\",\"sl\":\"ensemble-de-couteaux-avec-support-6-morceaux-safdie-33173\",\"sn\":\"\",\"idxP\":15},{\"mq\":\"Labell\",\"nm\":\"Planche utilitaire 10\\\"x14\\\"x0.75\\\"\",\"nme\":\"Utility board 10\\\"x14\\\"x0.75\\\"\",\"attr\":\"\",\"sku\":\"33821\",\"l2\":\"Planche\",\"sl\":\"planche-utilitaire-10x14x0.75-labell-33821\",\"sn\":\"\",\"idxP\":20},{\"mq\":\"Trudeau\",\"nm\":\"Bol \u00E0 m\u00E9langer en verre 122oz\",\"nme\":\"Glass mixing bowl 122oz\",\"attr\":\"\",\"sku\":\"35259\",\"l2\":\"Vaisselle\",\"sl\":\"bol-a-melanger-en-verre-122oz-trudeau-35259\",\"sn\":\"\",\"idxP\":21}], [{\"mq\":\"Ricardo\",\"nm\":\"Contenant alimentaire isol\u00E9\",\"nme\":\"Isolated food container\",\"attr\":\"\",\"sku\":\"34729\",\"l2\":\"Contenant et pot\",\"sl\":\"contenant-alimentaire-isole-ricardo-34729\",\"sn\":\"\",\"idxP\":3},{\"mq\":\"Trudeau\",\"nm\":\"Bol \u00E0 m\u00E9langer en verre 57oz\",\"nme\":\"Glass mixing bowl 57oz\",\"attr\":\"\",\"sku\":\"35265\",\"l2\":\"Vaisselle\",\"sl\":\"bol-a-melanger-en-verre-57oz-trudeau-35265\",\"sn\":\"\",\"idxP\":22},{\"mq\":\"Trudeau\",\"nm\":\"Bol \u00E0 m\u00E9langer en verre 12oz\",\"nme\":\"Glass mixing bowl 12oz\",\"attr\":\"\",\"sku\":\"35270\",\"l2\":\"Vaisselle\",\"sl\":\"bol-a-melanger-en-verre-12oz-trudeau-35270\",\"sn\":\"\",\"idxP\":38},{\"mq\":\"Gourmet\",\"nm\":\"R\u00E2pe avec contenant ensemble de 3\",\"nme\":\"Grater with container set of 3\",\"attr\":\"\",\"sku\":\"34915\",\"l2\":\"Ustensiles et accessoires\",\"sl\":\"rape-avec-contenant-ensemble-de-3-gourmet-34915\",\"sn\":\"\",\"idxP\":12},{\"mq\":\"Gourmet\",\"nm\":\"Pinceau\",\"nme\":\"Brush\",\"attr\":\"\",\"sku\":\"34868\",\"l2\":\"Accessoire de p\u00E2tisserie\",\"sl\":\"pinceau-gourmet-34868\",\"sn\":\"\",\"idxP\":8},{\"mq\":\"Trudeau\",\"nm\":\"Bol \u00E0 m\u00E9langer en verre 19oz\",\"nme\":\"Glass mixing bowl 19oz\",\"attr\":\"\",\"sku\":\"35269\",\"l2\":\"Vaisselle\",\"sl\":\"bol-a-melanger-en-verre-19oz-trudeau-35269\",\"sn\":\"\",\"idxP\":30},{\"mq\":\"Trudeau\",\"nm\":\"Bol \u00E0 m\u00E9langer en verre 82oz\",\"nme\":\"Glass mixing bowl 82oz\",\"attr\":\"\",\"sku\":\"35260\",\"l2\":\"Vaisselle\",\"sl\":\"bol-a-melanger-en-verre-82oz-trudeau-35260\",\"sn\":\"\",\"idxP\":18},{\"mq\":\"Trudeau\",\"nm\":\"Bol \u00E0 m\u00E9langer en verre 3.25oz\",\"nme\":\"Glass mixing bowl 3.25oz\",\"attr\":\"\",\"sku\":\"35294\",\"l2\":\"Vaisselle\",\"sl\":\"bol-a-melanger-en-verre-3.25oz-trudeau-35294\",\"sn\":\"\",\"idxP\":71},{\"mq\":\"Trudeau\",\"nm\":\"Bol \u00E0 m\u00E9langer en verre 8oz\",\"nme\":\"Glass mixing bowl 8oz\",\"attr\":\"\",\"sku\":\"35286\",\"l2\":\"Vaisselle\",\"sl\":\"bol-a-melanger-en-verre-8oz-trudeau-35286\",\"sn\":\"\",\"idxP\":40},{\"mq\":\"Trudeau\",\"nm\":\"Bol \u00E0 m\u00E9langer en verre 35oz\",\"nme\":\"Glass mixing bowl 35oz\",\"attr\":\"\",\"sku\":\"35266\",\"l2\":\"Vaisselle\",\"sl\":\"bol-a-melanger-en-verre-35oz-trudeau-35266\",\"sn\":\"\",\"idxP\":25},{\"mq\":\"Starfrit\",\"nm\":\"Contenant \u00E0 jus grand format 4L Locknlock\",\"nme\":\"Extra large juice container 4L Locknlock\",\"attr\":\"\",\"sku\":\"32738\",\"l2\":\"Service de table\",\"sl\":\"contenant-a-jus-grand-format-4l-locknlock-starfrit-32738\",\"sn\":\"\",\"idxP\":15},{\"mq\":\"Starfrit\",\"nm\":\"Presse-hamburger\",\"nme\":\"Hamburger Press\",\"attr\":\"\",\"sku\":\"35675\",\"l2\":\"Ustensiles et accessoires\",\"sl\":\"presse-hamburger-starfrit-35675\",\"sn\":\"\",\"idxP\":8},{\"mq\":\"Arco\",\"nm\":\"Linge \u00E0 vaisselle moy carreaux 12 morceaux 23x34\",\"nme\":\"Med Chequered Tea Towel 12 pieces 23\\\"x34\\\"\",\"attr\":\"\",\"sku\":\"22335\",\"l2\":\"Serviette et nappe\",\"sl\":\"linge-a-vaisselle-moy-carreaux-12-morceaux-23x34-arco-22335\",\"sn\":\"\",\"idxP\":41},{\"mq\":\"Orly\",\"nm\":\"Po\u00EAlon Tough Pan 26 cm\",\"nme\":\"Fry Pan Tough Pan 26 cm\",\"attr\":\"\",\"sku\":\"36277\",\"l2\":\"Batterie de cuisine\",\"sl\":\"poelon-tough-pan-26-cm-orly-36277\",\"sn\":\"\",\"idxP\":19},{\"mq\":\"Arco\",\"nm\":\"Linge \u00E0 vaisselle petit carreaux 12 morceaux 23x34\",\"nme\":\"Small Chequered Tea Towel 12 pieces 23\\\"x34\\\"\",\"attr\":\"\",\"sku\":\"22337\",\"l2\":\"Serviette et nappe\",\"sl\":\"linge-a-vaisselle-petit-carreaux-12-morceaux-23x34-arco-22337\",\"sn\":\"\",\"idxP\":33},{\"mq\":\"Orly\",\"nm\":\"Po\u00EAlon Tough Pan 30 cm\",\"nme\":\"Fry Pan Tough Pan 30 cm\",\"attr\":\"\",\"sku\":\"36273\",\"l2\":\"Batterie de cuisine\",\"sl\":\"poelon-tough-pan-30-cm-orly-36273\",\"sn\":\"\",\"idxP\":21},{\"mq\":\"Starfrit\",\"nm\":\"Support \u00E0 bocaux\",\"nme\":\"Jar rack\",\"attr\":\"\",\"sku\":\"36829\",\"l2\":\"Ustensiles et accessoires\",\"sl\":\"support-a-bocaux-starfrit-36829\",\"sn\":\"\",\"idxP\":13},{\"mq\":\"Starfrit\",\"nm\":\"Pince \u00E0 bocaux\",\"nme\":\"Jar Tongs\",\"attr\":\"\",\"sku\":\"36830\",\"l2\":\"Ustensiles et accessoires\",\"sl\":\"pince-a-bocaux-starfrit-36830\",\"sn\":\"\",\"idxP\":14},{\"mq\":\"Kayali\",\"nm\":\"Pot Mason en verre 150ml\",\"nme\":\"Mason glass jar150ml\",\"attr\":\"\",\"sku\":\"39215\",\"l2\":\"Contenant et pot\",\"sl\":\"pot-mason-en-verre-150ml-kayali-39215\",\"sn\":\"\",\"idxP\":14},{\"mq\":\"Kayali\",\"nm\":\"Pot Mason150ml ensemble de 4\",\"nme\":\"Mason jar150ml set of 4\",\"attr\":\"\",\"sku\":\"39235\",\"l2\":\"Contenant et pot\",\"sl\":\"pot-mason150ml-ensemble-de-4-kayali-39235\",\"sn\":\"\",\"idxP\":46},{\"mq\":\"Orly\",\"nm\":\"Passoire en inox 18cm\",\"nme\":\"stainless steel strainer 18cm\",\"attr\":\"\",\"sku\":\"40271\",\"l2\":\"Accessoire de cuisine\",\"sl\":\"passoire-en-inox-18cm-orly-40271\",\"sn\":\"\",\"idxP\":20},{\"mq\":\"Orly\",\"nm\":\"Passoire en inox 13cm\",\"nme\":\"stainless steel strainer 13cm\",\"attr\":\"\",\"sku\":\"40272\",\"l2\":\"Accessoire de cuisine\",\"sl\":\"passoire-en-inox-13cm-orly-40272\",\"sn\":\"\",\"idxP\":13},{\"mq\":\"Orly\",\"nm\":\"Passoire en inox 20cm\",\"nme\":\"stainless steel strainer 20cm\",\"attr\":\"\",\"sku\":\"40270\",\"l2\":\"Accessoire de cuisine\",\"sl\":\"passoire-en-inox-20cm-orly-40270\",\"sn\":\"\",\"idxP\":21},{\"mq\":\"Orly\",\"nm\":\"Passoire en inox 23cm\",\"nme\":\"stainless steel strainer 23cm\",\"attr\":\"\",\"sku\":\"40269\",\"l2\":\"Accessoire de cuisine\",\"sl\":\"passoire-en-inox-23cm-orly-40269\",\"sn\":\"\",\"idxP\":25},{\"mq\":\"Starfrit\",\"nm\":\"Plateau de transport\",\"nme\":\"Party carrier\",\"attr\":\"\",\"sku\":\"40744\",\"l2\":\"Service de table\",\"sl\":\"plateau-de-transport-starfrit-40744\",\"sn\":\"plateau\",\"idxP\":13},{\"mq\":\"Starfrit\",\"nm\":\"Balance digitale acier inoxydable 5kg\",\"nme\":\"Stainless Steel Digital Scale 5kg\",\"attr\":\"\",\"sku\":\"40740\",\"l2\":\"Accessoire de cuisine\",\"sl\":\"balance-digitale-acier-inoxydable-5kg-starfrit-40740\",\"sn\":\"\",\"idxP\":35},{\"mq\":\"Adamo\",\"nm\":\"Passoire avec poign\u00E9e en acier inoxydable 75cm\",\"nme\":\"Stainless Steel with Handle Scoop Strainer 75cm\",\"attr\":\"\",\"sku\":\"41007\",\"l2\":\"Ustensile de table\",\"sl\":\"passoire-avec-poignee-en-acier-inoxydable-75cm-adamo-41007\",\"sn\":\"\",\"idxP\":13},{\"mq\":\"Mayrand CHEF\",\"nm\":\"Planche Mayrand Chef 7\\\" x 14\\\"\",\"nme\":\"Mayrand Chef board 7\\\" x 14\\\"\",\"attr\":\"\",\"sku\":\"25678\",\"l2\":\"Planche\",\"sl\":\"planche-mayrand-chef-7-x-14-mayrand-chef-25678\",\"sn\":\"\",\"idxP\":17},{\"mq\":\"Kayali\",\"nm\":\"Couvercle et disque r\u00E9gulier\",\"nme\":\"Regular Lid and snap\",\"attr\":\"\",\"sku\":\"24840\",\"l2\":\"Contenant et pot\",\"sl\":\"couvercle-et-disque-regulier-kayali-24840\",\"sn\":\"\",\"idxP\":49},{\"mq\":\"Kayali\",\"nm\":\"Disques pour bocaux\",\"nme\":\"Snap lids for jars\",\"attr\":\"\",\"sku\":\"24839\",\"l2\":\"Contenant et pot\",\"sl\":\"disques-pour-bocaux-kayali-24839\",\"sn\":\"\",\"idxP\":38},{\"mq\":\"Sagetra\",\"nm\":\"Cuill\u00E8re en bois 16\\\"\",\"nme\":\"Wood Spoon 16\\\"\",\"attr\":\"\",\"sku\":\"10396\",\"l2\":\"Ustensiles et accessoires\",\"sl\":\"cuillere-en-bois-16-sagetra-10396\",\"sn\":\"\",\"idxP\":37},{\"mq\":\"Sagetra\",\"nm\":\"Cuill\u00E8re en bois 18\\\"\",\"nme\":\"Wood Spoon 18\\\"\",\"attr\":\"\",\"sku\":\"10394\",\"l2\":\"Ustensiles et accessoires\",\"sl\":\"cuillere-en-bois-18-sagetra-10394\",\"sn\":\"\",\"idxP\":28},{\"mq\":\"Kayali\",\"nm\":\"Verre a shooter 1 oz \\\/ 35ml\",\"nme\":\"Shooter Glass 1 oz \\\/ 35ml\",\"attr\":\"\",\"sku\":\"38587\",\"l2\":\"Verrerie\",\"sl\":\"verre-a-shooter-1-oz-35ml-kayali-38587\",\"sn\":\"\",\"idxP\":22},{\"mq\":\"Sevy\",\"nm\":\"Mini moule \u00E0 g\u00E2teau canel\u00E9 4.75\\\"\",\"nme\":\"Mini fluted cake pan 4,75\\\"\",\"attr\":\"\",\"sku\":\"00209\",\"l2\":\"Accessoire de p\u00E2tisserie\",\"sl\":\"mini-moule-a-gateau-canele-4.75-sevy-00209\",\"sn\":\"moules\",\"idxP\":12},{\"mq\":\"Browne\",\"nm\":\"Plaque \u00E0 biscuits 9X13\",\"nme\":\"Bun Pan 13\\\"X9\\\"\",\"attr\":\"\",\"sku\":\"39951\",\"l2\":\"Accessoire de p\u00E2tisserie\",\"sl\":\"plaque-a-biscuits-9x13-sagetra-39951\",\"sn\":\"\",\"idxP\":88},{\"mq\":\"Sevy\",\"nm\":\"Mini moule \u00E0 pain 6po\",\"nme\":\"Mini loaf pan 6\\\"\",\"attr\":\"\",\"sku\":\"00210\",\"l2\":\"Accessoire de p\u00E2tisserie\",\"sl\":\"mini-moule-a-pain-6po-sevy-00210\",\"sn\":\"moules\",\"idxP\":12},{\"mq\":\"Sevy\",\"nm\":\"Ouvre-bo\u00EEte \u00E0 manivelle pivotante Swing Away\",\"nme\":\"Crank manuel can opener Swing Away\",\"attr\":\"\",\"sku\":\"00214\",\"l2\":\"Ustensiles et accessoires\",\"sl\":\"ouvre-boite-a-manivelle-pivotante-swing-away-sevy-00214\",\"sn\":\"\",\"idxP\":25},{\"mq\":\"Browne\",\"nm\":\"Plaque \u00E0 biscuits  13X18\",\"nme\":\"Bun Pan 18\\\"X13\\\"\",\"attr\":\"\",\"sku\":\"39953\",\"l2\":\"Accessoire de p\u00E2tisserie\",\"sl\":\"plaque-a-biscuits-13x18-sagetra-39953\",\"sn\":\"\",\"idxP\":51},{\"mq\":\"Sevy\",\"nm\":\"Ciseaux \u00E0 volaille.\",\"nme\":\"Poultry scissors.\",\"attr\":\"\",\"sku\":\"00213\",\"l2\":\"Ustensiles et accessoires\",\"sl\":\"ciseaux-a-volaille.-sevy-00213\",\"sn\":\"poulet\",\"idxP\":11},{\"mq\":\"Sevy\",\"nm\":\"\u00C9plucheur inox  Swing Away\",\"nme\":\"Peeler stainless steel Swing Away\",\"attr\":\"\",\"sku\":\"00220\",\"l2\":\"Ustensiles et accessoires\",\"sl\":\"eplucheur-inox-swing-away-sevy-00220\",\"sn\":\"\",\"idxP\":17},{\"mq\":\"Empire\",\"nm\":\"Tasse \u00E0 mesurer 32oz\",\"nme\":\"32oz measuring cup\",\"attr\":\"\",\"sku\":\"00301\",\"l2\":\"Accessoire de cuisine\",\"sl\":\"tasse-a-mesurer-32oz-empire-00301\",\"sn\":\"\",\"idxP\":36},{\"mq\":\"Empire\",\"nm\":\"Moule \u00E0 pain 1.5 litre\",\"nme\":\"1.5 Lt  loaf dish\",\"attr\":\"\",\"sku\":\"00307\",\"l2\":\"Accessoire de p\u00E2tisserie\",\"sl\":\"moule-a-pain-1.5-litre-empire-00307\",\"sn\":\"moules\",\"idxP\":18},{\"mq\":\"Trudeau\",\"nm\":\"Moule \u00E0 muffin r\u00E9gulier (12) confetti\",\"nme\":\"Muffin pan (12) confetti\",\"attr\":\"\",\"sku\":\"27622\",\"l2\":\"Accessoire de p\u00E2tisserie\",\"sl\":\"moule-a-muffin-regulier-12-confetti-trudeau-27622\",\"sn\":\"moules\",\"idxP\":56},{\"mq\":\"Standa\",\"nm\":\"Assiette \u00E0 pr\u00E9sentation rouge contour perle 13\\\"\",\"nme\":\"Red Charger Plate 13\\\"\",\"attr\":\"\",\"sku\":\"25386\",\"l2\":\"Vaisselle\",\"sl\":\"assiette-a-presentation-rouge-contour-perle-13-standa-25386\",\"sn\":\"\",\"idxP\":4},{\"mq\":\"Sevy\",\"nm\":\"Cuill\u00E8res \u00E0 mesurer 5 pi\u00E8ces stainless\",\"nme\":\"Stainless mesuring spoon 5pcs\",\"attr\":\"\",\"sku\":\"00212\",\"l2\":\"Accessoire de cuisine\",\"sl\":\"cuilleres-a-mesurer-5-pieces-stainless-sevy-00212\",\"sn\":\"\",\"idxP\":21},{\"mq\":\"Empire\",\"nm\":\"Tasse \u00E0 mesurer 2 litres\",\"nme\":\"2 Lt batter bowl\",\"attr\":\"\",\"sku\":\"00305\",\"l2\":\"Accessoire de cuisine\",\"sl\":\"tasse-a-mesurer-2-litres-empire-00305\",\"sn\":\"\",\"idxP\":28},{\"mq\":\"Sevy\",\"nm\":\"Pinceau \u00E0 p\u00E2tisserie rond 25cm\",\"nme\":\"Pastry brush round 25cm\",\"attr\":\"\",\"sku\":\"00216\",\"l2\":\"Accessoire de p\u00E2tisserie\",\"sl\":\"pinceau-a-patisserie-rond-25cm-sevy-00216\",\"sn\":\"\",\"idxP\":13},{\"mq\":\"Empire\",\"nm\":\"Tasse \u00E0 mesurer 8oz\",\"nme\":\"8oz measuring cup\",\"attr\":\"\",\"sku\":\"00295\",\"l2\":\"Accessoire de cuisine\",\"sl\":\"tasse-a-mesurer-8oz-empire-00295\",\"sn\":\"\",\"idxP\":26},{\"mq\":\"Adamo\",\"nm\":\"Chalumeau de cuisine\",\"nme\":\"Kitchen torch\",\"attr\":\"\",\"sku\":\"01022\",\"l2\":\"Accessoire de p\u00E2tisserie\",\"sl\":\"chalumeau-de-cuisine-adamo-01022\",\"sn\":\"\",\"idxP\":36},{\"mq\":\"Bios\",\"nm\":\"Thermom\u00E8tre programmable avec minuterie\",\"nme\":\"Programmable thermometer with timer\",\"attr\":\"\",\"sku\":\"01034\",\"l2\":\"Ustensiles et accessoires\",\"sl\":\"thermometre-programmable-avec-minuterie-bios-01034\",\"sn\":\"\",\"idxP\":15},{\"mq\":\"Bios\",\"nm\":\"Minuteur mini\",\"nme\":\"Mini timer\",\"attr\":\"\",\"sku\":\"01039\",\"l2\":\"Ustensiles et accessoires\",\"sl\":\"minuteur-mini-bios-01039\",\"sn\":\"\",\"idxP\":14},{\"mq\":\"Adamo\",\"nm\":\"Cuill\u00E8re de bois 45cm\",\"nme\":\"Wooden spoon 45cm\",\"attr\":\"\",\"sku\":\"01102\",\"l2\":\"Ustensiles et accessoires\",\"sl\":\"cuillere-de-bois-45cm-adamo-01102\",\"sn\":\"\",\"idxP\":0},{\"mq\":\"Adamo\",\"nm\":\"Cuill\u00E8re de bois 30cm\",\"nme\":\"Wooden spoon 30cm\",\"attr\":\"\",\"sku\":\"01113\",\"l2\":\"Ustensiles et accessoires\",\"sl\":\"cuillere-de-bois-30cm-adamo-01113\",\"sn\":\"\",\"idxP\":0},{\"mq\":\"Bios\",\"nm\":\"Thermom\u00E8tre \u00E0 viande 3po\",\"nme\":\"3\\\" meat thermometer\",\"attr\":\"\",\"sku\":\"01033\",\"l2\":\"Ustensiles et accessoires\",\"sl\":\"thermometre-a-viande-3po-bios-01033\",\"sn\":\"\",\"idxP\":16},{\"mq\":\"Bios\",\"nm\":\"Minuteur\",\"nme\":\"Timer\",\"attr\":\"\",\"sku\":\"01040\",\"l2\":\"Ustensiles et accessoires\",\"sl\":\"minuteur-bios-01040\",\"sn\":\"\",\"idxP\":20},{\"mq\":\"Adamo\",\"nm\":\"Casse-noix \\\/ homard inox 16cm\",\"nme\":\"Stainless steel nutcracker \\\/ lobster\",\"attr\":\"\",\"sku\":\"01089\",\"l2\":\"Ustensile de table\",\"sl\":\"casse-noix-homard-inox-16cm-adamo-01089\",\"sn\":\"\",\"idxP\":11},{\"mq\":\"Adamo\",\"nm\":\"Cuill\u00E8re de bois 35cm\",\"nme\":\"Wooden Spoon 35cm\",\"attr\":\"\",\"sku\":\"01105\",\"l2\":\"Ustensiles et accessoires\",\"sl\":\"cuillere-de-bois-35cm-adamo-01105\",\"sn\":\"\",\"idxP\":0},{\"mq\":\"Bios\",\"nm\":\"Thermom\u00E8tre digital r\u00E9frig\u00E9ration et cong\u00E9lation\",\"nme\":\"Digital refrigeration ahd freezing thermometer\",\"attr\":\"\",\"sku\":\"01035\",\"l2\":\"Ustensiles et accessoires\",\"sl\":\"thermometre-digital-refrigeration-et-congelation-bios-01035\",\"sn\":\"\",\"idxP\":11},{\"mq\":\"Adamo\",\"nm\":\"Cuill\u00E8re de bois 40cm\",\"nme\":\"Wooden Spoon 45cm\",\"attr\":\"\",\"sku\":\"01103\",\"l2\":\"Ustensiles et accessoires\",\"sl\":\"cuillere-de-bois-40cm-adamo-01103\",\"sn\":\"\",\"idxP\":0},{\"mq\":\"Adamo\",\"nm\":\"Presse-agrumes classique 15cm\",\"nme\":\"Classic citrus press 15cm\",\"attr\":\"\",\"sku\":\"01092\",\"l2\":\"Ustensiles et accessoires\",\"sl\":\"presse-agrumes-classique-15cm-adamo-01092\",\"sn\":\"\",\"idxP\":10},{\"mq\":\"Adamo\",\"nm\":\"Presse-pur\u00E9e S\\\/S 25cm\",\"nme\":\"Masher S\\\/S 25cm\",\"attr\":\"\",\"sku\":\"01124\",\"l2\":\"Ustensiles et accessoires\",\"sl\":\"presse-puree-ss-25cm-adamo-01124\",\"sn\":\"\",\"idxP\":20},{\"mq\":\"Bios\",\"nm\":\"Thermom\u00E8tre \u00E0 bonbon et \u00E0 friture\",\"nme\":\"Candy and fry thermometer\",\"attr\":\"\",\"sku\":\"01037\",\"l2\":\"Ustensiles et accessoires\",\"sl\":\"thermometre-a-bonbon-et-a-friture-bios-01037\",\"sn\":\"\",\"idxP\":19},{\"mq\":\"Browne\",\"nm\":\"Cuill\u00E8re \u00E0 cr\u00E8me glac\u00E9e ivoire #10\",\"nme\":\"#10 Ivory Ice Cream Scoop\",\"attr\":\"\",\"sku\":\"01206\",\"l2\":\"Ustensiles et accessoires\",\"sl\":\"cuillere-a-creme-glacee-ivoire-10-browne-01206\",\"sn\":\"\",\"idxP\":30},{\"mq\":\"Browne\",\"nm\":\"Cuill\u00E8re \u00E0 cr\u00E8me glac\u00E9e violette #40\",\"nme\":\"#40 Purple Ice Cream Scoop\",\"attr\":\"\",\"sku\":\"01212\",\"l2\":\"Ustensiles et accessoires\",\"sl\":\"cuillere-a-creme-glacee-violette-40-browne-01212\",\"sn\":\"\",\"idxP\":40},{\"mq\":\"Browne\",\"nm\":\"Cuill\u00E8re \u00E0 cr\u00E8me glac\u00E9e grise #8\",\"nme\":\"#8 Gray Ice Cream Scoop\",\"attr\":\"\",\"sku\":\"01205\",\"l2\":\"Ustensiles et accessoires\",\"sl\":\"cuillere-a-creme-glacee-grise-8-browne-01205\",\"sn\":\"\",\"idxP\":31},{\"mq\":\"Browne\",\"nm\":\"Cuill\u00E8re \u00E0 cr\u00E8me glac\u00E9e noire #30\",\"nme\":\"#30 Black Ice Cream Scoop\",\"attr\":\"\",\"sku\":\"01211\",\"l2\":\"Ustensiles et accessoires\",\"sl\":\"cuillere-a-creme-glacee-noire-30-browne-01211\",\"sn\":\"\",\"idxP\":37},{\"mq\":\"Danesco\",\"nm\":\"Repose-baguette\",\"nme\":\"Chopstick rest\",\"attr\":\"\",\"sku\":\"01221\",\"l2\":\"Vaisselle\",\"sl\":\"repose-baguette-danesco-01221\",\"sn\":\"\",\"idxP\":21},{\"mq\":\"Browne\",\"nm\":\"Cuill\u00E8re \u00E0 cr\u00E8me glac\u00E9e verte #12\",\"nme\":\"#12 Green Ice Cream Scoop\",\"attr\":\"\",\"sku\":\"01207\",\"l2\":\"Ustensiles et accessoires\",\"sl\":\"cuillere-a-creme-glacee-verte-12-browne-01207\",\"sn\":\"\",\"idxP\":30},{\"mq\":\"Browne\",\"nm\":\"Cuill\u00E8re \u00E0 cr\u00E8me glac\u00E9e jaune #20\",\"nme\":\"#20 Yellow Ice Cream Scoop\",\"attr\":\"\",\"sku\":\"01209\",\"l2\":\"Ustensiles et accessoires\",\"sl\":\"cuillere-a-creme-glacee-jaune-20-browne-01209\",\"sn\":\"\",\"idxP\":51},{\"mq\":\"Browne\",\"nm\":\"Cuill\u00E8re \u00E0 cr\u00E8me glac\u00E9e rouge #24\",\"nme\":\"#24 Red Ice Cream Scoop\",\"attr\":\"\",\"sku\":\"01210\",\"l2\":\"Ustensiles et accessoires\",\"sl\":\"cuillere-a-creme-glacee-rouge-24-browne-01210\",\"sn\":\"\",\"idxP\":38},{\"mq\":\"Danesco\",\"nm\":\"Bol \u00E0 riz 12,5 cm\",\"nme\":\"Bowl for rice 12,5 cm\",\"attr\":\"\",\"sku\":\"01214\",\"l2\":\"Vaisselle\",\"sl\":\"bol-a-riz-125-cm-danesco-01214\",\"sn\":\"\",\"idxP\":13},{\"mq\":\"Danesco\",\"nm\":\"Bol \u00E0 tremper sauce soja 3oz.\",\"nme\":\"3oz soy sauce dipping bowl\",\"attr\":\"\",\"sku\":\"01215\",\"l2\":\"Vaisselle\",\"sl\":\"bol-a-tremper-sauce-soja-3oz.-danesco-01215\",\"sn\":\"soya, soy\",\"idxP\":33},{\"mq\":\"Danesco\",\"nm\":\"Bol pour le riz 17cm\",\"nme\":\"Bowl for rice 17cm\",\"attr\":\"\",\"sku\":\"01213\",\"l2\":\"Vaisselle\",\"sl\":\"bol-pour-le-riz-17cm-danesco-01213\",\"sn\":\"\",\"idxP\":16},{\"mq\":\"Browne\",\"nm\":\"Cuill\u00E8re \u00E0 cr\u00E8me glac\u00E9e blanche #6\",\"nme\":\"White Ice Cream Spoon #6\",\"attr\":\"\",\"sku\":\"01204\",\"l2\":\"Ustensiles et accessoires\",\"sl\":\"cuillere-a-creme-glacee-blanche-6-browne-01204\",\"sn\":\"\",\"idxP\":27},{\"mq\":\"Browne\",\"nm\":\"Cuill\u00E8re \u00E0 cr\u00E8me glac\u00E9e bleue #16\",\"nme\":\"#16 Blue Ice Cream Scoop\",\"attr\":\"\",\"sku\":\"01208\",\"l2\":\"Ustensiles et accessoires\",\"sl\":\"cuillere-a-creme-glacee-bleue-16-browne-01208\",\"sn\":\"\",\"idxP\":41},{\"mq\":\"Danesco\",\"nm\":\"Pichet mousseur \u00E0 lait\",\"nme\":\"Milk frotter pitcher\",\"attr\":\"\",\"sku\":\"01280\",\"l2\":\"Ustensiles et accessoires\",\"sl\":\"pichet-mousseur-a-lait-danesco-01280\",\"sn\":\"\",\"idxP\":21},{\"mq\":\"Danesco\",\"nm\":\"M\u00E9langeur \u00E0 vinaigrette\",\"nme\":\"Dressing mixer\",\"attr\":\"\",\"sku\":\"01292\",\"l2\":\"Contenant et pot\",\"sl\":\"melangeur-a-vinaigrette-danesco-01292\",\"sn\":\"\",\"idxP\":19},{\"mq\":\"Danesco\",\"nm\":\"Ens. 2mcx pour rouler les sushis\",\"nme\":\"2pc  set for rolling sushi.\",\"attr\":\"\",\"sku\":\"01217\",\"l2\":\"Ustensiles et accessoires\",\"sl\":\"ens.-2mcx-pour-rouler-les-sushis-danesco-01217\",\"sn\":\"\",\"idxP\":15},{\"mq\":\"Danesco\",\"nm\":\"Jeu de 4 ens. de baguettes chinoises  noires.\",\"nme\":\"Set of 4 sets black chopsticks\",\"attr\":\"\",\"sku\":\"01223\",\"l2\":\"Ustensile de table\",\"sl\":\"jeu-de-4-ens.-de-baguettes-chinoises-noires.-danesco-01223\",\"sn\":\"\",\"idxP\":11},{\"mq\":\"Sanelli\",\"nm\":\"Couteau d'office 4.4\\\" rouge\",\"nme\":\"Paring knive 4.4\\\" red\",\"attr\":\"\",\"sku\":\"01402\",\"l2\":\"Couteau de chef\",\"sl\":\"couteau-doffice-4.4-rouge-sanelli-01402\",\"sn\":\"\",\"idxP\":27},{\"mq\":\"Sanelli\",\"nm\":\"Couteau d'office 4.4\\\" bleu\",\"nme\":\"Paring knive 4.4\\\" blue\",\"attr\":\"\",\"sku\":\"01401\",\"l2\":\"Couteau de chef\",\"sl\":\"couteau-doffice-4.4-bleu-sanelli-01401\",\"sn\":\"\",\"idxP\":30},{\"mq\":\"Sanelli\",\"nm\":\"Couteau d'office 4.4\\\" orange\",\"nme\":\"Paring knive 4.4\\\" orange\",\"attr\":\"\",\"sku\":\"01403\",\"l2\":\"Couteau de chef\",\"sl\":\"couteau-doffice-4.4-orange-sanelli-01403\",\"sn\":\"\",\"idxP\":24},{\"mq\":\"Sanelli\",\"nm\":\"Couteau d'office 4,4\\\"  blanc\",\"nme\":\"Paring knive 4,4\\\"  white\",\"attr\":\"\",\"sku\":\"01406\",\"l2\":\"Couteau de chef\",\"sl\":\"couteau-doffice-44-blanc-sanelli-01406\",\"sn\":\"\",\"idxP\":15},{\"mq\":\"Sanelli\",\"nm\":\"Couteau d'office 4.4\\\" jaune\",\"nme\":\"Paring knive 4.4\\\" yellow\",\"attr\":\"\",\"sku\":\"01404\",\"l2\":\"Couteau de chef\",\"sl\":\"couteau-doffice-4.4-jaune-sanelli-01404\",\"sn\":\"\",\"idxP\":28},{\"mq\":\"Sanelli\",\"nm\":\"Couteau d'office 4.4\\\" vert\",\"nme\":\"Paring knive 4.4\\\" green\",\"attr\":\"\",\"sku\":\"01405\",\"l2\":\"Couteau de chef\",\"sl\":\"couteau-doffice-4.4-vert-sanelli-01405\",\"sn\":\"\",\"idxP\":19},{\"mq\":\"Safdie\",\"nm\":\"Jarre en verre 650 ml. avec couvercle Bamboo\",\"nme\":\"Glass jar 650 ml. With bamboo lid\",\"attr\":\"\",\"sku\":\"01498\",\"l2\":\"Contenant et pot\",\"sl\":\"jarre-en-verre-650-ml.-avec-couvercle-bamboo-safdie-01498\",\"sn\":\"\",\"idxP\":15},{\"mq\":\"Safdie\",\"nm\":\"Tasses sur pied 465 ml. Ens. de 2\",\"nme\":\"Footed glass mug set\\\/2\",\"attr\":\"\",\"sku\":\"01489\",\"l2\":\"Vaisselle\",\"sl\":\"tasses-sur-pied-465-ml.-ens.-de-2-safdie-01489\",\"sn\":\"\",\"idxP\":20},{\"mq\":\"Safdie\",\"nm\":\"Shooter verre tremp\u00E9 ens. de 6\",\"nme\":\"Tempered glass shooter set of 6\",\"attr\":\"\",\"sku\":\"01492\",\"l2\":\"Verrerie\",\"sl\":\"shooter-verre-trempe-ens.-de-6-safdie-01492\",\"sn\":\"\",\"idxP\":28},{\"mq\":\"Safdie\",\"nm\":\"Verres \u00E0 jus 200 ml ens. de 6\",\"nme\":\"Glass juice 200ml set\\\/6\",\"attr\":\"\",\"sku\":\"01493\",\"l2\":\"Verrerie\",\"sl\":\"verres-a-jus-200-ml-ens.-de-6-safdie-01493\",\"sn\":\"\",\"idxP\":17},{\"mq\":\"Safdie\",\"nm\":\"Coutellerie 20 mcx inox Nice\",\"nme\":\"Flatware 20 pcs s\\\/s  Nice\",\"attr\":\"\",\"sku\":\"01505\",\"l2\":\"Ustensile de table\",\"sl\":\"coutellerie-20-mcx-inox-nice-safdie-01505\",\"sn\":\"\",\"idxP\":13},{\"mq\":\"Safdie\",\"nm\":\"Mousseur \u00E0 lait 450 ml\",\"nme\":\"Milk frother 450 ml.\",\"attr\":\"\",\"sku\":\"01494\",\"l2\":\"Ustensiles et accessoires\",\"sl\":\"mousseur-a-lait-450-ml-safdie-01494\",\"sn\":\"\",\"idxP\":10},{\"mq\":\"Safdie\",\"nm\":\"Jarre en verre 1.7 L avec couvercle en bamboo\",\"nme\":\"Glass jar 1.7 L with bamboo lid\",\"attr\":\"\",\"sku\":\"01502\",\"l2\":\"Contenant et pot\",\"sl\":\"jarre-en-verre-1.7-l-avec-couvercle-en-bamboo-safdie-01502\",\"sn\":\"\",\"idxP\":15},{\"mq\":\"Safdie\",\"nm\":\"Coutellerie 20 mcx  inox Kelby\",\"nme\":\"Flatware 20 pcs set s\\\/s  Kelby\",\"attr\":\"\",\"sku\":\"01504\",\"l2\":\"Ustensile de table\",\"sl\":\"coutellerie-20-mcx-inox-kelby-safdie-01504\",\"sn\":\"\",\"idxP\":12},{\"mq\":\"Safdie\",\"nm\":\"Jarre en verre 1,4 L avec couvercle en bamboo\",\"nme\":\"Glass jar 1,4 L with bamboo lid\",\"attr\":\"\",\"sku\":\"01501\",\"l2\":\"Contenant et pot\",\"sl\":\"jarre-en-verre-14-l-avec-couvercle-en-bamboo-safdie-01501\",\"sn\":\"\",\"idxP\":8},{\"mq\":\"Safdie\",\"nm\":\"Coutellerie 20 mcx inox Polaris\",\"nme\":\"Flatware 20 pcs s\\\/s Polaris\",\"attr\":\"\",\"sku\":\"01506\",\"l2\":\"Ustensile de table\",\"sl\":\"coutellerie-20-mcx-inox-polaris-safdie-01506\",\"sn\":\"\",\"idxP\":22},{\"mq\":\"Safdie\",\"nm\":\"Jarre en verre 1 L avec couvercle en bamboo\",\"nme\":\"Glass jar 1 L with bamboo lid\",\"attr\":\"\",\"sku\":\"01499\",\"l2\":\"Contenant et pot\",\"sl\":\"jarre-en-verre-1-l-avec-couvercle-en-bamboo-safdie-01499\",\"sn\":\"\",\"idxP\":11},{\"mq\":\"Safdie\",\"nm\":\"Tasses cappuccino double paroi 225 ml. ens. de 2\",\"nme\":\"Dbl wall cappuccino mugs 225 ml. Set\\\/2\",\"attr\":\"\",\"sku\":\"01584\",\"l2\":\"Vaisselle\",\"sl\":\"tasses-cappuccino-double-paroi-225-ml.-ens.-de-2-safdie-01584\",\"sn\":\"\",\"idxP\":16},{\"mq\":\"Trudeau\",\"nm\":\"Caroussel \u00E0 \u00E9pices 12 bouteilles\",\"nme\":\"Jar flick spice caroussel 12 bottles\",\"attr\":\"\",\"sku\":\"01599\",\"l2\":\"Contenant et pot\",\"sl\":\"caroussel-a-epices-12-bouteilles-trudeau-01599\",\"sn\":\"\",\"idxP\":8},{\"mq\":\"Safdie\",\"nm\":\"Tasses espresso double paroi 75 ml. ens. de 2\",\"nme\":\"Dbl wall espresso 75 ml. Set\\\/2\",\"attr\":\"\",\"sku\":\"01583\",\"l2\":\"Vaisselle\",\"sl\":\"tasses-espresso-double-paroi-75-ml.-ens.-de-2-safdie-01583\",\"sn\":\"\",\"idxP\":16},{\"mq\":\"Trudeau\",\"nm\":\"Ramequins 6 oz ens. de 6\",\"nme\":\"Ramekins 6 oz set\\\/6\",\"attr\":\"\",\"sku\":\"01589\",\"l2\":\"Vaisselle\",\"sl\":\"ramequins-6-oz-ens.-de-6-trudeau-01589\",\"sn\":\"\",\"idxP\":2},{\"mq\":\"Sevy\",\"nm\":\"Anneau de montage 4 pouces\",\"nme\":\"Food ring mold 4 inch\",\"attr\":\"\",\"sku\":\"01604\",\"l2\":\"Accessoire de p\u00E2tisserie\",\"sl\":\"anneau-de-montage-4-pouces-sevy-01604\",\"sn\":\"\",\"idxP\":13},{\"mq\":\"Safdie\",\"nm\":\"Tasse \u00E0 latt\u00E9 double paroi 380 ml. Ens. de 2\",\"nme\":\"Dbl wall Latte mug  380 ml. Set\\\/2\",\"attr\":\"\",\"sku\":\"01586\",\"l2\":\"Vaisselle\",\"sl\":\"tasse-a-latte-double-paroi-380-ml.-ens.-de-2-safdie-01586\",\"sn\":\"\",\"idxP\":25},{\"mq\":\"Trudeau\",\"nm\":\"Moulin \u00E0 poivre 16\\\" en bois professionnel\",\"nme\":\"Professionnel pepper mill 16\\\" wood\",\"attr\":\"\",\"sku\":\"01597\",\"l2\":\"Service de table\",\"sl\":\"moulin-a-poivre-16-en-bois-professionnel-trudeau-01597\",\"sn\":\"commercial\",\"idxP\":7},{\"mq\":\"Trudeau\",\"nm\":\"Ens. moulin \u00E0 poivre et sel 6\\\"\",\"nme\":\"Pepper mill and salt mill 6\\\"\",\"attr\":\"\",\"sku\":\"01595\",\"l2\":\"Service de table\",\"sl\":\"ens.-moulin-a-poivre-et-sel-6-trudeau-01595\",\"sn\":\"\",\"idxP\":15},{\"mq\":\"Trudeau\",\"nm\":\"Verres sans-pied 10.25oz\",\"nme\":\"Stemless wine 10.25oz\",\"attr\":\"\",\"sku\":\"01590\",\"l2\":\"Verrerie\",\"sl\":\"verres-sans-pied-10.25oz-trudeau-01590\",\"sn\":\"\",\"idxP\":0},{\"mq\":\"Sevy\",\"nm\":\"Anneau de montage 3 pouces\",\"nme\":\"Food ring mold  3 inch\",\"attr\":\"\",\"sku\":\"01603\",\"l2\":\"Accessoire de p\u00E2tisserie\",\"sl\":\"anneau-de-montage-3-pouces-sevy-01603\",\"sn\":\"\",\"idxP\":12},{\"mq\":\"Sevy\",\"nm\":\"Pinceau \u00E0 p\u00E2tisserie 2 po. fibres naturelles\",\"nme\":\"Pastry brush 2 inches natural fibers\",\"attr\":\"\",\"sku\":\"01606\",\"l2\":\"Accessoire de p\u00E2tisserie\",\"sl\":\"pinceau-a-patisserie-2-po.-fibres-naturelles-sevy-01606\",\"sn\":\"\",\"idxP\":3},{\"mq\":\"Sevy\",\"nm\":\"Thermom\u00E8tre au lazer sans contact\",\"nme\":\"Non contact lazer thermometer\",\"attr\":\"\",\"sku\":\"01613\",\"l2\":\"Ustensiles et accessoires\",\"sl\":\"thermometre-au-lazer-sans-contact-sevy-01613\",\"sn\":\"\",\"idxP\":8},{\"mq\":\"Safdie\",\"nm\":\"Tasses \u00E0 caf\u00E9 double paroi 350 ml. Ens. de 2\",\"nme\":\"Dbl wall coffee mugs 350 ml. Set\\\/2\",\"attr\":\"\",\"sku\":\"01585\",\"l2\":\"Vaisselle\",\"sl\":\"tasses-a-cafe-double-paroi-350-ml.-ens.-de-2-safdie-01585\",\"sn\":\"\",\"idxP\":29},{\"mq\":\"Sevy\",\"nm\":\"Moule \u00E0 quiche mini 2,75\\\"\",\"nme\":\"Mini quiche pan 2,75\\\"\",\"attr\":\"\",\"sku\":\"01602\",\"l2\":\"Accessoire de p\u00E2tisserie\",\"sl\":\"moule-a-quiche-mini-275-sevy-01602\",\"sn\":\"moules\",\"idxP\":28},{\"mq\":\"Trudeau\",\"nm\":\"Ens. de moulins Malia 7\\\"\",\"nme\":\"Malia pepper mill and salt 7\\\"\",\"attr\":\"\",\"sku\":\"01596\",\"l2\":\"Service de table\",\"sl\":\"ens.-de-moulins-malia-7-trudeau-01596\",\"sn\":\"\",\"idxP\":0},{\"mq\":\"Sevy\",\"nm\":\"Pinceau \u00E0 p\u00E2tisserie 3 po. fibres naturelles\",\"nme\":\"Pastry brush 2 inches natural fibers\",\"attr\":\"\",\"sku\":\"01605\",\"l2\":\"Accessoire de p\u00E2tisserie\",\"sl\":\"pinceau-a-patisserie-3-po.-fibres-naturelles-sevy-01605\",\"sn\":\"\",\"idxP\":16},{\"mq\":\"Sevy\",\"nm\":\"Aiguiseur \u00E0 couteaux 3 en 1\",\"nme\":\"Knife sharpener 3 in 1\",\"attr\":\"\",\"sku\":\"01614\",\"l2\":\"Couteau de chef\",\"sl\":\"aiguiseur-a-couteaux-3-en-1-sevy-01614\",\"sn\":\"\",\"idxP\":17},{\"mq\":\"Sevy\",\"nm\":\"Pinceau \u00E0 p\u00E2tisserie 1' po. fibres naturelles\",\"nme\":\"Pastry brush 1,5 inche natural fibers\",\"attr\":\"\",\"sku\":\"01607\",\"l2\":\"Accessoire de p\u00E2tisserie\",\"sl\":\"pinceau-a-patisserie-1-po.-fibres-naturelles-sevy-01607\",\"sn\":\"\",\"idxP\":0},{\"mq\":\"Sevy\",\"nm\":\"Fusil \u00E0 aiguiser 12 pouces\",\"nme\":\"12 inch sharpening steel\",\"attr\":\"\",\"sku\":\"01617\",\"l2\":\"Couteau de chef\",\"sl\":\"fusil-a-aiguiser-12-pouces-sevy-01617\",\"sn\":\"\",\"idxP\":8},{\"mq\":\"Verrerie Empire\",\"nm\":\"Assiette carr\u00E9e 6,25\\\"\",\"nme\":\"Square plate 6,25\\\"\",\"attr\":\"\",\"sku\":\"01778\",\"l2\":\"Vaisselle\",\"sl\":\"assiette-carree-625-verrerie-empire-01778\",\"sn\":\"\",\"idxP\":43},{\"mq\":\"Verrerie Empire\",\"nm\":\"Assiette en forme de larme 6\\\" X 8\\\"\",\"nme\":\"Teardrop plate 6\\\" X 8\\\"\",\"attr\":\"\",\"sku\":\"01779\",\"l2\":\"Vaisselle\",\"sl\":\"assiette-en-forme-de-larme-6-x-8-verrerie-empire-01779\",\"sn\":\"\",\"idxP\":29},{\"mq\":\"Kayali\",\"nm\":\"Verre \u00E0 eau 12oz\",\"nme\":\"12oz water glass\",\"attr\":\"\",\"sku\":\"27238\",\"l2\":\"Verrerie\",\"sl\":\"verre-a-eau-12oz-kayali-27238\",\"sn\":\"\",\"idxP\":79},{\"mq\":\"Verrerie Empire\",\"nm\":\"Assiette carr\u00E9e 5\\\" porcelaine\",\"nme\":\"Square plate 5', porcelain\",\"attr\":\"\",\"sku\":\"01791\",\"l2\":\"Vaisselle\",\"sl\":\"assiette-carree-5-porcelaine-verrerie-empire-01791\",\"sn\":\"\",\"idxP\":5},{\"mq\":\"Verrerie Empire\",\"nm\":\"Bol carr\u00E9 2\\\" porcelaine\",\"nme\":\"2'  porcelain square bowl\",\"attr\":\"\",\"sku\":\"01790\",\"l2\":\"Vaisselle\",\"sl\":\"bol-carre-2-porcelaine-verrerie-empire-01790\",\"sn\":\"\",\"idxP\":1},{\"mq\":\"Verrerie Empire\",\"nm\":\"Cuill\u00E8re chinoise\",\"nme\":\"Chineese spoon\",\"attr\":\"\",\"sku\":\"01777\",\"l2\":\"Vaisselle\",\"sl\":\"cuillere-chinoise-verrerie-empire-01777\",\"sn\":\"\",\"idxP\":52},{\"mq\":\"Verrerie Empire\",\"nm\":\"Bol 4', porcelaine\",\"nme\":\"Bowl 4\\\" porcelain\",\"attr\":\"\",\"sku\":\"01789\",\"l2\":\"Vaisselle\",\"sl\":\"bol-4-porcelaine-verrerie-empire-01789\",\"sn\":\"\",\"idxP\":30},{\"mq\":\"Verrerie Empire\",\"nm\":\"Bol 4.5\\\" porcelaine\",\"nme\":\"Bowl 4.5', porcelain\",\"attr\":\"\",\"sku\":\"01788\",\"l2\":\"Vaisselle\",\"sl\":\"bol-4.5-porcelaine-verrerie-empire-01788\",\"sn\":\"\",\"idxP\":25},{\"mq\":\"Arco\",\"nm\":\"Linge \u00E0 vaisselle extra gros carr\u00E9\",\"nme\":\"Extra large square tea towel\",\"attr\":\"\",\"sku\":\"01825\",\"l2\":\"Serviette et nappe\",\"sl\":\"linge-a-vaisselle-extra-gros-carre-arco-01825\",\"sn\":\"\",\"idxP\":83},{\"mq\":\"Safdie\",\"nm\":\"Pot herm\u00E9tique 1L. avec couvercle en bamboo\",\"nme\":\"Hermetic jar 1.5L with bamboo lid\",\"attr\":\"\",\"sku\":\"01813\",\"l2\":\"Contenant et pot\",\"sl\":\"pot-hermetique-1l.-avec-couvercle-en-bamboo-safdie-01813\",\"sn\":\"\",\"idxP\":15},{\"mq\":\"Safdie\",\"nm\":\"Pot herm\u00E9tique 1.5L. avec couvercle en bamboo\",\"nme\":\"Hermetic jar 1,5L with bamboo lid\",\"attr\":\"\",\"sku\":\"01812\",\"l2\":\"Contenant et pot\",\"sl\":\"pot-hermetique-1.5l.-avec-couvercle-en-bamboo-safdie-01812\",\"sn\":\"\",\"idxP\":13},{\"mq\":\"Verrerie Empire\",\"nm\":\"Assiette rectangulaire 8\\\" X 6\\\"\",\"nme\":\"Rectangular plate 8\\\" x 6\\\"\",\"attr\":\"\",\"sku\":\"01792\",\"l2\":\"Vaisselle\",\"sl\":\"assiette-rectangulaire-8-x-6-verrerie-empire-01792\",\"sn\":\"\",\"idxP\":25},{\"mq\":\"Safdie\",\"nm\":\"Beurrier en verre\",\"nme\":\"Glass Butter Dish\",\"attr\":\"\",\"sku\":\"33185\",\"l2\":\"Service de table\",\"sl\":\"beurrier-en-verre-safdie-33185\",\"sn\":\"\",\"idxP\":10},{\"mq\":\"Safdie\",\"nm\":\"Tasse double paroi 250ml\",\"nme\":\"Double Walled Cup 250ml\",\"attr\":\"\",\"sku\":\"29238\",\"l2\":\"Vaisselle\",\"sl\":\"tasse-double-paroi-250ml-safdie-29238\",\"sn\":\"\",\"idxP\":20},{\"mq\":\"Safdie\",\"nm\":\"Tasse \u00E0 caf\u00E9 double paroi 370ml\",\"nme\":\"Double Wall Coffee Cup 370ml\",\"attr\":\"\",\"sku\":\"29932\",\"l2\":\"Vaisselle\",\"sl\":\"tasse-a-cafe-double-paroi-370ml-safdie-29932\",\"sn\":\"\",\"idxP\":30},{\"mq\":\"Arco\",\"nm\":\"Serviette  de table lin Julia 17X17\",\"nme\":\"Linen napkin Julia 17X17\",\"attr\":\"\",\"sku\":\"01991\",\"l2\":\"Serviette et nappe\",\"sl\":\"serviette-de-table-lin-julia-17x17-arco-01991\",\"sn\":\"\",\"idxP\":12},{\"mq\":\"Arco\",\"nm\":\"Nappe lin Julia 60X84\",\"nme\":\"Linen tablecloth Julia 60X84\",\"attr\":\"\",\"sku\":\"01993\",\"l2\":\"Serviette et nappe\",\"sl\":\"nappe-lin-julia-60x84-arco-01993\",\"sn\":\"\",\"idxP\":19},{\"mq\":\"Arco\",\"nm\":\"Serviettes de table rouge Julia 17X17\",\"nme\":\"Red napkin Julia 17X17\",\"attr\":\"\",\"sku\":\"02002\",\"l2\":\"Serviette et nappe\",\"sl\":\"serviettes-de-table-rouge-julia-17x17-arco-02002\",\"sn\":\"\",\"idxP\":8},{\"mq\":\"Arco\",\"nm\":\"Nappe lin Julia 52X70\",\"nme\":\"Linen tablecloth Julia 52X70\",\"attr\":\"\",\"sku\":\"01992\",\"l2\":\"Serviette et nappe\",\"sl\":\"nappe-lin-julia-52x70-arco-01992\",\"sn\":\"\",\"idxP\":15},{\"mq\":\"Safdie\",\"nm\":\"Bol \u00E0 salade 3 morceaux en acier inoxydable 26cm\",\"nme\":\"Stainless Steel Salad Bowl 26cm\",\"attr\":\"\",\"sku\":\"25505\",\"l2\":\"Vaisselle\",\"sl\":\"bol-a-salade-3-morceaux-en-acier-inoxydable-26cm-safdie-25505\",\"sn\":\"\",\"idxP\":7},{\"mq\":\"Arco\",\"nm\":\"Nappe lin Julia 60X120\",\"nme\":\"Linen tablecloth Julia 60X120\",\"attr\":\"\",\"sku\":\"01999\",\"l2\":\"Serviette et nappe\",\"sl\":\"nappe-lin-julia-60x120-arco-01999\",\"sn\":\"\",\"idxP\":22},{\"mq\":\"Arco\",\"nm\":\"Serviette de table charcoal Julia 17X17\",\"nme\":\"Charcoal napkin julia 17X17\",\"attr\":\"\",\"sku\":\"02005\",\"l2\":\"Serviette et nappe\",\"sl\":\"serviette-de-table-charcoal-julia-17x17-arco-02005\",\"sn\":\"\",\"idxP\":18},{\"mq\":\"Arco\",\"nm\":\"Serviette de table jaune Julia 17X17\",\"nme\":\"Yellow napkin Julia 17X17\",\"attr\":\"\",\"sku\":\"02006\",\"l2\":\"Serviette et nappe\",\"sl\":\"serviette-de-table-jaune-julia-17x17-arco-02006\",\"sn\":\"\",\"idxP\":1},{\"mq\":\"Arco\",\"nm\":\"Serviette de table marine Julia 17X17\",\"nme\":\"Navy napkin Julia 17X17\",\"attr\":\"\",\"sku\":\"02004\",\"l2\":\"Serviette et nappe\",\"sl\":\"serviette-de-table-marine-julia-17x17-arco-02004\",\"sn\":\"\",\"idxP\":13},{\"mq\":\"Arco\",\"nm\":\"Nappe lin ronde Julia 70\\\"\",\"nme\":\"Linen tablecloth Julia round 70\\\"\",\"attr\":\"\",\"sku\":\"02001\",\"l2\":\"Serviette et nappe\",\"sl\":\"nappe-lin-ronde-julia-70-arco-02001\",\"sn\":\"\",\"idxP\":11},{\"mq\":\"Arco\",\"nm\":\"Nappe lin Julia 60X104\",\"nme\":\"Linen tablecloth Julia 60X104\",\"attr\":\"\",\"sku\":\"01997\",\"l2\":\"Serviette et nappe\",\"sl\":\"nappe-lin-julia-60x104-arco-01997\",\"sn\":\"\",\"idxP\":21},{\"mq\":\"Starfrit\",\"nm\":\"Moule \u00E0 pain The Rock\",\"nme\":\"The rock loaf pan\",\"attr\":\"\",\"sku\":\"02181\",\"l2\":\"Accessoire de p\u00E2tisserie\",\"sl\":\"moule-a-pain-the-rock-starfrit-02181\",\"sn\":\"moules\",\"idxP\":7},{\"mq\":\"Starfrit\",\"nm\":\"Mini cocottes ens. de 2\",\"nme\":\"Mini casseroles set of 2\",\"attr\":\"\",\"sku\":\"02160\",\"l2\":\"Vaisselle\",\"sl\":\"mini-cocottes-ens.-de-2-starfrit-02160\",\"sn\":\"\",\"idxP\":3},{\"mq\":\"Starfrit\",\"nm\":\"Grill \u00E0 steak en fonte The rock\",\"nme\":\"Cast iron steak grill 28cm The rock\",\"attr\":\"\",\"sku\":\"02178\",\"l2\":\"Batterie de cuisine\",\"sl\":\"grill-a-steak-en-fonte-the-rock-starfrit-02178\",\"sn\":\"\",\"idxP\":9},{\"mq\":\"Arco\",\"nm\":\"Prot\u00E8ge table en vinyle deluxe 52\\\"X70\\\"\",\"nme\":\"Delux Vinyl Tablepad 52\\\"x70\\\"\",\"attr\":\"\",\"sku\":\"24279\",\"l2\":\"Serviette et nappe\",\"sl\":\"protege-table-en-vinyle-deluxe-52x70-arco-24279\",\"sn\":\"\",\"idxP\":8},{\"mq\":\"Arco\",\"nm\":\"Prot\u00E8ge table en vinyle deluxe 52\\\"X120\\\"\",\"nme\":\"Delux Vinyl Tablepad 52\\\"x120\\\"\",\"attr\":\"\",\"sku\":\"24282\",\"l2\":\"Serviette et nappe\",\"sl\":\"protege-table-en-vinyle-deluxe-52x120-arco-24282\",\"sn\":\"\",\"idxP\":8},{\"mq\":\"Trudeau\",\"nm\":\"Carafe \u00E0 pompe noire 1,8 litre\",\"nme\":\"1,8 liter black pump carafe\",\"attr\":\"\",\"sku\":\"02424\",\"l2\":\"Service de table\",\"sl\":\"carafe-a-pompe-noire-18-litre-trudeau-02424\",\"sn\":\"\",\"idxP\":10},{\"mq\":\"Cookina\",\"nm\":\"Tapis prot\u00E8ge tablette Cookina r\u00E9utilisable BBQ\",\"nme\":\"Reusable protector mat shelvesCookina BBQ\",\"attr\":\"\",\"sku\":\"02413\",\"l2\":\"Accessoire de p\u00E2tisserie\",\"sl\":\"tapis-protege-tablette-cookina-reutilisable-bbq-cookina-02413\",\"sn\":\"\",\"idxP\":0},{\"mq\":\"Trudeau\",\"nm\":\"Moulin \u00E0 sel et poivre Allegro 8\\\"\",\"nme\":\"8\\\" Allegro pepper and salt mill agrylic s\\\/s\",\"attr\":\"\",\"sku\":\"02497\",\"l2\":\"Service de table\",\"sl\":\"moulin-a-sel-et-poivre-allegro-8-trudeau-02497\",\"sn\":\"\",\"idxP\":12},{\"mq\":\"Cookina\",\"nm\":\"Feuille en mailles Cookina Barbecue\",\"nme\":\"Reusable Mesh mat Cookina Barbecue\",\"attr\":\"\",\"sku\":\"02416\",\"l2\":\"Accessoire de p\u00E2tisserie\",\"sl\":\"feuille-en-mailles-cookina-barbecue-cookina-02416\",\"sn\":\"BBQ\",\"idxP\":0},{\"mq\":\"Starfrit\",\"nm\":\"Beurrier Breton en porcelaine\",\"nme\":\"Porcelain Butter Bell Crock\",\"attr\":\"\",\"sku\":\"02530\",\"l2\":\"Service de table\",\"sl\":\"beurrier-breton-en-porcelaine-starfrit-02530\",\"sn\":\"\",\"idxP\":6},{\"mq\":\"Sagetra\",\"nm\":\"Rouleau \u00E0 p\u00E2tisserie 45cm professionnel\",\"nme\":\"Rolling pin 45cm professional\",\"attr\":\"\",\"sku\":\"02578\",\"l2\":\"Accessoire de p\u00E2tisserie\",\"sl\":\"rouleau-a-patisserie-45cm-professionnel-sagetra-02578\",\"sn\":\"commercial\",\"idxP\":10},{\"mq\":\"Global\",\"nm\":\"Couteau trancheur cannel\u00E9 11po\",\"nme\":\"Fluted Slicing Knive  11in.\",\"attr\":\"\",\"sku\":\"02609\",\"l2\":\"Couteau de chef\",\"sl\":\"couteau-trancheur-cannele-11po-global-02609\",\"sn\":\"\",\"idxP\":1},{\"mq\":\"Oxo Danesco\",\"nm\":\"Presse-ail\",\"nme\":\"Garlic Press\",\"attr\":\"\",\"sku\":\"03128\",\"l2\":\"Ustensiles et accessoires\",\"sl\":\"presse-ail-oxo-danesco-03128\",\"sn\":\"\",\"idxP\":22},{\"mq\":\"Orly\",\"nm\":\"Mijoteuse en inox 6,5L\",\"nme\":\"Stainless Steel Stewpot 6.5 L\",\"attr\":\"\",\"sku\":\"29816\",\"l2\":\"Batterie de cuisine\",\"sl\":\"mijoteuse-en-inox-65l-orly-29816\",\"sn\":\"\",\"idxP\":46},{\"mq\":\"Waring\",\"nm\":\"M\u00E9langeur 48oz commercial\",\"nme\":\"48oz Commercial Blender\",\"attr\":\"\",\"sku\":\"11209\",\"l2\":\"Ustensiles et accessoires\",\"sl\":\"melangeur-48oz-commercial-waring-11209\",\"sn\":\"\",\"idxP\":0},{\"mq\":\"Browne\",\"nm\":\"R\u00E9cipient sauce 2,5 oz \\\/ 58 ml\",\"nme\":\"Sauce Cup 2,5 oz \\\/ 58 ml\",\"attr\":\"\",\"sku\":\"11339\",\"l2\":\"Vaisselle\",\"sl\":\"recipient-sauce-25-oz-58-ml-browne-11339\",\"sn\":\"\",\"idxP\":39},{\"mq\":\"Browne\",\"nm\":\"Pince de pr\u00E9cision courb\u00E9e 8\\\"\",\"nme\":\"8\\\" curved precision tong\",\"attr\":\"\",\"sku\":\"11390\",\"l2\":\"Ustensiles et accessoires\",\"sl\":\"pince-de-precision-courbee-8-browne-11390\",\"sn\":\"\",\"idxP\":0},{\"mq\":\"Browne\",\"nm\":\"Ouvre-bo\u00EEte commercial robuste\",\"nme\":\"Commercial heavy-duty can opener\",\"attr\":\"\",\"sku\":\"11396\",\"l2\":\"Ustensiles et accessoires\",\"sl\":\"ouvre-boite-commercial-robuste-browne-11396\",\"sn\":\"\",\"idxP\":0},{\"mq\":\"Browne\",\"nm\":\"Pince de pr\u00E9cision courb\u00E9e longue 8\\\"\",\"nme\":\"8\\\" long curved precision tong\",\"attr\":\"\",\"sku\":\"11391\",\"l2\":\"Ustensiles et accessoires\",\"sl\":\"pince-de-precision-courbee-longue-8-browne-11391\",\"sn\":\"\",\"idxP\":0},{\"mq\":\"Browne\",\"nm\":\"Pince de pr\u00E9cision droite 8\\\"\",\"nme\":\"8\\\" straight precision tong\",\"attr\":\"\",\"sku\":\"11389\",\"l2\":\"Ustensiles et accessoires\",\"sl\":\"pince-de-precision-droite-8-browne-11389\",\"sn\":\"\",\"idxP\":0},{\"mq\":\"Pasabahce\",\"nm\":\"Verre \u00E0 m\u00E9langer en verre 16.75oz\",\"nme\":\"Glass mixing 16.75oz glasses\",\"attr\":\"\",\"sku\":\"11467\",\"l2\":\"Verrerie\",\"sl\":\"verre-a-melanger-en-verre-16.75oz-pasabahce-11467\",\"sn\":\"\",\"idxP\":6},{\"mq\":\"Orly\",\"nm\":\"Marmite 9L\",\"nme\":\"9L Stock Pot\",\"attr\":\"\",\"sku\":\"11702\",\"l2\":\"Batterie de cuisine\",\"sl\":\"marmite-9l-orly-11702\",\"sn\":\"\",\"idxP\":0},{\"mq\":\"Kayali\",\"nm\":\"Assiette ronde en porcelaine 8\\\"\",\"nme\":\"Porcelain Round Plate 8\\\"\",\"attr\":\"\",\"sku\":\"11846\",\"l2\":\"Vaisselle\",\"sl\":\"assiette-ronde-en-porcelaine-8-kayali-11846\",\"sn\":\"\",\"idxP\":0},{\"mq\":\"Sealock\",\"nm\":\"Pot Mason en verre 250ml\",\"nme\":\"250ml Mason Glass Jar\",\"attr\":\"\",\"sku\":\"11951\",\"l2\":\"Contenant et pot\",\"sl\":\"pot-mason-en-verre-250ml-sealock-11951\",\"sn\":\"\",\"idxP\":37},{\"mq\":\"Sealock\",\"nm\":\"Pot Mason en verre 1L\",\"nme\":\"1L Mason Glass Jar\",\"attr\":\"\",\"sku\":\"11952\",\"l2\":\"Contenant et pot\",\"sl\":\"pot-mason-en-verre-1l-sealock-11952\",\"sn\":\"\",\"idxP\":0},{\"mq\":\"Starfrit\",\"nm\":\"Po\u00EAle Terra The Rock 26cm corail, bleu ou vert\",\"nme\":\"Coral, Blue, Green 26cm Terra The Rock Frying Pan\",\"attr\":\"\",\"sku\":\"11986\",\"l2\":\"Batterie de cuisine\",\"sl\":\"poele-terra-the-rock-26cm-corail-bleu-ou-vert-starfrit-11986\",\"sn\":\"\",\"idxP\":0},{\"mq\":\"Lodge Cast Iron\",\"nm\":\"Cocotte \u00E9maill\u00E9e rouge 5.5 pintes\",\"nme\":\"5.5 QT Red Enamel Dutch Oven\",\"attr\":\"\",\"sku\":\"12082\",\"l2\":\"Batterie de cuisine\",\"sl\":\"cocotte-emaillee-rouge-5.5-pintes-lodge-cast-iron-12082\",\"sn\":\"\",\"idxP\":0},{\"mq\":\"Starfrit\",\"nm\":\"Ens. de 14 morceaux avec couteaux \u00E0 steak\",\"nme\":\"14 Pieces Kit with Steak Knives\",\"attr\":\"\",\"sku\":\"12085\",\"l2\":\"Couteau de chef\",\"sl\":\"ens.-de-14-morceaux-avec-couteaux-a-steak-starfrit-12085\",\"sn\":\"\",\"idxP\":38},{\"mq\":\"Elements\",\"nm\":\"Casserole inox avec couvercle 1.89L\",\"nme\":\"1.89L Stainless Steel Sauce Pan with Cover\",\"attr\":\"\",\"sku\":\"12090\",\"l2\":\"Batterie de cuisine\",\"sl\":\"casserole-inox-avec-couvercle-1.89l-elements-12090\",\"sn\":\"\",\"idxP\":0},{\"mq\":\"Elements\",\"nm\":\"Casserole inox avec couvercle 9.5L\",\"nme\":\"9.5L Stainless Steel Sauce Pan with Cover\",\"attr\":\"\",\"sku\":\"12092\",\"l2\":\"Batterie de cuisine\",\"sl\":\"casserole-inox-avec-couvercle-9.5l-elements-12092\",\"sn\":\"\",\"idxP\":0},{\"mq\":\"Elements\",\"nm\":\"Sauteuse inox avec couvercle 4.75L\",\"nme\":\"4.75L Inox Saute Pan with Cover\",\"attr\":\"\",\"sku\":\"12101\",\"l2\":\"Batterie de cuisine\",\"sl\":\"sauteuse-inox-avec-couvercle-4.75l-elements-12101\",\"sn\":\"\",\"idxP\":0},{\"mq\":\"Elements\",\"nm\":\"Marmite inox avec couvercle 7.57L\",\"nme\":\"7.57L Inox Stock Pot with Cover\",\"attr\":\"\",\"sku\":\"12108\",\"l2\":\"Batterie de cuisine\",\"sl\":\"marmite-inox-avec-couvercle-7.57l-elements-12108\",\"sn\":\"\",\"idxP\":0},{\"mq\":\"Elements\",\"nm\":\"Po\u00EAle \u00E0 frire inox 28cm\",\"nme\":\"28cm Inox Fry Pan\",\"attr\":\"\",\"sku\":\"12096\",\"l2\":\"Batterie de cuisine\",\"sl\":\"poele-a-frire-inox-28cm-elements-12096\",\"sn\":\"\",\"idxP\":0},{\"mq\":\"Elements\",\"nm\":\"Braisi\u00E8re en inox avec couvercle 14.2L\",\"nme\":\"14.2L Stainless Steel Brazier with Cover\",\"attr\":\"\",\"sku\":\"12089\",\"l2\":\"Batterie de cuisine\",\"sl\":\"braisiere-en-inox-avec-couvercle-14.2l-elements-12089\",\"sn\":\"\",\"idxP\":0},{\"mq\":\"Thermalloy\",\"nm\":\"Po\u00EAle \u00E0 frire aluminium antiadh\u00E9sif 10\\\"\",\"nme\":\"10\\\" Non-Stick Aluminum Frying Pan\",\"attr\":\"\",\"sku\":\"12105\",\"l2\":\"Batterie de cuisine\",\"sl\":\"poele-a-frire-aluminium-antiadhesif-10-thermalloy-12105\",\"sn\":\"\",\"idxP\":0},{\"mq\":\"Elements\",\"nm\":\"Po\u00EAle \u00E0 frire inox 20cm\",\"nme\":\"20cm Inox Fry Pan\",\"attr\":\"\",\"sku\":\"12094\",\"l2\":\"Batterie de cuisine\",\"sl\":\"poele-a-frire-inox-20cm-elements-12094\",\"sn\":\"\",\"idxP\":0},{\"mq\":\"Elements\",\"nm\":\"Po\u00EAle \u00E0 frire inox 24cm\",\"nme\":\"24cm Inox Fry Pan\",\"attr\":\"\",\"sku\":\"12095\",\"l2\":\"Batterie de cuisine\",\"sl\":\"poele-a-frire-inox-24cm-elements-12095\",\"sn\":\"\",\"idxP\":0},{\"mq\":\"Thermalloy\",\"nm\":\"Po\u00EAle \u00E0 frire aluminium antiadh\u00E9sif 7\\\"\",\"nme\":\"7\\\" Non-Stick Aluminum Frying Pan\",\"attr\":\"\",\"sku\":\"12103\",\"l2\":\"Batterie de cuisine\",\"sl\":\"poele-a-frire-aluminium-antiadhesif-7-thermalloy-12103\",\"sn\":\"\",\"idxP\":0},{\"mq\":\"Elements\",\"nm\":\"Marmite inox avec couvercle 11.25L\",\"nme\":\"11.25L Inox Stock Pot with Cover\",\"attr\":\"\",\"sku\":\"12109\",\"l2\":\"Batterie de cuisine\",\"sl\":\"marmite-inox-avec-couvercle-11.25l-elements-12109\",\"sn\":\"\",\"idxP\":0},{\"mq\":\"Trudeau\",\"nm\":\"Verres \u00E0 vin blanc 12.5oz\",\"nme\":\"12.5oz White Wine Glasses\",\"attr\":\"\",\"sku\":\"12077\",\"l2\":\"Verrerie\",\"sl\":\"verres-a-vin-blanc-12.5oz-trudeau-12077\",\"sn\":\"\",\"idxP\":0},{\"mq\":\"Thermalloy\",\"nm\":\"Po\u00EAle \u00E0 frire aluminium antiadh\u00E9sif 8\\\"\",\"nme\":\"8\\\" Non-Stick Aluminum Frying Pan\",\"attr\":\"\",\"sku\":\"12104\",\"l2\":\"Batterie de cuisine\",\"sl\":\"poele-a-frire-aluminium-antiadhesif-8-thermalloy-12104\",\"sn\":\"\",\"idxP\":0},{\"mq\":\"Trudeau\",\"nm\":\"Verres \u00E0 vin rouge 15.75oz\",\"nme\":\"15.75oz Red Whine Glasses\",\"attr\":\"\",\"sku\":\"12078\",\"l2\":\"Verrerie\",\"sl\":\"verres-a-vin-rouge-15.75oz-trudeau-12078\",\"sn\":\"\",\"idxP\":0},{\"mq\":\"Elements\",\"nm\":\"Casserole inox avec couvercle 7.2L\",\"nme\":\"7.2L Stainless Steel Sauce Pan with Cover\",\"attr\":\"\",\"sku\":\"12091\",\"l2\":\"Batterie de cuisine\",\"sl\":\"casserole-inox-avec-couvercle-7.2l-elements-12091\",\"sn\":\"\",\"idxP\":0},{\"mq\":\"Elements\",\"nm\":\"Po\u00EAle \u00E0 frire inox 32cm\",\"nme\":\"32cm Inox Fry Pan\",\"attr\":\"\",\"sku\":\"12097\",\"l2\":\"Batterie de cuisine\",\"sl\":\"poele-a-frire-inox-32cm-elements-12097\",\"sn\":\"\",\"idxP\":0},{\"mq\":\"Elements\",\"nm\":\"Marmite inox avec couvercle 5L\",\"nme\":\"5L Inox Stock Pot with Cover\",\"attr\":\"\",\"sku\":\"12107\",\"l2\":\"Batterie de cuisine\",\"sl\":\"marmite-inox-avec-couvercle-5l-elements-12107\",\"sn\":\"\",\"idxP\":0},{\"mq\":\"Elements\",\"nm\":\"Po\u00EAle \u00E0 frire inox 36cm\",\"nme\":\"36cm Inox Fry Pan\",\"attr\":\"\",\"sku\":\"12099\",\"l2\":\"Batterie de cuisine\",\"sl\":\"poele-a-frire-inox-36cm-elements-12099\",\"sn\":\"\",\"idxP\":0},{\"mq\":\"Thermalloy\",\"nm\":\"Po\u00EAle \u00E0 frire aluminium antiadh\u00E9sif 12\\\"\",\"nme\":\"12\\\" Non-Stick Aluminum Frying Pan\",\"attr\":\"\",\"sku\":\"12106\",\"l2\":\"Batterie de cuisine\",\"sl\":\"poele-a-frire-aluminium-antiadhesif-12-thermalloy-12106\",\"sn\":\"\",\"idxP\":0},{\"mq\":\"Silikomart\",\"nm\":\"Moule gros muffin silicone\",\"nme\":\"Silicone Large Muffin Mold\",\"attr\":\"\",\"sku\":\"12182\",\"l2\":\"Accessoire de p\u00E2tisserie\",\"sl\":\"moule-gros-muffin-silicone-silikomart-12182\",\"sn\":\"moules\",\"idxP\":0},{\"mq\":\"Silikomart\",\"nm\":\"Moule bordelais Siliconflex\",\"nme\":\"Bordelais Siliconflex Mold\",\"attr\":\"\",\"sku\":\"12192\",\"l2\":\"Accessoire de p\u00E2tisserie\",\"sl\":\"moule-bordelais-siliconflex-silikomart-12192\",\"sn\":\"moules\",\"idxP\":0},{\"mq\":\"Silikomart\",\"nm\":\"Moule silicone \u00E0 g\u00E2teau 7\\\" x 2 1\\\/2\\\"\",\"nme\":\"Cake Silicone Mold 7\\\" x 2 1\\\/2\\\"\",\"attr\":\"\",\"sku\":\"12198\",\"l2\":\"Accessoire de p\u00E2tisserie\",\"sl\":\"moule-silicone-a-gateau-7-x-2-12-silikomart-12198\",\"sn\":\"moules\",\"idxP\":0},{\"mq\":\"Silikomart\",\"nm\":\"Moule silicone florentin\",\"nme\":\"Florentine Silicone Mold\",\"attr\":\"\",\"sku\":\"12183\",\"l2\":\"Accessoire de p\u00E2tisserie\",\"sl\":\"moule-silicone-florentin-silikomart-12183\",\"sn\":\"moules\",\"idxP\":0},{\"mq\":\"Silikomart\",\"nm\":\"Moule silicone \u00E0 tartelette\",\"nme\":\"Tart Silicone Mold\",\"attr\":\"\",\"sku\":\"12188\",\"l2\":\"Accessoire de p\u00E2tisserie\",\"sl\":\"moule-silicone-a-tartelette-silikomart-12188\",\"sn\":\"moules\",\"idxP\":0},{\"mq\":\"Silikomart\",\"nm\":\"Moule silicone demie-sph\u00E8re D 3.15 H 1.57\\\"\",\"nme\":\"Half-Sphere Silicone Mold D 3.15 H 1.57\\\"\",\"attr\":\"\",\"sku\":\"12206\",\"l2\":\"Accessoire de p\u00E2tisserie\",\"sl\":\"moule-silicone-demie-sphere-d-3.15-h-1.57-silikomart-12206\",\"sn\":\"moules\",\"idxP\":0},{\"mq\":\"Elements\",\"nm\":\"Marmite inox avec couvercle 15L\",\"nme\":\"15L Inox Stock Pot with Cover\",\"attr\":\"\",\"sku\":\"12110\",\"l2\":\"Batterie de cuisine\",\"sl\":\"marmite-inox-avec-couvercle-15l-elements-12110\",\"sn\":\"\",\"idxP\":0},{\"mq\":\"Silikomart\",\"nm\":\"Moule silicone vertigo\",\"nme\":\"Vertigo Silicone Mold\",\"attr\":\"\",\"sku\":\"12195\",\"l2\":\"Accessoire de p\u00E2tisserie\",\"sl\":\"moule-silicone-vertigo-silikomart-12195\",\"sn\":\"moules\",\"idxP\":0},{\"mq\":\"Silikomart\",\"nm\":\"Moule silicone demie-sph\u00E8re D 2.35 H 1.18\\\"\",\"nme\":\"Half-Sphere Silicone Mold D 2.35 H 1.18\\\"\",\"attr\":\"\",\"sku\":\"12209\",\"l2\":\"Accessoire de p\u00E2tisserie\",\"sl\":\"moule-silicone-demie-sphere-d-2.35-h-1.18-silikomart-12209\",\"sn\":\"moules\",\"idxP\":0},{\"mq\":\"Silikomart\",\"nm\":\"Moule silicone cylindre\",\"nme\":\"Cylinder Silicone Mold\",\"attr\":\"\",\"sku\":\"12235\",\"l2\":\"Accessoire de p\u00E2tisserie\",\"sl\":\"moule-silicone-cylindre-silikomart-12235\",\"sn\":\"moules\",\"idxP\":0},{\"mq\":\"Silikomart\",\"nm\":\"Moule mini muffin Siliconflex\",\"nme\":\"Siliconflex Mini Muffin Mold\",\"attr\":\"\",\"sku\":\"12179\",\"l2\":\"Accessoire de p\u00E2tisserie\",\"sl\":\"moule-mini-muffin-siliconflex-silikomart-12179\",\"sn\":\"moules\",\"idxP\":0},{\"mq\":\"Silikomart\",\"nm\":\"Moule silicone coeur\",\"nme\":\"Heart Silicone Mold\",\"attr\":\"\",\"sku\":\"12185\",\"l2\":\"Accessoire de p\u00E2tisserie\",\"sl\":\"moule-silicone-coeur-silikomart-12185\",\"sn\":\"moules\",\"idxP\":0},{\"mq\":\"Silikomart\",\"nm\":\"Moule silicone bateau\",\"nme\":\"Boat Silicone Mold\",\"attr\":\"\",\"sku\":\"12186\",\"l2\":\"Accessoire de p\u00E2tisserie\",\"sl\":\"moule-silicone-bateau-silikomart-12186\",\"sn\":\"moules\",\"idxP\":0},{\"mq\":\"Silikomart\",\"nm\":\"Moule silicone marguerite\",\"nme\":\"Daisy Silicone Mold\",\"attr\":\"\",\"sku\":\"12191\",\"l2\":\"Accessoire de p\u00E2tisserie\",\"sl\":\"moule-silicone-marguerite-silikomart-12191\",\"sn\":\"moules\",\"idxP\":0},{\"mq\":\"Silikomart\",\"nm\":\"Moule g\u00E2teau 10 1\\\/4\\\" x 1 3\\\/4\\\"\",\"nme\":\"Cake Silicone Mold 10 1\\\/4\\\" x 1 3\\\/4\\\"\",\"attr\":\"\",\"sku\":\"12197\",\"l2\":\"Accessoire de p\u00E2tisserie\",\"sl\":\"moule-gateau-10-14-x-1-34-silikomart-12197\",\"sn\":\"moules\",\"idxP\":0},{\"mq\":\"Silikomart\",\"nm\":\"Moule muffin Siliconflex\",\"nme\":\"Siliconflex Muffin Mold\",\"attr\":\"\",\"sku\":\"12225\",\"l2\":\"Accessoire de p\u00E2tisserie\",\"sl\":\"moule-muffin-siliconflex-silikomart-12225\",\"sn\":\"moules\",\"idxP\":0},{\"mq\":\"Silikomart\",\"nm\":\"Moule silicone \u00E0 madeleine\",\"nme\":\"Madeleine Silicone Molk\",\"attr\":\"\",\"sku\":\"12184\",\"l2\":\"Accessoire de p\u00E2tisserie\",\"sl\":\"moule-silicone-a-madeleine-silikomart-12184\",\"sn\":\"moules\",\"idxP\":0},{\"mq\":\"Silikomart\",\"nm\":\"Moule silicone fantaisie\",\"nme\":\"Fantasy Silicone Mold\",\"attr\":\"\",\"sku\":\"12234\",\"l2\":\"Accessoire de p\u00E2tisserie\",\"sl\":\"moule-silicone-fantaisie-silikomart-12234\",\"sn\":\"moules\",\"idxP\":0},{\"mq\":\"Silikomart\",\"nm\":\"Moule silicone \u00E0 g\u00E2teau 11\\\" x 9\\\" x 1 1\\\/2\\\"\",\"nme\":\"Silicone Cake Mold 11\\\" x 9\\\" x 1 1\\\/2\\\"\",\"attr\":\"\",\"sku\":\"12237\",\"l2\":\"Accessoire de p\u00E2tisserie\",\"sl\":\"moule-silicone-a-gateau-11-x-9-x-1-12-silikomart-12237\",\"sn\":\"moules\",\"idxP\":0},{\"mq\":\"Silikomart\",\"nm\":\"Moule muffin Siliconflex\",\"nme\":\"Siliconflex Muffin Mold\",\"attr\":\"\",\"sku\":\"12189\",\"l2\":\"Accessoire de p\u00E2tisserie\",\"sl\":\"moule-muffin-siliconflex-silikomart-12189\",\"sn\":\"moules\",\"idxP\":0},{\"mq\":\"Silikomart\",\"nm\":\"Moule silicone cubes 8x125ml\",\"nme\":\"Cubes Silicone Molds 8x125ml\",\"attr\":\"\",\"sku\":\"12194\",\"l2\":\"Accessoire de p\u00E2tisserie\",\"sl\":\"moule-silicone-cubes-8x125ml-silikomart-12194\",\"sn\":\"moules\",\"idxP\":0},{\"mq\":\"Silikomart\",\"nm\":\"Moule silicone \u00E0 g\u00E2teau 10 1\\\/4\\\" x 4\\\" x 2 3\\\/4\\\"\",\"nme\":\"Cake Silicone Mold 10 1\\\/4\\\" x 4\\\" x 2 3\\\/4\\\"\",\"attr\":\"\",\"sku\":\"12205\",\"l2\":\"Accessoire de p\u00E2tisserie\",\"sl\":\"moule-silicone-a-gateau-10-14-x-4-x-2-34-silikomart-12205\",\"sn\":\"moules\",\"idxP\":0},{\"mq\":\"Silikomart\",\"nm\":\"Moule silicone beigne\",\"nme\":\"Donut Silicone Mold\",\"attr\":\"\",\"sku\":\"12196\",\"l2\":\"Accessoire de p\u00E2tisserie\",\"sl\":\"moule-silicone-beigne-silikomart-12196\",\"sn\":\"moules\",\"idxP\":0},{\"mq\":\"Silikomart\",\"nm\":\"Moule silicone savarin D 2.55 H 0.82\\\"\",\"nme\":\"Savarin Silicone Mold D 2.35 H 1.18\\\"\",\"attr\":\"\",\"sku\":\"12218\",\"l2\":\"Accessoire de p\u00E2tisserie\",\"sl\":\"moule-silicone-savarin-d-2.55-h-0.82-silikomart-12218\",\"sn\":\"moules\",\"idxP\":0},{\"mq\":\"Silikomart\",\"nm\":\"Moule silicone mini demie-sph\u00E8re\",\"nme\":\"Mini Half-Sphere Silicone Mold\",\"attr\":\"\",\"sku\":\"12177\",\"l2\":\"Accessoire de p\u00E2tisserie\",\"sl\":\"moule-silicone-mini-demie-sphere-silikomart-12177\",\"sn\":\"moules\",\"idxP\":0},{\"mq\":\"Silikomart\",\"nm\":\"Moule silicone \u00E0 savarin\",\"nme\":\"Savarin Silicone Mold\",\"attr\":\"\",\"sku\":\"12178\",\"l2\":\"Accessoire de p\u00E2tisserie\",\"sl\":\"moule-silicone-a-savarin-silikomart-12178\",\"sn\":\"moules\",\"idxP\":0},{\"mq\":\"Silikomart\",\"nm\":\"Moule moyen muffin Siliconflex\",\"nme\":\"Siliconflex Medium Muffin Mold\",\"attr\":\"\",\"sku\":\"12180\",\"l2\":\"Accessoire de p\u00E2tisserie\",\"sl\":\"moule-moyen-muffin-siliconflex-silikomart-12180\",\"sn\":\"moules\",\"idxP\":0},{\"mq\":\"Silikomart\",\"nm\":\"Moule silicone ovale\",\"nme\":\"Oval Silicone Mold\",\"attr\":\"\",\"sku\":\"12190\",\"l2\":\"Accessoire de p\u00E2tisserie\",\"sl\":\"moule-silicone-ovale-silikomart-12190\",\"sn\":\"moules\",\"idxP\":0},{\"mq\":\"Silikomart\",\"nm\":\"Moule silicone \u00E0 g\u00E2teau 8 2\\\/3\\\" x 1 2\\\/3\\\"\",\"nme\":\"Silicone Cake Mold 8 2\\\/3\\\" x 1 2\\\/3\\\"\",\"attr\":\"\",\"sku\":\"12236\",\"l2\":\"Accessoire de p\u00E2tisserie\",\"sl\":\"moule-silicone-a-gateau-8-23-x-1-23-silikomart-12236\",\"sn\":\"moules\",\"idxP\":0},{\"mq\":\"Silikomart\",\"nm\":\"Moule petit four Siliconflex\",\"nme\":\"Petit Four Siliconflex Mold\",\"attr\":\"\",\"sku\":\"12226\",\"l2\":\"Accessoire de p\u00E2tisserie\",\"sl\":\"moule-petit-four-siliconflex-silikomart-12226\",\"sn\":\"moules\",\"idxP\":0},{\"mq\":\"Silikomart\",\"nm\":\"Moule silicone savarin rectangle\",\"nme\":\"Rectangle Savarin Silicone Mold\",\"attr\":\"\",\"sku\":\"12193\",\"l2\":\"Accessoire de p\u00E2tisserie\",\"sl\":\"moule-silicone-savarin-rectangle-silikomart-12193\",\"sn\":\"moules\",\"idxP\":0},{\"mq\":\"Starfrit\",\"nm\":\"Contenant Lock N Lock \u00E0 jus 2L\\\/68oz\",\"nme\":\"2L\\\/68oz Juice Lock N Lock Container\",\"attr\":\"\",\"sku\":\"12441\",\"l2\":\"Service de table\",\"sl\":\"contenant-lock-n-lock-a-jus-2l68oz-starfrit-12441\",\"sn\":\"\",\"idxP\":0},{\"mq\":\"Starfrit\",\"nm\":\"Contenant Lock N Lock avec couvercle 5L\\\/169oz\",\"nme\":\"5L\\\/169oz Lock N Lock Container with Lid\",\"attr\":\"\",\"sku\":\"12440\",\"l2\":\"Contenant et pot\",\"sl\":\"contenant-lock-n-lock-avec-couvercle-5l169oz-starfrit-12440\",\"sn\":\"\",\"idxP\":0},{\"mq\":\"Starfrit\",\"nm\":\"Contenant Lock N Lock avec couvercle 12L\\\/406oz\",\"nme\":\"12L\\\/406oz Lock N Lock Container with Lid\",\"attr\":\"\",\"sku\":\"12438\",\"l2\":\"Contenant et pot\",\"sl\":\"contenant-lock-n-lock-avec-couvercle-12l406oz-starfrit-12438\",\"sn\":\"\",\"idxP\":0},{\"mq\":\"Starfrit\",\"nm\":\"Ensemble de couteaux avec \u00E9tui protecteur\",\"nme\":\"Knives with Protective Sleeve Kit\",\"attr\":\"\",\"sku\":\"12439\",\"l2\":\"Couteau de chef\",\"sl\":\"ensemble-de-couteaux-avec-etui-protecteur-starfrit-12439\",\"sn\":\"\",\"idxP\":0},{\"mq\":\"Martin\",\"nm\":\"R\u00E9chaud au butane 8000 BTU\",\"nme\":\"8000 BTU Butane Stove\",\"attr\":\"\",\"sku\":\"12466\",\"l2\":\"Service de table\",\"sl\":\"rechaud-au-butane-8000-btu-martin-12466\",\"sn\":\"\",\"idxP\":0},{\"mq\":\"Martin\",\"nm\":\"Br\u00FBleur au propane R-65 65000 BTU\",\"nme\":\"65000 BTU R-65 Propane Burner\",\"attr\":\"\",\"sku\":\"12467\",\"l2\":\"Buffet\",\"sl\":\"bruleur-au-propane-r-65-65000-btu-martin-12467\",\"sn\":\"\",\"idxP\":0},{\"mq\":\"Starfrit\",\"nm\":\"Po\u00EAle en fonte avec poign\u00E9e 30 cm The Rock\",\"nme\":\"The Rock 30 cm Cast Iron Pan with Handle\",\"attr\":\"\",\"sku\":\"12488\",\"l2\":\"Batterie de cuisine\",\"sl\":\"poele-en-fonte-avec-poignee-30-cm-the-rock-12488\",\"sn\":\"\",\"idxP\":17},{\"mq\":\"Starfrit\",\"nm\":\"Ouvre-bo\u00EEte MightiCan noir\",\"nme\":\"Black MightiCan Can Opener\",\"attr\":\"\",\"sku\":\"12512\",\"l2\":\"Ustensiles et accessoires\",\"sl\":\"ouvre-boite-mightican-noir-12512\",\"sn\":\"\",\"idxP\":0},{\"mq\":\"Cucina d'Abruzzo\",\"nm\":\"R\u00F4tissoire metal anti-adh\u00E9sif 43cm\",\"nme\":\"43cm Non-Stick Metal Roast Pan\",\"attr\":\"\",\"sku\":\"12521\",\"l2\":\"Batterie de cuisine\",\"sl\":\"rotissoire-metal-anti-adhesif-43cm-12521\",\"sn\":\"\",\"idxP\":30},{\"mq\":\"Martin\",\"nm\":\"Plaque de cuisson porcelaine 3 br\u00FBleurs 8500 BTU\",\"nme\":\"8500 BTU 3 Burners Porcelain Cooking Plate\",\"attr\":\"\",\"sku\":\"12523\",\"l2\":\"Ustensiles et accessoires\",\"sl\":\"plaque-de-cuisson-porcelaine-3-bruleurs-8500-btu-12523\",\"sn\":\"\",\"idxP\":1},{\"mq\":\"Kayali\",\"nm\":\"Plat coquille St-Jacques\",\"nme\":\"St-Jacques Shell Plate\",\"attr\":\"\",\"sku\":\"12631\",\"l2\":\"Service de table\",\"sl\":\"plat-coquille-st-jacques-12631\",\"sn\":\"\",\"idxP\":33},{\"mq\":\"Adamo\",\"nm\":\"Spatule perfor\u00E9e bois 30cm\",\"nme\":\"30cm Perforated Wooden Spatula\",\"attr\":\"\",\"sku\":\"12705\",\"l2\":\"Ustensiles et accessoires\",\"sl\":\"spatule-perforee-bois-30cm-12705\",\"sn\":\"\",\"idxP\":0},{\"mq\":\"Adamo\",\"nm\":\"Ciseaux \u00E0 pizza poign\u00E9es douces lame acier\",\"nme\":\"Steel Blade Soft Handles Pizza Scissors\",\"attr\":\"\",\"sku\":\"12706\",\"l2\":\"Ustensiles et accessoires\",\"sl\":\"ciseaux-a-pizza-poignees-douces-lame-acier-12706\",\"sn\":\"\",\"idxP\":0},{\"mq\":\"Adamo\",\"nm\":\"Fourchette spaghetti bois 30cm\",\"nme\":\"30cm Wooden Spaghetti Fork\",\"attr\":\"\",\"sku\":\"12708\",\"l2\":\"Ustensile de table\",\"sl\":\"fourchette-spaghetti-bois-30cm-12708\",\"sn\":\"\",\"idxP\":0},{\"mq\":\"Adamo\",\"nm\":\"Cuill\u00E8re ronde trou\u00E9e bois 30cm\",\"nme\":\"30cm Perforated Round Wooden Spoon\",\"attr\":\"\",\"sku\":\"12709\",\"l2\":\"Ustensile de table\",\"sl\":\"cuillere-ronde-trouee-bois-30cm-12709\",\"sn\":\"\",\"idxP\":0},{\"mq\":\"Adamo\",\"nm\":\"Cuill\u00E8re ronde bois 30cm\",\"nme\":\"30cm Round Wooden Spoon\",\"attr\":\"\",\"sku\":\"12710\",\"l2\":\"Ustensile de table\",\"sl\":\"cuillere-ronde-bois-30cm-12710\",\"sn\":\"\",\"idxP\":0},{\"mq\":\"Cuisinart\",\"nm\":\"R\u00F4tissoire avec grille 17\\\"\",\"nme\":\"17\\\" Roasting Pan with Rack\",\"attr\":\"\",\"sku\":\"12735\",\"l2\":\"Batterie de cuisine\",\"sl\":\"rotissoire-avec-grille-17-12735\",\"sn\":\"\",\"idxP\":0},{\"mq\":\"Cuisinart\",\"nm\":\"Presse hamburger fonte 6.5\\\"\",\"nme\":\"6.5\\\" Cast Iron Hamburger Press\",\"attr\":\"\",\"sku\":\"12741\",\"l2\":\"Batterie de cuisine\",\"sl\":\"presse-hamburger-fonte-65-12741\",\"sn\":\"\",\"idxP\":0},{\"mq\":\"Starfrit\",\"nm\":\"Ensemble 8 pi\u00E8ces garde-manger Lock N Lock\",\"nme\":\"Lock N Lock 8 Piece Pantry Set\",\"attr\":\"\",\"sku\":\"12750\",\"l2\":\"Contenant et pot\",\"sl\":\"ensemble-8-pieces-garde-manger-lock-n-lock-12750\",\"sn\":\"\",\"idxP\":0},{\"mq\":\"Kayali\",\"nm\":\"Pot Mason en verre 470ml\",\"nme\":\"Mason glass jar 470ml\",\"attr\":\"\",\"sku\":\"39205\",\"l2\":\"Contenant et pot\",\"sl\":\"pot-mason-en-verre-470ml-39205\",\"sn\":\"\",\"idxP\":22},{\"mq\":\"Kayali\",\"nm\":\"Pot Mason en verre 1L\",\"nme\":\"Mason glass jar 1L\",\"attr\":\"\",\"sku\":\"39292\",\"l2\":\"Contenant et pot\",\"sl\":\"pot-mason-en-verre-1l-39292\",\"sn\":\"\",\"idxP\":0},{\"mq\":\"Starfrit\",\"nm\":\"Ensemble 2 plats cuisson c\u00E9ramique The Rock\",\"nme\":\"The Rock 2 Piece Ceramic Ovenware\",\"attr\":\"\",\"sku\":\"12764\",\"l2\":\"Batterie de cuisine\",\"sl\":\"ensemble-2-plats-cuisson-ceramique-the-rock-12764\",\"sn\":\"\",\"idxP\":0},{\"mq\":\"Oggi\",\"nm\":\"Bac \u00E0 gla\u00E7on carr\u00E9\",\"nme\":\"Square Ice Cube Tray\",\"attr\":\"\",\"sku\":\"12940\",\"l2\":\"Ustensiles et accessoires\",\"sl\":\"bac-a-glacon-carre-12940\",\"sn\":\"plateau\",\"idxP\":0},{\"mq\":\"Oggi\",\"nm\":\"Bac \u00E0 gla\u00E7on rond\",\"nme\":\"Round Ice Cube Tray\",\"attr\":\"\",\"sku\":\"12949\",\"l2\":\"Ustensiles et accessoires\",\"sl\":\"bac-a-glacon-rond-12949\",\"sn\":\"plateau\",\"idxP\":0},{\"mq\":\"Victoria\",\"nm\":\"Cocotte combo 5.7L\",\"nme\":\"5.7L Combo Dutch Oven\",\"attr\":\"\",\"sku\":\"12951\",\"l2\":\"Batterie de cuisine\",\"sl\":\"cocotte-combo-57l-12951\",\"sn\":\"\",\"idxP\":0},{\"mq\":\"Joseph Joseph\",\"nm\":\"Recharge pour brosse vaisselle\",\"nme\":\"Dish Scrubber Recharge\",\"attr\":\"\",\"sku\":\"12954\",\"l2\":\"Ustensiles et accessoires\",\"sl\":\"recharge-pour-brosse-vaisselle-12954\",\"sn\":\"\",\"idxP\":0},{\"mq\":\"Joseph Joseph\",\"nm\":\"Recharge tampon \u00E0 r\u00E9curer\",\"nme\":\"Scrubber Refill\",\"attr\":\"\",\"sku\":\"12955\",\"l2\":\"Ustensiles et accessoires\",\"sl\":\"recharge-tampon-a-recurer-12955\",\"sn\":\"\",\"idxP\":0},{\"mq\":\"Joseph Joseph\",\"nm\":\"Brosse vaisselle r\u00E9servoir savon\",\"nme\":\"Dish Brush with Soap Dispenser\",\"attr\":\"\",\"sku\":\"12956\",\"l2\":\"Ustensiles et accessoires\",\"sl\":\"brosse-vaisselle-reservoir-savon-12956\",\"sn\":\"\",\"idxP\":0},{\"mq\":\"Victoria\",\"nm\":\"Po\u00EAle en fonte 30cm\",\"nme\":\"30cm Cast Iron Skillet\",\"attr\":\"\",\"sku\":\"12963\",\"l2\":\"Batterie de cuisine\",\"sl\":\"poele-en-fonte-30cm-12963\",\"sn\":\"\",\"idxP\":0},{\"mq\":\"Victoria\",\"nm\":\"Po\u00EAle carr\u00E9e en fonte 25cm\",\"nme\":\"25cm Square Cast Iron Skillet\",\"attr\":\"\",\"sku\":\"12964\",\"l2\":\"Batterie de cuisine\",\"sl\":\"poele-carree-en-fonte-25cm-12964\",\"sn\":\"\",\"idxP\":0},{\"mq\":\"Victoria\",\"nm\":\"Po\u00EAle en fonte 20cm\",\"nme\":\"20cm Cast Iron Skillet\",\"attr\":\"\",\"sku\":\"12965\",\"l2\":\"Batterie de cuisine\",\"sl\":\"poele-en-fonte-20cm-12965\",\"sn\":\"\",\"idxP\":0},{\"mq\":\"Joseph Joseph\",\"nm\":\"Brosse vaisselle r\u00E9servoir savon\",\"nme\":\"Dish Brush with Soap Dispenser\",\"attr\":\"\",\"sku\":\"13051\",\"l2\":\"Ustensiles et accessoires\",\"sl\":\"brosse-vaisselle-reservoir-savon-13051\",\"sn\":\"\",\"idxP\":0},{\"mq\":\"H\u00E9ritage\",\"nm\":\"Bouilloire \u00E9lectrique plastique noir Alston 1L\",\"nme\":\"1L Alson Black Plastic Electric Kettle\",\"attr\":\"\",\"sku\":\"13056\",\"l2\":\"Service de table\",\"sl\":\"bouilloire-electrique-plastique-noir-alston-1l-13056\",\"sn\":\"\",\"idxP\":0},{\"mq\":\"Starfrit\",\"nm\":\"Po\u00EAle \u00E0 d\u00E9jeuner 23cm\",\"nme\":\"23cm Breakfast Frying Pan\",\"attr\":\"\",\"sku\":\"13060\",\"l2\":\"Batterie de cuisine\",\"sl\":\"poele-a-dejeuner-23cm-13060\",\"sn\":\"\",\"idxP\":0},{\"mq\":\"Starfrit\",\"nm\":\"Pompe pr\u00E9server vin 2 bouchons\",\"nme\":\"2 Stoppers Wine Preserving Pump\",\"attr\":\"\",\"sku\":\"13063\",\"l2\":\"Ustensiles et accessoires\",\"sl\":\"pompe-preserver-vin-2-bouchons-13063\",\"sn\":\"\",\"idxP\":0},{\"mq\":\"Starfrit\",\"nm\":\"Contenant ensemble mixte Lock N Lock PP verre\",\"nme\":\"PP Glass Lock N Lock Mixed Container Set\",\"attr\":\"\",\"sku\":\"13064\",\"l2\":\"Contenant et pot\",\"sl\":\"contenant-ensemble-mixte-lock-n-lock-pp-verre-13064\",\"sn\":\"\",\"idxP\":0},{\"mq\":\"Trudeau\",\"nm\":\"Verres \u00E0 vin rouge 18oz\",\"nme\":\"18oz Red Wine Glasses\",\"attr\":\"\",\"sku\":\"13139\",\"l2\":\"Verrerie\",\"sl\":\"verres-a-vin-rouge-18oz-13139\",\"sn\":\"\",\"idxP\":0},{\"mq\":\"Artika\",\"nm\":\"Verre ensemble 12 morceaux 6x10oz 6x16oz\",\"nme\":\"6x10oz 6x16oz 12 Pieces Glass Set\",\"attr\":\"\",\"sku\":\"13140\",\"l2\":\"Verrerie\",\"sl\":\"verre-ensemble-12-morceaux-6x10oz-6x16oz-13140\",\"sn\":\"\",\"idxP\":0},{\"mq\":\"Agga\",\"nm\":\"Cafeti\u00E8re espresso barista blanche\",\"nme\":\"White Barista Espresso Coffee Machine\",\"attr\":\"\",\"sku\":\"13696\",\"l2\":\"Service de table\",\"sl\":\"cafetiere-espresso-barista-blanche-13696\",\"sn\":\"\",\"idxP\":0},{\"mq\":\"Agga\",\"nm\":\"Cafeti\u00E8re espresso barista noire\",\"nme\":\"Black Barista Espresso Coffee Machine\",\"attr\":\"\",\"sku\":\"13697\",\"l2\":\"Service de table\",\"sl\":\"cafetiere-espresso-barista-noire-13697\",\"sn\":\"\",\"idxP\":0},{\"mq\":\"Adamo\",\"nm\":\"Couteau \u00E0 hu\u00EEtre\",\"nme\":\"Oyster Shucker\",\"attr\":\"\",\"sku\":\"13969\",\"l2\":\"Ustensile de table\",\"sl\":\"couteau-a-huitre-13969\",\"sn\":\"\",\"idxP\":2},{\"mq\":\"Adamo\",\"nm\":\"Tubes \u00E0 canoli sicilien\",\"nme\":\"Sicilian Canoli Tubes\",\"attr\":\"\",\"sku\":\"13970\",\"l2\":\"Accessoire de p\u00E2tisserie\",\"sl\":\"tubes-a-canoli-sicilien-13970\",\"sn\":\"\",\"idxP\":2},{\"mq\":\"Adamo\",\"nm\":\"\u00C9tampe \u00E0 ravioli 60mm\",\"nme\":\"60mm Ravioli Poincer\",\"attr\":\"\",\"sku\":\"13972\",\"l2\":\"Ustensiles et accessoires\",\"sl\":\"etampe-a-ravioli-60mm-13972\",\"sn\":\"\",\"idxP\":0},{\"mq\":\"Safdie\",\"nm\":\"Verre Baroque pour Highball\",\"nme\":\"Highball Baroque Glass\",\"attr\":\"\",\"sku\":\"14064\",\"l2\":\"Verrerie\",\"sl\":\"verre-baroque-pour-highball-14064\",\"sn\":\"\",\"idxP\":0},{\"mq\":\"Safdie\",\"nm\":\"Verre Baroque pour Old Fashioned\",\"nme\":\"Old Fashioned Baroque Glass\",\"attr\":\"\",\"sku\":\"14065\",\"l2\":\"Verrerie\",\"sl\":\"verre-baroque-pour-old-fashioned-14065\",\"sn\":\"\",\"idxP\":0},{\"mq\":\"Safdie\",\"nm\":\"Verre \u00E0 vin Maldive\",\"nme\":\"Maldive Wine Glass\",\"attr\":\"\",\"sku\":\"14066\",\"l2\":\"Verrerie\",\"sl\":\"verre-a-vin-maldive-14066\",\"sn\":\"\",\"idxP\":0},{\"mq\":\"Safdie\",\"nm\":\"Verre \u00E0 vin Amber\",\"nme\":\"Amber Wine Glass\",\"attr\":\"\",\"sku\":\"14067\",\"l2\":\"Verrerie\",\"sl\":\"verre-a-vin-amber-14067\",\"sn\":\"\",\"idxP\":0},{\"mq\":\"Safdie\",\"nm\":\"Tasse verre tremp\u00E9 \u00E0 latt\u00E9\",\"nme\":\"Tempered Glass Latte Mug\",\"attr\":\"\",\"sku\":\"14070\",\"l2\":\"Verrerie\",\"sl\":\"tasse-verre-trempe-a-latte-14070\",\"sn\":\"\",\"idxP\":0},{\"mq\":\"Safdie\",\"nm\":\"Verre \u00E0 vin Bolero\",\"nme\":\"Bolero Wine Glass\",\"attr\":\"\",\"sku\":\"14071\",\"l2\":\"Verrerie\",\"sl\":\"verre-a-vin-bolero-14071\",\"sn\":\"\",\"idxP\":0},{\"mq\":\"Eurodib\",\"nm\":\"Grille \u00E0 panini\",\"nme\":\"Panini Grill\",\"attr\":\"\",\"sku\":\"23305\",\"l2\":\"Appareil de cuisine\",\"sl\":\"grille-a-panini-eurodib-23305\",\"sn\":\"commercial\",\"idxP\":9},{\"mq\":\"IEL\",\"nm\":\"Contenant rectangulaire #60518 avec couvercle\",\"nme\":\"Rectangular Container #60518 with Lid\",\"attr\":\"\",\"sku\":\"19208\",\"l2\":\"Bac\",\"sl\":\"contenant-rectangulaire-60518-avec-couvercle-iel-19208\",\"sn\":\"\",\"idxP\":92},{\"mq\":\"IEL\",\"nm\":\"Contenant rectangulaire #60517 avec couvercle\",\"nme\":\"Rectangular Container #60517 with Lid\",\"attr\":\"\",\"sku\":\"19209\",\"l2\":\"Bac\",\"sl\":\"contenant-rectangulaire-60517-avec-couvercle-iel-19209\",\"sn\":\"\",\"idxP\":87},{\"mq\":\"IEL\",\"nm\":\"Contenant rectangulaire avec couvercle\",\"nme\":\"Rectangular Container with Lid\",\"attr\":\"\",\"sku\":\"49960\",\"l2\":\"Bac\",\"sl\":\"contenant-rectangulaire-avec-couvercle-iel-49960\",\"sn\":\"\",\"idxP\":85},{\"mq\":\"Eurodib\",\"nm\":\"Sac sous-vide gaufr\u00E9 8\\\"x12\\\"\",\"nme\":\"Vacuum Sealer Channelled Cooking Bag 8\\\"x 12\\\"\",\"attr\":\"\",\"sku\":\"23310\",\"l2\":\"Autre\",\"sl\":\"sac-sous-vide-gaufre-8x12-eurodib-23310\",\"sn\":\"\",\"idxP\":85},{\"mq\":\"Eurodib\",\"nm\":\"Sac sous-vide lisse 8\\\"x10\\\" conservation\",\"nme\":\"Vacuum Sealer Smooth Bag 8\\\"x10\\\" conservation\",\"attr\":\"\",\"sku\":\"23313\",\"l2\":\"Autre\",\"sl\":\"sac-sous-vide-lisse-8x10-conservation-eurodib-23313\",\"sn\":\"\",\"idxP\":79},{\"mq\":\"IEL\",\"nm\":\"Contenant avec couvercle naturel\",\"nme\":\"Natural Container with Cover 4L\",\"attr\":\"\",\"sku\":\"26865\",\"l2\":\"Bac\",\"sl\":\"contenant-avec-couvercle-naturel-iel-26865\",\"sn\":\"\",\"idxP\":44},{\"mq\":\"IEL\",\"nm\":\"Seau en plastique avec anse blanc 3.9L\",\"nme\":\"White Plastic Hand Bucket 3.9L\",\"attr\":\"\",\"sku\":\"26869\",\"l2\":\"Bac\",\"sl\":\"seau-en-plastique-avec-anse-blanc-3.9l-iel-26869\",\"sn\":\"\",\"idxP\":50},{\"mq\":\"IEL\",\"nm\":\"Seau anse metal blanc 21.5L\",\"nme\":\"White handle metal Bucket 21,5L\",\"attr\":\"\",\"sku\":\"26872\",\"l2\":\"Bac\",\"sl\":\"seau-anse-metal-blanc-21.5l-iel-26872\",\"sn\":\"\",\"idxP\":69},{\"mq\":\"IEL\",\"nm\":\"Contenant rectangle avec anse blanc 8L\",\"nme\":\"White with Handle Rectangular Container 8L\",\"attr\":\"\",\"sku\":\"26867\",\"l2\":\"Bac\",\"sl\":\"contenant-rectangle-avec-anse-blanc-8l-iel-26867\",\"sn\":\"\",\"idxP\":42},{\"mq\":\"IEL\",\"nm\":\"Couvercle blanc\",\"nme\":\"White Cover\",\"attr\":\"\",\"sku\":\"26870\",\"l2\":\"Bac\",\"sl\":\"couvercle-blanc-iel-26870\",\"sn\":\"\",\"idxP\":34},{\"mq\":\"IEL\",\"nm\":\"Seau en plastique avec anse blanc 5L\",\"nme\":\"White Plastic Hand Bucket 5L\",\"attr\":\"\",\"sku\":\"26871\",\"l2\":\"Bac\",\"sl\":\"seau-en-plastique-avec-anse-blanc-5l-iel-26871\",\"sn\":\"\",\"idxP\":34},{\"mq\":\"IEL\",\"nm\":\"Contenant rondavec couvercle #60513\",\"nme\":\"Round Container with Cover #60513\",\"attr\":\"\",\"sku\":\"49023\",\"l2\":\"Bac\",\"sl\":\"contenant-rondavec-couvercle-60513-iel-49023\",\"sn\":\"\",\"idxP\":30},{\"mq\":\"IEL\",\"nm\":\"Contenant rectangulaire #60520 + couvercle 4.86L\",\"nme\":\"Rectangular Container #60520 + Lid 4.86L\",\"attr\":\"\",\"sku\":\"13488\",\"l2\":\"Bac\",\"sl\":\"contenant-rectangulaire-60520-couvercle-4.86l-iel-13488\",\"sn\":\"\",\"idxP\":35},{\"mq\":\"IEL\",\"nm\":\"Couvercle carr\u00E9 sans joint \u00E9tanche blanc\",\"nme\":\"White Square Without Seal Joint Cover\",\"attr\":\"\",\"sku\":\"26883\",\"l2\":\"Bac\",\"sl\":\"couvercle-carre-sans-joint-etanche-blanc-iel-26883\",\"sn\":\"\",\"idxP\":35},{\"mq\":\"IEL\",\"nm\":\"Couvert articul\u00E9 inpack blanc\",\"nme\":\"White Articulated Inpack Cover\",\"attr\":\"\",\"sku\":\"26868\",\"l2\":\"Bac\",\"sl\":\"couvert-articule-inpack-blanc-iel-26868\",\"sn\":\"\",\"idxP\":49},{\"mq\":\"IEL\",\"nm\":\"Couvercle blanc\",\"nme\":\"White Cover\",\"attr\":\"\",\"sku\":\"26873\",\"l2\":\"Bac\",\"sl\":\"couvercle-blanc-iel-26873\",\"sn\":\"\",\"idxP\":51},{\"mq\":\"Rabco\",\"nm\":\"Mitaine \u00E0 four noire 17\\\"\",\"nme\":\"Black oven mitt 17\\\"\",\"attr\":\"\",\"sku\":\"00039\",\"l2\":\"V\u00EAtement\",\"sl\":\"mitaine-a-four-noire-17-rabco-00039\",\"sn\":\"\",\"idxP\":22},{\"mq\":\"IEL\",\"nm\":\"Seau en plastique carr\u00E9e avec anse blanc 15.3L\",\"nme\":\"White Plastic Square Handle Bucket 15.3L\",\"attr\":\"\",\"sku\":\"26882\",\"l2\":\"Bac\",\"sl\":\"seau-en-plastique-carree-avec-anse-blanc-15.3l-iel-26882\",\"sn\":\"\",\"idxP\":50},{\"mq\":\"Rabco\",\"nm\":\"Tablier noir bavette 1 poche\",\"nme\":\"Black bib apron 1 pocket\",\"attr\":\"\",\"sku\":\"08706\",\"l2\":\"V\u00EAtement\",\"sl\":\"tablier-noir-bavette-1-poche-rabco-08706\",\"sn\":\"\",\"idxP\":4},{\"mq\":\"IEL\",\"nm\":\"Contenant avec couvercle transparent 2.5L\",\"nme\":\"Clear Container with Cover 2.5L\",\"attr\":\"\",\"sku\":\"26864\",\"l2\":\"Bac\",\"sl\":\"contenant-avec-couvercle-transparent-2.5l-iel-26864\",\"sn\":\"\",\"idxP\":66},{\"mq\":\"Lapaco\",\"nm\":\"Filet \u00E0 cheveux de chef invisible\",\"nme\":\"Brown Invisible Chef's Hair Net\",\"attr\":\"\",\"sku\":\"19454\",\"l2\":\"V\u00EAtement\",\"sl\":\"filet-a-cheveux-de-chef-invisible-lapaco-19454\",\"sn\":\"\",\"idxP\":64},{\"mq\":\"Sagetra\",\"nm\":\"Contenant carr\u00E9 transparent 12L\",\"nme\":\"Clear Square Container 12L\",\"attr\":\"\",\"sku\":\"21129\",\"l2\":\"Bac\",\"sl\":\"contenant-carre-transparent-12l-sagetra-21129\",\"sn\":\"transparent\",\"idxP\":13},{\"mq\":\"Sagetra\",\"nm\":\"Contenant carr\u00E9 transparent 2 L\",\"nme\":\"Clear Square Container 2 L\",\"attr\":\"\",\"sku\":\"21137\",\"l2\":\"Bac\",\"sl\":\"contenant-carre-transparent-2-l-sagetra-21137\",\"sn\":\"transparent\",\"idxP\":23},{\"mq\":\"Rabco\",\"nm\":\"Mitaine \u00E0 four 17\\\" 100% cotton\",\"nme\":\"Oven mitt 17\\\" 100% cotton\",\"attr\":\"\",\"sku\":\"13518\",\"l2\":\"V\u00EAtement\",\"sl\":\"mitaine-a-four-17-100-cotton-rabco-13518\",\"sn\":\"\",\"idxP\":0},{\"mq\":\"Sagetra\",\"nm\":\"Couvercle carr\u00E9 en poly\u00E9thyl\u00E8ne rouge\",\"nme\":\"Square Polyethylene Red Cover\",\"attr\":\"\",\"sku\":\"21127\",\"l2\":\"Bac\",\"sl\":\"couvercle-carre-en-polyethylene-rouge-sagetra-21127\",\"sn\":\"\",\"idxP\":7},{\"mq\":\"Sagetra\",\"nm\":\"Contenant carr\u00E9 transparent 18L\",\"nme\":\"Clear Square Container 18L\",\"attr\":\"\",\"sku\":\"21130\",\"l2\":\"Bac\",\"sl\":\"contenant-carre-transparent-18l-sagetra-21130\",\"sn\":\"transparent\",\"idxP\":16},{\"mq\":\"Rabco\",\"nm\":\"Pique-note 6\\\"\",\"nme\":\"Spindle Check 6\\\"\",\"attr\":\"\",\"sku\":\"13392\",\"l2\":\"Papeterie\",\"sl\":\"pique-note-6-rabco-13392\",\"sn\":\"\",\"idxP\":20},{\"mq\":\"Sagetra\",\"nm\":\"Chariot aluminium pour t\u00F4les \u00E0 biscuits 12 \u00E9tages\",\"nme\":\"Aluminum Bun Pan Rack 12 Rows\",\"attr\":\"\",\"sku\":\"25213\",\"l2\":\"Chariot\",\"sl\":\"chariot-aluminium-pour-toles-a-biscuits-12-etages-sagetra-25213\",\"sn\":\"\",\"idxP\":6},{\"mq\":\"Sagetra\",\"nm\":\"Chariot aluminium pour t\u00F4les \u00E0 biscuits 20 \u00E9tages\",\"nme\":\"Aluminum Bun Pan Rack 20 Rows\",\"attr\":\"\",\"sku\":\"23876\",\"l2\":\"Chariot\",\"sl\":\"chariot-aluminium-pour-toles-a-biscuits-20-etages-sagetra-23876\",\"sn\":\"\",\"idxP\":1},{\"mq\":\"Dynamic\",\"nm\":\"M\u00E9langeur MiniPro\",\"nme\":\"MiniPro Mixer\",\"attr\":\"\",\"sku\":\"24095\",\"l2\":\"Appareil de cuisine\",\"sl\":\"melangeur-minipro-dynamic-24095\",\"sn\":\"\",\"idxP\":32},{\"mq\":\"Eurodib\",\"nm\":\"Soupi\u00E8re professionnelle 10 L\",\"nme\":\"Commercial Soup Kettle 10 L\",\"attr\":\"\",\"sku\":\"23306\",\"l2\":\"Appareil de cuisine\",\"sl\":\"soupiere-professionnelle-10-l-eurodib-23306\",\"sn\":\"commercial\",\"idxP\":11},{\"mq\":\"Sagetra\",\"nm\":\"Housse plastique transparente pour chariot 18\\\"x26\\\"\",\"nme\":\"Plastic Cover for Pan Rack 18\\\"x26\\\"\",\"attr\":\"\",\"sku\":\"23878\",\"l2\":\"Chariot\",\"sl\":\"housse-plastique-transparente-pour-chariot-18x26-sagetra-23878\",\"sn\":\"\",\"idxP\":2},{\"mq\":\"Sagetra\",\"nm\":\"Housse plastique pour chariot 18\\\"x26\\\"\",\"nme\":\"Plastic Cover for Pan Rack 18\\\"x26\\\"\",\"attr\":\"\",\"sku\":\"23877\",\"l2\":\"Chariot\",\"sl\":\"housse-plastique-pour-chariot-18x26-sagetra-23877\",\"sn\":\"\",\"idxP\":3},{\"mq\":\"Adamo\",\"nm\":\"Machine \u00E0 tomate \u00E9lectrique\",\"nme\":\"Electric Tomato Machine #2455\",\"attr\":\"\",\"sku\":\"26070\",\"l2\":\"Appareil de cuisine\",\"sl\":\"machine-a-tomate-electrique-adamo-26070\",\"sn\":\"tomates\",\"idxP\":7},{\"mq\":\"Trudeau\",\"nm\":\"Ensemble de 3 marqueurs lavables\",\"nme\":\"Set of 3 Washable Pens\",\"attr\":\"\",\"sku\":\"26859\",\"l2\":\"Papeterie\",\"sl\":\"ensemble-de-3-marqueurs-lavables-trudeau-26859\",\"sn\":\"\",\"idxP\":15},{\"mq\":\"Eurodib\",\"nm\":\"Trancheur de viande 12\\\"\",\"nme\":\"Meat Slicer 12\\\"\",\"attr\":\"\",\"sku\":\"25817\",\"l2\":\"Appareil de cuisine\",\"sl\":\"trancheur-de-viande-12-eurodib-25817\",\"sn\":\"\",\"idxP\":1},{\"mq\":\"Eurodib\",\"nm\":\"Trancheur \u00E0 viande 12\\\"\",\"nme\":\"Meat Slicer 12\\\"\",\"attr\":\"\",\"sku\":\"25816\",\"l2\":\"Appareil de cuisine\",\"sl\":\"trancheur-a-viande-12-eurodib-25816\",\"sn\":\"\",\"idxP\":32}], [{\"mq\":\"Orly\",\"nm\":\"Poign\u00E9e pour couvercle titanium\",\"nme\":\"Knob titanium for Glass Lid\",\"attr\":\"\",\"sku\":\"38253\",\"l2\":\"V\u00EAtement\",\"sl\":\"poignee-pour-couvercle-titanium-orly-38253\",\"sn\":\"\",\"idxP\":14},{\"mq\":\"Orly\",\"nm\":\"Mitaine pour le four orange 33 cm \\\/ 13 \\\"\",\"nme\":\"Orange Oven Mitt 35 cm \\\/ 13 \\\"\",\"attr\":\"\",\"sku\":\"42057\",\"l2\":\"V\u00EAtement\",\"sl\":\"mitaine-pour-le-four-orange-33-cm-13-orly-42057\",\"sn\":\"\",\"idxP\":19},{\"mq\":\"Sagetra\",\"nm\":\"Couvercle carr\u00E9 en poly\u00E9thyl\u00E8ne bleu\",\"nme\":\"Square Polyethylene Blue Cover\",\"attr\":\"\",\"sku\":\"21126\",\"l2\":\"Bac\",\"sl\":\"couvercle-carre-en-polyethylene-bleu-sagetra-21126\",\"sn\":\"\",\"idxP\":15},{\"mq\":\"Sagetra\",\"nm\":\"Couvercle pour conteneur alimentaire poly\u00E9thyl\u00E8ne\",\"nme\":\"Cover for Polyethylene Food Storage Container\",\"attr\":\"\",\"sku\":\"25104\",\"l2\":\"Bac\",\"sl\":\"couvercle-pour-conteneur-alimentaire-polyethylene-sagetra-25104\",\"sn\":\"\",\"idxP\":15},{\"mq\":\"Sagetra\",\"nm\":\"Conteneur alimentaire NSF 45 litres\",\"nme\":\"45 liter NSF food container\",\"attr\":\"\",\"sku\":\"25103\",\"l2\":\"Bac\",\"sl\":\"conteneur-alimentaire-nsf-45-litres-sagetra-25103\",\"sn\":\"\",\"idxP\":14},{\"mq\":\"Sagetra\",\"nm\":\"Conteneur alimentaire NSF 30 litres\",\"nme\":\"30 liter NSF food container\",\"attr\":\"\",\"sku\":\"25102\",\"l2\":\"Bac\",\"sl\":\"conteneur-alimentaire-nsf-30-litres-sagetra-25102\",\"sn\":\"\",\"idxP\":15},{\"mq\":\"Sagetra\",\"nm\":\"Extension 16 compartiments cr\u00E9maill\u00E8re grise\",\"nme\":\"Grey Rack 16 Compartments Extension\",\"attr\":\"\",\"sku\":\"42169\",\"l2\":\"Bac\",\"sl\":\"extension-16-compartiments-cremaillere-grise-sagetra-42169\",\"sn\":\"\",\"idxP\":2},{\"mq\":\"Sagetra\",\"nm\":\"Extension 36 compartiments cr\u00E9maill\u00E8re grise\",\"nme\":\"Grey Rack 36 Compartments Extension\",\"attr\":\"\",\"sku\":\"42167\",\"l2\":\"Bac\",\"sl\":\"extension-36-compartiments-cremaillere-grise-sagetra-42167\",\"sn\":\"\",\"idxP\":2},{\"mq\":\"Sagetra\",\"nm\":\"Extension 25 compartiments cr\u00E9mailli\u00E8re grise\",\"nme\":\"Grey Rack 25 Compartments Extension\",\"attr\":\"\",\"sku\":\"42168\",\"l2\":\"Bac\",\"sl\":\"extension-25-compartiments-cremailliere-grise-sagetra-42168\",\"sn\":\"\",\"idxP\":3},{\"mq\":\"Sagetra\",\"nm\":\"Cr\u00E9mailli\u00E8re \u00E0 tasse ouverte grise\",\"nme\":\"Grey Open Cup Rack\",\"attr\":\"\",\"sku\":\"42173\",\"l2\":\"Bac\",\"sl\":\"cremailliere-a-tasse-ouverte-grise-sagetra-42173\",\"sn\":\"\",\"idxP\":3},{\"mq\":\"Sagetra\",\"nm\":\"Bac \u00E0 coutellerie\",\"nme\":\"Cutlery Basket\",\"attr\":\"\",\"sku\":\"23764\",\"l2\":\"Bac\",\"sl\":\"bac-a-coutellerie-sagetra-23764\",\"sn\":\"\",\"idxP\":12},{\"mq\":\"Sagetra\",\"nm\":\"Cr\u00E9mailli\u00E8re \u00E0 coutellerie grise\",\"nme\":\"Grey Rack Base For Flatware\",\"attr\":\"\",\"sku\":\"42170\",\"l2\":\"Bac\",\"sl\":\"cremailliere-a-coutellerie-grise-sagetra-42170\",\"sn\":\"\",\"idxP\":2},{\"mq\":\"Axia\",\"nm\":\"Tapis anti-fatigue rouge 3'x5'\",\"nme\":\"Red Carpet anti-fatigue 3'x5'\",\"attr\":\"\",\"sku\":\"26848\",\"l2\":\"Tapis\",\"sl\":\"tapis-anti-fatigue-rouge-3x5-axia-26848\",\"sn\":\"\",\"idxP\":12},{\"mq\":\"Axia\",\"nm\":\"Tapis anti-fatigue noir 3\\\"x5\\\"\",\"nme\":\"Black Carpet anti-fatigue 3\\\"x5\\\"\",\"attr\":\"\",\"sku\":\"26846\",\"l2\":\"Tapis\",\"sl\":\"tapis-anti-fatigue-noir-3x5-axia-26846\",\"sn\":\"\",\"idxP\":35},{\"mq\":\"Sagetra\",\"nm\":\"Base de cr\u00E9maill\u00E8re 16 compartiments\",\"nme\":\"Grey Rack Base 16 Compartments\",\"attr\":\"\",\"sku\":\"42166\",\"l2\":\"Bac\",\"sl\":\"base-de-cremaillere-16-compartiments-sagetra-42166\",\"sn\":\"\",\"idxP\":1},{\"mq\":\"Sagetra\",\"nm\":\"Base de cr\u00E9maill\u00E8re pour plat et plateau\",\"nme\":\"Grey Rack Base For Plate and Tray\",\"attr\":\"\",\"sku\":\"42171\",\"l2\":\"Bac\",\"sl\":\"base-de-cremaillere-pour-plat-et-plateau-sagetra-42171\",\"sn\":\"plateau\",\"idxP\":5},{\"mq\":\"Sagetra\",\"nm\":\"Base de cr\u00E9maill\u00E8re 25 compartiments\",\"nme\":\"Grey Rack Base 25 Compartments\",\"attr\":\"\",\"sku\":\"42165\",\"l2\":\"Bac\",\"sl\":\"base-de-cremaillere-25-compartiments-sagetra-42165\",\"sn\":\"\",\"idxP\":1},{\"mq\":\"Sagetra\",\"nm\":\"Base de cr\u00E9maill\u00E8re 36 compartiments\",\"nme\":\"Grey Rack Base 36 Compartments\",\"attr\":\"\",\"sku\":\"42164\",\"l2\":\"Bac\",\"sl\":\"base-de-cremaillere-36-compartiments-sagetra-42164\",\"sn\":\"\",\"idxP\":2},{\"mq\":\"Rabco\",\"nm\":\"Tablier en vinyle\",\"nme\":\"Vinyl Apron\",\"attr\":\"\",\"sku\":\"26018\",\"l2\":\"V\u00EAtement\",\"sl\":\"tablier-en-vinyle-rabco-26018\",\"sn\":\"\",\"idxP\":18},{\"mq\":\"Nap-art\",\"nm\":\"Carnet factures de livraison 3 feuilles\",\"nme\":\"Delivery Invoice Pad 3 Sheets\",\"attr\":\"\",\"sku\":\"42117\",\"l2\":\"Papeterie\",\"sl\":\"carnet-factures-de-livraison-3-feuilles-nap-art-42117\",\"sn\":\"\",\"idxP\":36},{\"mq\":\"Rabco\",\"nm\":\"Tablier noir 4 poches\",\"nme\":\"Black Apron 4 Pockets\",\"attr\":\"\",\"sku\":\"26237\",\"l2\":\"V\u00EAtement\",\"sl\":\"tablier-noir-4-poches-rabco-26237\",\"sn\":\"\",\"idxP\":10},{\"mq\":\"Rabco\",\"nm\":\"Tablier blanc bavette\",\"nme\":\"White bib Apron 1 Pocket\",\"attr\":\"\",\"sku\":\"39939\",\"l2\":\"V\u00EAtement\",\"sl\":\"tablier-blanc-bavette-rabco-39939\",\"sn\":\"\",\"idxP\":3},{\"mq\":\"Nap-art\",\"nm\":\"Carnet de notes de repas 1 feuille\",\"nme\":\"Lunch Invoices Pad 1 Sheet\",\"attr\":\"\",\"sku\":\"42120\",\"l2\":\"Papeterie\",\"sl\":\"carnet-de-notes-de-repas-1-feuille-nap-art-42120\",\"sn\":\"\",\"idxP\":27},{\"mq\":\"Globe\",\"nm\":\"Lames de remplacement pour item 4200\",\"nme\":\"Replacement Blade for Item 4200\",\"attr\":\"\",\"sku\":\"27903\",\"l2\":\"Papeterie\",\"sl\":\"lames-de-remplacement-pour-item-4200-globe-27903\",\"sn\":\"\",\"idxP\":10},{\"mq\":\"Arco\",\"nm\":\"Tablier solide\",\"nme\":\"Apron Solid\",\"attr\":\"\",\"sku\":\"24962\",\"l2\":\"V\u00EAtement\",\"sl\":\"tablier-solide-arco-24962\",\"sn\":\"\",\"idxP\":34},{\"mq\":\"Arco\",\"nm\":\"Ensemble de gants de four couleur uni\",\"nme\":\"Solid Color Oven Mitt Set\",\"attr\":\"\",\"sku\":\"27555\",\"l2\":\"V\u00EAtement\",\"sl\":\"ensemble-de-gants-de-four-couleur-uni-arco-27555\",\"sn\":\"\",\"idxP\":47},{\"mq\":\"Berwick\",\"nm\":\"Ruban blanc 3\\\/16\\\" 500V\",\"nme\":\"White Ribbon 3\\\/16\\\" 500V\",\"attr\":\"\",\"sku\":\"33231\",\"l2\":\"Papeterie\",\"sl\":\"ruban-blanc-316-500v-berwick-33231\",\"sn\":\"\",\"idxP\":4},{\"mq\":\"Classic\",\"nm\":\"Bloc notes de repas\",\"nme\":\"Food Memo Pad\",\"attr\":\"\",\"sku\":\"46491\",\"l2\":\"Papeterie\",\"sl\":\"bloc-notes-de-repas-classic-46491\",\"sn\":\"\",\"idxP\":29},{\"mq\":\"Starfrit\",\"nm\":\"Couvercle protecteur micro-ondes\",\"nme\":\"Microwave Food Cover\",\"attr\":\"\",\"sku\":\"28601\",\"l2\":\"Bac\",\"sl\":\"couvercle-protecteur-micro-ondes-starfrit-28601\",\"sn\":\"\",\"idxP\":16},{\"mq\":\"Mi-Ma Pack\",\"nm\":\"Rouleau de caisse enregistreuse 3.18 x 200\\\"\",\"nme\":\"Cash Register Roll 3.18 x 200\\\"\",\"attr\":\"\",\"sku\":\"29152\",\"l2\":\"Papeterie\",\"sl\":\"rouleau-de-caisse-enregistreuse-3.18-x-200-mi-ma-pack-29152\",\"sn\":\"\",\"idxP\":52},{\"mq\":\"Mi-Ma Pack\",\"nm\":\"Rouleau de caisse enregistreuse 2.14 x 60\\\"\",\"nme\":\"Cash Register Roll 2.14 x 60\\\"\",\"attr\":\"\",\"sku\":\"29153\",\"l2\":\"Papeterie\",\"sl\":\"rouleau-de-caisse-enregistreuse-2.14-x-60-mi-ma-pack-29153\",\"sn\":\"\",\"idxP\":42},{\"mq\":\"Sagetra\",\"nm\":\"Cloche de comptoir\",\"nme\":\"Call Bell Chrome Finish 3 3\\\/8\\\"\",\"attr\":\"\",\"sku\":\"29290\",\"l2\":\"Papeterie\",\"sl\":\"cloche-de-comptoir-sagetra-29290\",\"sn\":\"\",\"idxP\":10},{\"mq\":\"Eurodib\",\"nm\":\"Trancheur \u00E0 viande 10\\\"\",\"nme\":\"Meat Slicer 10\\\"\",\"attr\":\"\",\"sku\":\"25815\",\"l2\":\"Appareil de cuisine\",\"sl\":\"trancheur-a-viande-10-eurodib-25815\",\"sn\":\"\",\"idxP\":35},{\"mq\":\"Victorinox\",\"nm\":\"Gant de performance tr\u00E8s grand\",\"nme\":\"Performance Glove Extra Large\",\"attr\":\"\",\"sku\":\"38616\",\"l2\":\"V\u00EAtement\",\"sl\":\"gant-de-performance-tres-grand-victorinox-38616\",\"sn\":\"\",\"idxP\":0},{\"mq\":\"Berwick\",\"nm\":\"Ruban bleu royal 3\\\/16\\\" 500V\",\"nme\":\"Royal Blue Ribbon 3\\\/16\\\" 500V\",\"attr\":\"\",\"sku\":\"33233\",\"l2\":\"Papeterie\",\"sl\":\"ruban-bleu-royal-316-500v-berwick-33233\",\"sn\":\"\",\"idxP\":4},{\"mq\":\"Berwick\",\"nm\":\"Ruban vert 3\\\/16\\\" 500V\",\"nme\":\"Green Ribbon 3\\\/16\\\" 500V\",\"attr\":\"\",\"sku\":\"33234\",\"l2\":\"Papeterie\",\"sl\":\"ruban-vert-316-500v-berwick-33234\",\"sn\":\"\",\"idxP\":4},{\"mq\":\"Berwick\",\"nm\":\"Ruban bleu p\u00E2le 3\\\/16\\\" 500V\",\"nme\":\"Light Blue Ribbon 3\\\/16\\\" 500V\",\"attr\":\"\",\"sku\":\"33236\",\"l2\":\"Papeterie\",\"sl\":\"ruban-bleu-pale-316-500v-berwick-33236\",\"sn\":\"\",\"idxP\":4},{\"mq\":\"Victorinox\",\"nm\":\"Gant de performance grand\",\"nme\":\"Performance Glove Large\",\"attr\":\"\",\"sku\":\"38614\",\"l2\":\"V\u00EAtement\",\"sl\":\"gant-de-performance-grand-victorinox-38614\",\"sn\":\"\",\"idxP\":1},{\"mq\":\"Berwick\",\"nm\":\"Ruban or 3\\\/16\\\" 500V\",\"nme\":\"Gold Ribbon 3\\\/16\\\" 500V\",\"attr\":\"\",\"sku\":\"33232\",\"l2\":\"Papeterie\",\"sl\":\"ruban-or-316-500v-berwick-33232\",\"sn\":\"\",\"idxP\":3},{\"mq\":\"Berwick\",\"nm\":\"Ruban lavande 3\\\/16\\\" 500V\",\"nme\":\"Lavender Ribbon 3\\\/16\\\" 500V\",\"attr\":\"\",\"sku\":\"33235\",\"l2\":\"Papeterie\",\"sl\":\"ruban-lavande-316-500v-berwick-33235\",\"sn\":\"\",\"idxP\":5},{\"mq\":\"Victorinox\",\"nm\":\"Gant de performance moyen\",\"nme\":\"Performance Glove Medium\",\"attr\":\"\",\"sku\":\"38612\",\"l2\":\"V\u00EAtement\",\"sl\":\"gant-de-performance-moyen-victorinox-38612\",\"sn\":\"\",\"idxP\":2},{\"mq\":\"Berwick\",\"nm\":\"Ruban rouge 3\\\/16\\\" 500V\",\"nme\":\"Red Ribbon 3\\\/16\\\" 500V\",\"attr\":\"\",\"sku\":\"33237\",\"l2\":\"Papeterie\",\"sl\":\"ruban-rouge-316-500v-berwick-33237\",\"sn\":\"\",\"idxP\":5},{\"mq\":\"IEL\",\"nm\":\"Seau gradu\u00E9 en plastique 15L\",\"nme\":\"Plastic Graduated Bucket\",\"attr\":\"\",\"sku\":\"29459\",\"l2\":\"Bac\",\"sl\":\"seau-gradue-en-plastique-15l-iel-29459\",\"sn\":\"\",\"idxP\":43},{\"mq\":\"IEL\",\"nm\":\"Seau gradu\u00E9 en plastique 8L\",\"nme\":\"Plastic Graduated Bucket\",\"attr\":\"\",\"sku\":\"29457\",\"l2\":\"Bac\",\"sl\":\"seau-gradue-en-plastique-8l-iel-29457\",\"sn\":\"\",\"idxP\":57},{\"mq\":\"IEL\",\"nm\":\"Couvercle carr\u00E9 \u00E0 pression\",\"nme\":\"Square Pressure Cover\",\"attr\":\"\",\"sku\":\"29458\",\"l2\":\"Bac\",\"sl\":\"couvercle-carre-a-pression-iel-29458\",\"sn\":\"\",\"idxP\":67},{\"mq\":\"Orly\",\"nm\":\"Mitaine four silicone 13\\\" jaune\",\"nme\":\"Silicone oven mitt 13\\\" yellow\",\"attr\":\"\",\"sku\":\"29792\",\"l2\":\"V\u00EAtement\",\"sl\":\"mitaine-four-silicone-13-jaune-orly-29792\",\"sn\":\"\",\"idxP\":7},{\"mq\":\"Sagetra\",\"nm\":\"Petit chariot de service gris 3 tablettes\",\"nme\":\"Small Grey Trolley 3 Utility\",\"attr\":\"\",\"sku\":\"31720\",\"l2\":\"Chariot\",\"sl\":\"petit-chariot-de-service-gris-3-tablettes-sagetra-31720\",\"sn\":\"\",\"idxP\":0},{\"mq\":\"Sagetra\",\"nm\":\"Grand chariot de service noir 3 tablettes\",\"nme\":\"Large Black Trolley 3 Utility\",\"attr\":\"\",\"sku\":\"31718\",\"l2\":\"Chariot\",\"sl\":\"grand-chariot-de-service-noir-3-tablettes-sagetra-31718\",\"sn\":\"\",\"idxP\":2},{\"mq\":\"Sagetra\",\"nm\":\"Petit chariot de service noir 3 tablettes\",\"nme\":\"Small Black Trolley 3 Utility\",\"attr\":\"\",\"sku\":\"31719\",\"l2\":\"Chariot\",\"sl\":\"petit-chariot-de-service-noir-3-tablettes-sagetra-31719\",\"sn\":\"\",\"idxP\":1},{\"mq\":\"Hy Five\",\"nm\":\"Gant nitrile bleu tr\u00E8s grand\",\"nme\":\"Extra Large Nitrile Blue Glove\",\"attr\":\"\",\"sku\":\"36251\",\"l2\":\"V\u00EAtement\",\"sl\":\"gant-nitrile-bleu-tres-grand-hy-five-36251\",\"sn\":\"\",\"idxP\":0},{\"mq\":\"Orly\",\"nm\":\"Mitaine pour le four bleue en silicone 15\\\"\",\"nme\":\"Blue Silicone Mitt Oven 15\\\"\",\"attr\":\"\",\"sku\":\"10564\",\"l2\":\"V\u00EAtement\",\"sl\":\"mitaine-pour-le-four-bleue-en-silicone-15-orly-10564\",\"sn\":\"\",\"idxP\":20},{\"mq\":\"Eurodib\",\"nm\":\"Machine sous-vide externe\",\"nme\":\"External vacuum machine\",\"attr\":\"\",\"sku\":\"01043\",\"l2\":\"Appareil de cuisine\",\"sl\":\"machine-sous-vide-externe-eurodib-01043\",\"sn\":\"\",\"idxP\":26},{\"mq\":\"Eurodib\",\"nm\":\"Machine sous-vide \u00E0 cuve\",\"nme\":\"Tank vacuum sealer\",\"attr\":\"\",\"sku\":\"01044\",\"l2\":\"Appareil de cuisine\",\"sl\":\"machine-sous-vide-a-cuve-eurodib-01044\",\"sn\":\"\",\"idxP\":15},{\"mq\":\"Globe\",\"nm\":\"Bac \u00E0 vaisselle blanc 5\\\"\",\"nme\":\"White Tote Box 5\\\"\",\"attr\":\"\",\"sku\":\"24534\",\"l2\":\"Bac\",\"sl\":\"bac-a-vaisselle-blanc-5-globe-24534\",\"sn\":\"\",\"idxP\":64},{\"mq\":\"Eurodib\",\"nm\":\"Rouleau sacs sous-vide 12\\\" X 20'\",\"nme\":\"Vacuum bag roll 12\\\" X 20'\",\"attr\":\"\",\"sku\":\"01776\",\"l2\":\"Autre\",\"sl\":\"rouleau-sacs-sous-vide-12-x-20-eurodib-01776\",\"sn\":\"\",\"idxP\":67},{\"mq\":\"Eurodib\",\"nm\":\"Rouleau sacs sous-vide 8\\\" X 20'\",\"nme\":\"Vacuum bag roll 8\\\" X 20'\",\"attr\":\"\",\"sku\":\"01775\",\"l2\":\"Autre\",\"sl\":\"rouleau-sacs-sous-vide-8-x-20-eurodib-01775\",\"sn\":\"\",\"idxP\":100},{\"mq\":\"Dynamic\",\"nm\":\"M\u00E9langeur commercial MX-91  115W\",\"nme\":\"MX-91 commercial mixer  115W\",\"attr\":\"\",\"sku\":\"02105\",\"l2\":\"Appareil de cuisine\",\"sl\":\"melangeur-commercial-mx-91-115w-dynamic-02105\",\"sn\":\"\",\"idxP\":12},{\"mq\":\"Adamo\",\"nm\":\"Trancheur \u00E0 viande commercial 9\\\"\",\"nme\":\"Commercial Meat Slicer 9in\",\"attr\":\"\",\"sku\":\"02074\",\"l2\":\"Appareil de cuisine\",\"sl\":\"trancheur-a-viande-commercial-9-adamo-02074\",\"sn\":\"\",\"idxP\":0},{\"mq\":\"Globe\",\"nm\":\"Bac \u00E0 vaisselle gris 5\\\"\",\"nme\":\"Grey Tote Box 5\\\"\",\"attr\":\"\",\"sku\":\"24536\",\"l2\":\"Bac\",\"sl\":\"bac-a-vaisselle-gris-5-globe-24536\",\"sn\":\"\",\"idxP\":97},{\"mq\":\"Eurodib\",\"nm\":\"Plaque \u00E0 induction 1800 watts\",\"nme\":\"1800 watt induction hob\",\"attr\":\"\",\"sku\":\"02529\",\"l2\":\"Appareil de cuisine\",\"sl\":\"plaque-a-induction-1800-watts-eurodib-02529\",\"sn\":\"\",\"idxP\":12},{\"mq\":\"Sani-guard\",\"nm\":\"Gant caoutchouc grand\",\"nme\":\"Rubber gloves large\",\"attr\":\"\",\"sku\":\"03005\",\"l2\":\"V\u00EAtement\",\"sl\":\"gant-caoutchouc-grand-sani-guard-03005\",\"sn\":\"\",\"idxP\":57},{\"mq\":\"Hy Pax\",\"nm\":\"Attaches vertes 4\\\"x1\\\/8\\\"\",\"nme\":\"Green paper twist ties 4\\\"x1\\\/8\\\"\",\"attr\":\"\",\"sku\":\"11395\",\"l2\":\"Papeterie\",\"sl\":\"attaches-vertes-4x18-hy-pax-11395\",\"sn\":\"\",\"idxP\":32},{\"mq\":\"Louis Tellier\",\"nm\":\"Raclette alpage\",\"nme\":\"Alpage Raclette\",\"attr\":\"\",\"sku\":\"12166\",\"l2\":\"Appareil de cuisine\",\"sl\":\"raclette-alpage-louis-tellier-12166\",\"sn\":\"\",\"idxP\":0},{\"mq\":\"Turpone\",\"nm\":\"Four \u00E0 pizza rotatif 12\\\"\",\"nme\":\"Rotating 12\\\" Pizza Oven\",\"attr\":\"\",\"sku\":\"12415\",\"l2\":\"Appareil de cuisine\",\"sl\":\"four-a-pizza-rotatif-12-turpone-12415\",\"sn\":\"\",\"idxP\":0},{\"mq\":\"Eurodib\",\"nm\":\"M\u00E9langeur plan\u00E9taire 20 pintes\",\"nme\":\"20 Qts Planetary Mixer\",\"attr\":\"\",\"sku\":\"12476\",\"l2\":\"Appareil de cuisine\",\"sl\":\"melangeur-planetaire-20-pintes-12476\",\"sn\":\"\",\"idxP\":0},{\"mq\":\"Titan\",\"nm\":\"Ruban d'emballage clair 48mm x 132m\",\"nme\":\"48mm x 132m Clear Packing Tape\",\"attr\":\"\",\"sku\":\"12599\",\"l2\":\"Papeterie\",\"sl\":\"ruban-demballage-clair-48mm-x-132m-12599\",\"sn\":\"transparent\",\"idxP\":33},{\"mq\":\"Atmovac\",\"nm\":\"Sac sous-vide gaufr\u00E9 10\\\"x14\\\"\",\"nme\":\"10\\\"x14\\\" Vacuum Sealer Bag\",\"attr\":\"\",\"sku\":\"12635\",\"l2\":\"Autre\",\"sl\":\"sac-sous-vide-gaufre-10x14-12635\",\"sn\":\"\",\"idxP\":7},{\"mq\":\"Atmovac\",\"nm\":\"Sac sous-vide gaufr\u00E9 6\\\"x12\\\"\",\"nme\":\"6\\\"x12\\\" Vacuum Sealer Bag\",\"attr\":\"\",\"sku\":\"12636\",\"l2\":\"Autre\",\"sl\":\"sac-sous-vide-gaufre-6x12-12636\",\"sn\":\"\",\"idxP\":14},{\"mq\":\"Starfrit\",\"nm\":\"Hachoir \u00E0 base rotative\",\"nme\":\"Rotative Chopper\",\"attr\":\"\",\"sku\":\"28642\",\"l2\":\"Appareil de cuisine\",\"sl\":\"hachoir-a-base-rotative-28642\",\"sn\":\"\",\"idxP\":16},{\"mq\":\"Adamo\",\"nm\":\"Pr\u00E9sentoir \u00E0 p\u00E2tisserie\",\"nme\":\"Pastry Display\",\"attr\":\"\",\"sku\":\"12707\",\"l2\":\"Pr\u00E9sentoir\",\"sl\":\"presentoir-a-patisserie-12707\",\"sn\":\"\",\"idxP\":0},{\"mq\":\"Cuisinart\",\"nm\":\"Friteuse professionnelle\",\"nme\":\"Professional Deep Fryer\",\"attr\":\"\",\"sku\":\"12739\",\"l2\":\"Appareil de cuisine\",\"sl\":\"friteuse-professionnelle-12739\",\"sn\":\"commercial\",\"idxP\":0},{\"mq\":\"Cuisinart\",\"nm\":\"Four \u00E0 micro-ondes\",\"nme\":\"Microwave Oven\",\"attr\":\"\",\"sku\":\"12742\",\"l2\":\"Appareil de cuisine\",\"sl\":\"four-a-micro-ondes-12742\",\"sn\":\"\",\"idxP\":0},{\"mq\":\"Cuisinart\",\"nm\":\"Machine \u00E0 cr\u00E8me glac\u00E9e molle Mix It In\",\"nme\":\"Mix It In Soft-Serve Ice Cream Maker\",\"attr\":\"\",\"sku\":\"12743\",\"l2\":\"Appareil de cuisine\",\"sl\":\"machine-a-creme-glacee-molle-mix-it-in-12743\",\"sn\":\"\",\"idxP\":0},{\"mq\":\"Cuisinart\",\"nm\":\"\u00C9clateur de ma\u00EFs EasyPop\",\"nme\":\"EasyPop Popcorn Maker\",\"attr\":\"\",\"sku\":\"12744\",\"l2\":\"Appareil de cuisine\",\"sl\":\"eclateur-de-mais-easypop-12744\",\"sn\":\"\",\"idxP\":0},{\"mq\":\"Cuisinart\",\"nm\":\"Chauffe-terrasse \u00E0 combustion sans fum\u00E9e 24\\\"\",\"nme\":\"24\\\" Smokeless Combustion Fire Pit\",\"attr\":\"\",\"sku\":\"12747\",\"l2\":\"Appareil de cuisine\",\"sl\":\"chauffe-terrasse-a-combustion-sans-fumee-24-12747\",\"sn\":\"\",\"idxP\":0},{\"mq\":\"Martin\",\"nm\":\"Chauffe-terrasse 45000 BTU\",\"nme\":\"45000 BTU Patio Heater\",\"attr\":\"\",\"sku\":\"12753\",\"l2\":\"Appareil de cuisine\",\"sl\":\"chauffe-terrasse-45000-btu-12753\",\"sn\":\"\",\"idxP\":0},{\"mq\":\"Martin\",\"nm\":\"Chauffe-terrasse Inferno 36000 BTU\",\"nme\":\"36000 BTU Inferno Patio Heater\",\"attr\":\"\",\"sku\":\"12754\",\"l2\":\"Appareil de cuisine\",\"sl\":\"chauffe-terrasse-inferno-36000-btu-12754\",\"sn\":\"\",\"idxP\":0},{\"mq\":\"Turpone\",\"nm\":\"Four \u00E0 pizza rotatif 17\\\"\",\"nme\":\"Rotating 17\\\" Pizza Oven\",\"attr\":\"\",\"sku\":\"12791\",\"l2\":\"Appareil de cuisine\",\"sl\":\"four-a-pizza-rotatif-17-12791\",\"sn\":\"\",\"idxP\":0},{\"mq\":\"Victoria\",\"nm\":\"Poign\u00E9e silicone petite\",\"nme\":\"Small Silicone Handle\",\"attr\":\"\",\"sku\":\"12952\",\"l2\":\"V\u00EAtement\",\"sl\":\"poignee-silicone-petite-12952\",\"sn\":\"\",\"idxP\":0},{\"mq\":\"Victoria\",\"nm\":\"Poign\u00E9e silicone grande\",\"nme\":\"Large Silicone Handle\",\"attr\":\"\",\"sku\":\"12962\",\"l2\":\"V\u00EAtement\",\"sl\":\"poignee-silicone-grande-12962\",\"sn\":\"\",\"idxP\":0},{\"mq\":\"H\u00E9ritage\",\"nm\":\"Grille panini \u00E9lectrique The Rock\",\"nme\":\"The Rock Electric Panini Grill\",\"attr\":\"\",\"sku\":\"13055\",\"l2\":\"Appareil de cuisine\",\"sl\":\"grille-panini-electrique-the-rock-13055\",\"sn\":\"\",\"idxP\":0},{\"mq\":\"Trudeau\",\"nm\":\"Ensemble fondue 3 en 1\",\"nme\":\"3 in 1 Fondue Set\",\"attr\":\"\",\"sku\":\"25125\",\"l2\":\"Appareil de cuisine\",\"sl\":\"ensemble-fondue-3-en-1-25125\",\"sn\":\"\",\"idxP\":0},{\"mq\":\"Trudeau\",\"nm\":\"Raclette r\u00E9versible\",\"nme\":\"Reversible Raclette\",\"attr\":\"\",\"sku\":\"13119\",\"l2\":\"Appareil de cuisine\",\"sl\":\"raclette-reversible-13119\",\"sn\":\"\",\"idxP\":0},{\"mq\":\"Duracore\",\"nm\":\"Gant vinyle petit non poudr\u00E9\",\"nme\":\"Non Powdered Small Vinyl Glove\",\"attr\":\"\",\"sku\":\"13228\",\"l2\":\"V\u00EAtement\",\"sl\":\"gant-vinyle-petit-non-poudre-13228\",\"sn\":\"\",\"idxP\":0},{\"mq\":\"Duracore\",\"nm\":\"Gant vinyle extra grand non poudr\u00E9\",\"nme\":\"Non Powdered Extra Large Vinyl Glove\",\"attr\":\"\",\"sku\":\"13229\",\"l2\":\"V\u00EAtement\",\"sl\":\"gant-vinyle-extra-grand-non-poudre-13229\",\"sn\":\"\",\"idxP\":0},{\"mq\":\"Duracore\",\"nm\":\"Gant vinyle grand non poudr\u00E9\",\"nme\":\"Non Powdered Large Vinyl Glove\",\"attr\":\"\",\"sku\":\"13230\",\"l2\":\"V\u00EAtement\",\"sl\":\"gant-vinyle-grand-non-poudre-13230\",\"sn\":\"\",\"idxP\":0},{\"mq\":\"Duracore\",\"nm\":\"Gant vinyle moyen non poudr\u00E9\",\"nme\":\"Non Powdered Medium Vinyl Glove\",\"attr\":\"\",\"sku\":\"13231\",\"l2\":\"V\u00EAtement\",\"sl\":\"gant-vinyle-moyen-non-poudre-13231\",\"sn\":\"\",\"idxP\":0},{\"mq\":\"Duracore\",\"nm\":\"Gant poly\u00E9thyl\u00E8ne petit\",\"nme\":\"Small Polyethylene Glove\",\"attr\":\"\",\"sku\":\"13234\",\"l2\":\"V\u00EAtement\",\"sl\":\"gant-polyethylene-petit-13234\",\"sn\":\"\",\"idxP\":0},{\"mq\":\"Duracore\",\"nm\":\"Gant poly\u00E9thyl\u00E8ne moyen\",\"nme\":\"Medium Polyethylene Glove\",\"attr\":\"\",\"sku\":\"13239\",\"l2\":\"V\u00EAtement\",\"sl\":\"gant-polyethylene-moyen-13239\",\"sn\":\"\",\"idxP\":0},{\"mq\":\"Duracore\",\"nm\":\"Gant poly\u00E9thyl\u00E8ne grand\",\"nme\":\"Large Polyethylene Glove\",\"attr\":\"\",\"sku\":\"13240\",\"l2\":\"V\u00EAtement\",\"sl\":\"gant-polyethylene-grand-13240\",\"sn\":\"\",\"idxP\":0},{\"mq\":\"Duracore\",\"nm\":\"Gant poly\u00E9thyl\u00E8ne extra grand\",\"nme\":\"Extra Large Polyethylene Glove\",\"attr\":\"\",\"sku\":\"13241\",\"l2\":\"V\u00EAtement\",\"sl\":\"gant-polyethylene-extra-grand-13241\",\"sn\":\"\",\"idxP\":0},{\"mq\":\"Duracore\",\"nm\":\"Gant nitrile bleu petit\",\"nme\":\"Small Blue Nitrile Glove\",\"attr\":\"\",\"sku\":\"13242\",\"l2\":\"V\u00EAtement\",\"sl\":\"gant-nitrile-bleu-petit-13242\",\"sn\":\"\",\"idxP\":0},{\"mq\":\"Duracore\",\"nm\":\"Gant nitrile bleu moyen\",\"nme\":\"Medium Blue Nitrile Glove\",\"attr\":\"\",\"sku\":\"13243\",\"l2\":\"V\u00EAtement\",\"sl\":\"gant-nitrile-bleu-moyen-13243\",\"sn\":\"\",\"idxP\":0},{\"mq\":\"Duracore\",\"nm\":\"Gant nitrile bleu grand\",\"nme\":\"Large Blue Nitrile Glove\",\"attr\":\"\",\"sku\":\"13246\",\"l2\":\"V\u00EAtement\",\"sl\":\"gant-nitrile-bleu-grand-13246\",\"sn\":\"\",\"idxP\":0},{\"mq\":\"Duracore\",\"nm\":\"Gant nitrile bleu extra grand\",\"nme\":\"Extra Large Blue Nitrile Glove\",\"attr\":\"\",\"sku\":\"13247\",\"l2\":\"V\u00EAtement\",\"sl\":\"gant-nitrile-bleu-extra-grand-13247\",\"sn\":\"\",\"idxP\":0},{\"mq\":\"Duracore\",\"nm\":\"Gant nitrile noir extra extra grand\",\"nme\":\"Extra Extra Large Black Nitrile Glove\",\"attr\":\"\",\"sku\":\"13248\",\"l2\":\"V\u00EAtement\",\"sl\":\"gant-nitrile-noir-extra-extra-grand-13248\",\"sn\":\"\",\"idxP\":0},{\"mq\":\"Eurodib\",\"nm\":\"Machine sous-vide\",\"nme\":\"Vac Pack Machine\",\"attr\":\"\",\"sku\":\"14099\",\"l2\":\"Appareil de cuisine\",\"sl\":\"machine-sous-vide-14099\",\"sn\":\"\",\"idxP\":0},{\"mq\":\"Bunn\",\"nm\":\"Filtre \u00E0 caf\u00E9\",\"nme\":\"Coffee Filter\",\"attr\":\"\",\"sku\":\"01273\",\"l2\":\"Autre\",\"sl\":\"filtre-a-cafe-bunn-01273\",\"sn\":\"\",\"idxP\":10},{\"nm\":\"Plateau de pizza 9\\\"\",\"nme\":\"Tray Pizza 9\\\"\",\"attr\":\"\u00C9cologique\",\"sku\":\"25363\",\"l2\":\"Vaisselle jetable\",\"sl\":\"plateau-de-pizza-9-boite-25363\",\"sn\":\"plateau\",\"idxP\":8},{\"mq\":\"Polarpro\",\"nm\":\"Cuill\u00E8re \u00E0 soupe blanche en propyl\u00E8ne\",\"nme\":\"Propylene White Soup Spoon\",\"attr\":\"\",\"sku\":\"17736\",\"l2\":\"Vaisselle jetable\",\"sl\":\"cuillere-a-soupe-blanche-en-propylene-polarpro-17736\",\"sn\":\"\",\"idxP\":14},{\"mq\":\"Polarpro\",\"nm\":\"Fourchette blanche en propyl\u00E8ne\",\"nme\":\"Propylene White Fork\",\"attr\":\"\",\"sku\":\"17734\",\"l2\":\"Vaisselle jetable\",\"sl\":\"fourchette-blanche-en-propylene-polarpro-17734\",\"sn\":\"\",\"idxP\":33},{\"mq\":\"Rosenbloom\",\"nm\":\"Sac d'\u00E9picerie papier kraft 14lb\",\"nme\":\"Kraft Paper Grocery Bag 14lb\",\"attr\":\"\",\"sku\":\"25789\",\"l2\":\"Sac \u00E0 emballage\",\"sl\":\"sac-depicerie-papier-kraft-14lb-rosenbloom-25789\",\"sn\":\"\",\"idxP\":57},{\"mq\":\"Rosenbloom\",\"nm\":\"Sac d'\u00E9picerie papier kraft 20lb\",\"nme\":\"Kraft Paper Grocery Bag 20 lb\",\"attr\":\"\",\"sku\":\"25790\",\"l2\":\"Sac \u00E0 emballage\",\"sl\":\"sac-depicerie-papier-kraft-20lb-rosenbloom-25790\",\"sn\":\"\",\"idxP\":69},{\"mq\":\"Table Accents\",\"nm\":\"Ens. ustensile plastique blanc 6pcs (f\\\/k\\\/s\\\/n\\\/s\\\/p)\",\"nme\":\"White Plastic Cutlery Pack(f\\\/k\\\/s\\\/n\\\/s\\\/p)\",\"attr\":\"\",\"sku\":\"29715\",\"l2\":\"Vaisselle jetable\",\"sl\":\"ens.-ustensile-plastique-blanc-6pcs-fksnsp-table-accents-29715\",\"sn\":\"\",\"idxP\":86},{\"mq\":\"Lapaco\",\"nm\":\"Serviette \u00E0 d\u00EEner blanche 1 pli\",\"nme\":\"White Dinner Napkin One Ply\",\"attr\":\"\",\"sku\":\"17305\",\"l2\":\"Serviettes et nappes jetables\",\"sl\":\"serviette-a-diner-blanche-1-pli-lapaco-17305\",\"sn\":\"\",\"idxP\":100},{\"mq\":\"Master Packaging\",\"nm\":\"Boite \u00E0 pizza ondul\u00E9e imprim\u00E9e 10\\\"\",\"nme\":\"Printed Corrugated Pizza Box 10\\\"\",\"attr\":\"\",\"sku\":\"34438\",\"l2\":\"Boite carton\",\"sl\":\"boite-a-pizza-ondulee-imprimee-10-master-packaging-34438\",\"sn\":\"\",\"idxP\":51},{\"mq\":\"Lapaco\",\"nm\":\"Napperon Bienvenue rouge\",\"nme\":\"Red Welcome Placemat\",\"attr\":\"\",\"sku\":\"22298\",\"l2\":\"Serviettes et nappes jetables\",\"sl\":\"napperon-bienvenue-rouge-lapaco-22298\",\"sn\":\"\",\"idxP\":30},{\"mq\":\"Master Packaging\",\"nm\":\"Bo\u00EEte \u00E0 pizza ondul\u00E9e imprim\u00E9e 12\\\"\",\"nme\":\"Printed Corrugated Pizza Box 12\\\"\",\"attr\":\"\",\"sku\":\"34437\",\"l2\":\"Boite carton\",\"sl\":\"boite-a-pizza-ondulee-imprimee-12-master-packaging-34437\",\"sn\":\"\",\"idxP\":61},{\"mq\":\"Polarpro\",\"nm\":\"Couteau blanc en propyl\u00E8ne\",\"nme\":\"Propylene White Knife\",\"attr\":\"\",\"sku\":\"17737\",\"l2\":\"Vaisselle jetable\",\"sl\":\"couteau-blanc-en-propylene-polarpro-17737\",\"sn\":\"\",\"idxP\":14},{\"mq\":\"Lapaco\",\"nm\":\"Napperon Bienvenue brun\",\"nme\":\"Brown Welcome Placemat\",\"attr\":\"\",\"sku\":\"37622\",\"l2\":\"Serviettes et nappes jetables\",\"sl\":\"napperon-bienvenue-brun-lapaco-37622\",\"sn\":\"\",\"idxP\":15},{\"mq\":\"Rosenbloom\",\"nm\":\"Sac d'\u00E9picerie papier kraft 7lb\",\"nme\":\"Kraft Paper Grocery Bag 7lb\",\"attr\":\"\",\"sku\":\"25786\",\"l2\":\"Sac \u00E0 emballage\",\"sl\":\"sac-depicerie-papier-kraft-7lb-rosenbloom-25786\",\"sn\":\"\",\"idxP\":36},{\"mq\":\"Chef Elite\",\"nm\":\"Rouleau papier aluminium 45cm x 100m\",\"nme\":\"Aluminium Foil Roll 45cm x 100m\",\"attr\":\"\",\"sku\":\"23740\",\"l2\":\"Pellicule, papier alimentaire\",\"sl\":\"rouleau-papier-aluminium-45cm-x-100m-chef-elite-23740\",\"sn\":\"\",\"idxP\":97},{\"mq\":\"ABC Emballuxe\",\"nm\":\"Pique bambou boule rouge 150 mm\",\"nme\":\"Red Ball Bamboo Pick 150 mm\",\"attr\":\"\u00C9cologique\",\"sku\":\"26568\",\"l2\":\"Vaisselle jetable\",\"sl\":\"pique-bambou-boule-rouge-150-mm-abc-emballuxe-26568\",\"sn\":\"\",\"idxP\":65},{\"mq\":\"ABC Emballuxe\",\"nm\":\"Pique bambou tress\u00E9 2 perles rouges 120 mm\",\"nme\":\"2 Red Pearls Plait Bamboo Pick 120 mm\",\"attr\":\"\u00C9cologique\",\"sku\":\"26574\",\"l2\":\"Vaisselle jetable\",\"sl\":\"pique-bambou-tresse-2-perles-rouges-120-mm-abc-emballuxe-26574\",\"sn\":\"\",\"idxP\":63},{\"mq\":\"ABC Emballuxe\",\"nm\":\"Pique bambou Tepoku 150 mm\",\"nme\":\"Tepoku Bamboo Pick 150 mm\",\"attr\":\"\u00C9cologique\",\"sku\":\"26566\",\"l2\":\"Vaisselle jetable\",\"sl\":\"pique-bambou-tepoku-150-mm-abc-emballuxe-26566\",\"sn\":\"\",\"idxP\":86},{\"mq\":\"ABC Emballuxe\",\"nm\":\"Pique bambou coeur rouge Love 120 mm\",\"nme\":\"Red Heart Love Bamboo Pick 120 mm\",\"attr\":\"\u00C9cologique\",\"sku\":\"26582\",\"l2\":\"Vaisselle jetable\",\"sl\":\"pique-bambou-coeur-rouge-love-120-mm-abc-emballuxe-26582\",\"sn\":\"\",\"idxP\":48},{\"mq\":\"ABC Emballuxe\",\"nm\":\"Pique bambou Twist 105 mm\",\"nme\":\"Twist Bamboo Pick 105 mm\",\"attr\":\"\u00C9cologique\",\"sku\":\"26564\",\"l2\":\"Vaisselle jetable\",\"sl\":\"pique-bambou-twist-105-mm-abc-emballuxe-26564\",\"sn\":\"\",\"idxP\":87},{\"mq\":\"ABC Emballuxe\",\"nm\":\"Pique bambou Twist noir 100 mm\",\"nme\":\"Black Twist Bamboo Pick 100 mm\",\"attr\":\"\u00C9cologique\",\"sku\":\"26584\",\"l2\":\"Vaisselle jetable\",\"sl\":\"pique-bambou-twist-noir-100-mm-abc-emballuxe-26584\",\"sn\":\"\",\"idxP\":44},{\"mq\":\"ABC Emballuxe\",\"nm\":\"Pique bambou Twist 120 mm\",\"nme\":\"Twist Bamboo Pick 120 mm\",\"attr\":\"\u00C9cologique\",\"sku\":\"26565\",\"l2\":\"Vaisselle jetable\",\"sl\":\"pique-bambou-twist-120-mm-abc-emballuxe-26565\",\"sn\":\"\",\"idxP\":88},{\"mq\":\"ABC Emballuxe\",\"nm\":\"Pique bambou Kuromoji 90 mm\",\"nme\":\"Kuromoji Bamboo Pick 90 mm\",\"attr\":\"\u00C9cologique\",\"sku\":\"26570\",\"l2\":\"Vaisselle jetable\",\"sl\":\"pique-bambou-kuromoji-90-mm-abc-emballuxe-26570\",\"sn\":\"\",\"idxP\":39},{\"mq\":\"ABC Emballuxe\",\"nm\":\"Pique bambou Twist rouge 120 mm\",\"nme\":\"Red Twist Bamboo Pick 120 mm\",\"attr\":\"\u00C9cologique\",\"sku\":\"26585\",\"l2\":\"Vaisselle jetable\",\"sl\":\"pique-bambou-twist-rouge-120-mm-abc-emballuxe-26585\",\"sn\":\"\",\"idxP\":55},{\"mq\":\"ABC Emballuxe\",\"nm\":\"Pique bambou Twist rouge 100 mm\",\"nme\":\"Red Twist Bamboo Pick 100 mm\",\"attr\":\"\u00C9cologique\",\"sku\":\"26583\",\"l2\":\"Vaisselle jetable\",\"sl\":\"pique-bambou-twist-rouge-100-mm-abc-emballuxe-26583\",\"sn\":\"\",\"idxP\":80},{\"mq\":\"ABC Emballuxe\",\"nm\":\"Pique Tepoku 70 mm\",\"nme\":\"Tepoku Bamboo Pick 70 mm\",\"attr\":\"\u00C9cologique\",\"sku\":\"26588\",\"l2\":\"Vaisselle jetable\",\"sl\":\"pique-tepoku-70-mm-abc-emballuxe-26588\",\"sn\":\"\",\"idxP\":48},{\"mq\":\"ABC Emballuxe\",\"nm\":\"Pique bambou Atami noire rondelle rouge 70 mm\",\"nme\":\"Black End Red Ring Atami Bamboo Pick 70 mm\",\"attr\":\"\u00C9cologique\",\"sku\":\"26571\",\"l2\":\"Vaisselle jetable\",\"sl\":\"pique-bambou-atami-noire-rondelle-rouge-70-mm-abc-emballuxe-26571\",\"sn\":\"\",\"idxP\":59},{\"mq\":\"ABC Emballuxe\",\"nm\":\"Mini pince \u00E0 linge en bois\",\"nme\":\"Wooden Mini Clothepin\",\"attr\":\"\u00C9cologique\",\"sku\":\"26589\",\"l2\":\"Vaisselle jetable\",\"sl\":\"mini-pince-a-linge-en-bois-abc-emballuxe-26589\",\"sn\":\"\",\"idxP\":47},{\"mq\":\"ABC Emballuxe\",\"nm\":\"Pique bambou boucle droite 100 mm\",\"nme\":\"Straight Curl Bamboo Pick 100 mm\",\"attr\":\"\u00C9cologique\",\"sku\":\"26575\",\"l2\":\"Vaisselle jetable\",\"sl\":\"pique-bambou-boucle-droite-100-mm-abc-emballuxe-26575\",\"sn\":\"\",\"idxP\":66},{\"mq\":\"ABC Emballuxe\",\"nm\":\"Pique bambou Twist noir 120 mm\",\"nme\":\"Black Twist Bamboo Pick 120 mm\",\"attr\":\"\u00C9cologique\",\"sku\":\"26586\",\"l2\":\"Vaisselle jetable\",\"sl\":\"pique-bambou-twist-noir-120-mm-abc-emballuxe-26586\",\"sn\":\"\",\"idxP\":86},{\"mq\":\"ABC Emballuxe\",\"nm\":\"Pique bambou tress\u00E9 2 perles rouges 90 mm\",\"nme\":\"2 Red Pearls Plait Bamboo Pick 90 mm\",\"attr\":\"\u00C9cologique\",\"sku\":\"26573\",\"l2\":\"Vaisselle jetable\",\"sl\":\"pique-bambou-tresse-2-perles-rouges-90-mm-abc-emballuxe-26573\",\"sn\":\"\",\"idxP\":82},{\"mq\":\"ABC Emballuxe\",\"nm\":\"Pique bambou Kyoto boule rouge 70 mm\",\"nme\":\"Red Ball Kyoto Bamboo Pick 70 mm\",\"attr\":\"\u00C9cologique\",\"sku\":\"26576\",\"l2\":\"Vaisselle jetable\",\"sl\":\"pique-bambou-kyoto-boule-rouge-70-mm-abc-emballuxe-26576\",\"sn\":\"\",\"idxP\":68},{\"mq\":\"ABC Emballuxe\",\"nm\":\"Pique bambou boule rouge et noire 100 mm\",\"nme\":\"Red and Black Ball Bamboo Pick 100 mm\",\"attr\":\"\u00C9cologique\",\"sku\":\"26567\",\"l2\":\"Vaisselle jetable\",\"sl\":\"pique-bambou-boule-rouge-et-noire-100-mm-abc-emballuxe-26567\",\"sn\":\"\",\"idxP\":88},{\"mq\":\"ABC Emballuxe\",\"nm\":\"Pique bambou Kyoto boule rouge bout noir 70 mm\",\"nme\":\"Red Ball Kyoto Bamboo Pick 70 mm\",\"attr\":\"\u00C9cologique\",\"sku\":\"26587\",\"l2\":\"Vaisselle jetable\",\"sl\":\"pique-bambou-kyoto-boule-rouge-bout-noir-70-mm-abc-emballuxe-26587\",\"sn\":\"\",\"idxP\":50},{\"mq\":\"Ziploc\",\"nm\":\"Sac \u00E0 Cong\u00E9lation moyen\",\"nme\":\"Medium Freezer Bag\",\"attr\":\"\",\"sku\":\"01892\",\"l2\":\"Sac \u00E0 emballage\",\"sl\":\"sac-a-congelation-moyen-ziploc-01892\",\"sn\":\"\",\"idxP\":50},{\"mq\":\"Ziploc\",\"nm\":\"Sac \u00E0 Cong\u00E9lation grand\",\"nme\":\"Large Freezer Bag\",\"attr\":\"\",\"sku\":\"01893\",\"l2\":\"Sac \u00E0 emballage\",\"sl\":\"sac-a-congelation-grand-ziploc-01893\",\"sn\":\"\",\"idxP\":60},{\"mq\":\"Lapaco\",\"nm\":\"Napperon l\u00E9ger blanc 10\\\"x14\\\"\",\"nme\":\"Granada White Placemat 10\\\"x14\\\"\",\"attr\":\"\",\"sku\":\"00120\",\"l2\":\"Serviettes et nappes jetables\",\"sl\":\"napperon-leger-blanc-10x14-lapaco-00120\",\"sn\":\"\",\"idxP\":17},{\"mq\":\"Lapaco\",\"nm\":\"Nappe blanche papier 40\\\" x 300'\",\"nme\":\"White Paper Tablecloth 40\\\" x 300'\",\"attr\":\"\",\"sku\":\"10125\",\"l2\":\"Serviettes et nappes jetables\",\"sl\":\"nappe-blanche-papier-40-x-300-lapaco-10125\",\"sn\":\"\",\"idxP\":18},{\"mq\":\"Lapaco\",\"nm\":\"Napperon dentelle papier blanc 12\\\"\",\"nme\":\"White Lace Paper Placemat 12\\\"\",\"attr\":\"\",\"sku\":\"11200\",\"l2\":\"Serviettes et nappes jetables\",\"sl\":\"napperon-dentelle-papier-blanc-12-lapaco-11200\",\"sn\":\"\",\"idxP\":22},{\"mq\":\"Lapaco\",\"nm\":\"Napperon dentelle ronde papier blanc 8\\\"\",\"nme\":\"Round White Lace Paper Placemat 8\\\"\",\"attr\":\"\",\"sku\":\"11201\",\"l2\":\"Serviettes et nappes jetables\",\"sl\":\"napperon-dentelle-ronde-papier-blanc-8-lapaco-11201\",\"sn\":\"\",\"idxP\":21},{\"mq\":\"Lapaco\",\"nm\":\"Moule \u00E0 g\u00E2teau blanc moyen\",\"nme\":\"White Medium Baking Cup\",\"attr\":\"\",\"sku\":\"28109\",\"l2\":\"Autre\",\"sl\":\"moule-a-gateau-blanc-moyen-lapaco-28109\",\"sn\":\"\",\"idxP\":33},{\"mq\":\"Lapaco\",\"nm\":\"Moule \u00E0 g\u00E2teau blanc grand\",\"nme\":\"White Large Baking Cups\",\"attr\":\"\",\"sku\":\"28111\",\"l2\":\"Autre\",\"sl\":\"moule-a-gateau-blanc-grand-lapaco-28111\",\"sn\":\"\",\"idxP\":52},{\"mq\":\"Lapaco\",\"nm\":\"Napperon dentelle ronde papier blanc 4\\\"\",\"nme\":\"Round White Lace Paper Placemat 4\\\"\",\"attr\":\"\",\"sku\":\"11199\",\"l2\":\"Serviettes et nappes jetables\",\"sl\":\"napperon-dentelle-ronde-papier-blanc-4-lapaco-11199\",\"sn\":\"\",\"idxP\":13},{\"mq\":\"Lapaco\",\"nm\":\"Napperon dentelle ronde papier blanc 10\\\"\",\"nme\":\"Round White Lace Paper Placemat 10\\\"\",\"attr\":\"\",\"sku\":\"11401\",\"l2\":\"Serviettes et nappes jetables\",\"sl\":\"napperon-dentelle-ronde-papier-blanc-10-lapaco-11401\",\"sn\":\"\",\"idxP\":24},{\"mq\":\"Lapaco\",\"nm\":\"Napperon Bienvenue vert\",\"nme\":\"Green Welcome Placemates\",\"attr\":\"\",\"sku\":\"22299\",\"l2\":\"Serviettes et nappes jetables\",\"sl\":\"napperon-bienvenue-vert-lapaco-22299\",\"sn\":\"\",\"idxP\":21},{\"mq\":\"Lapaco\",\"nm\":\"Serviette \u00E0 d\u00EEner noire 2 plis\",\"nme\":\"Two Fold Black Dinner Napkin\",\"attr\":\"\",\"sku\":\"30894\",\"l2\":\"Serviettes et nappes jetables\",\"sl\":\"serviette-a-diner-noire-2-plis-lapaco-30894\",\"sn\":\"\",\"idxP\":40},{\"mq\":\"Lapaco\",\"nm\":\"Napperon Bienvenue bleu\",\"nme\":\"Blue Welcome Placemat\",\"attr\":\"\",\"sku\":\"35172\",\"l2\":\"Serviettes et nappes jetables\",\"sl\":\"napperon-bienvenue-bleu-lapaco-35172\",\"sn\":\"\",\"idxP\":24},{\"mq\":\"Lapaco\",\"nm\":\"Moule \u00E0 g\u00E2teau blanc jumbo\",\"nme\":\"White Jumbo Baking Cups\",\"attr\":\"\",\"sku\":\"28894\",\"l2\":\"Autre\",\"sl\":\"moule-a-gateau-blanc-jumbo-lapaco-28894\",\"sn\":\"\",\"idxP\":64},{\"mq\":\"Lapaco\",\"nm\":\"Napperon dentelle ronde papier blanc 6\\\"\",\"nme\":\"Round White Lace Paper Placemat 6\\\"\",\"attr\":\"\",\"sku\":\"11204\",\"l2\":\"Serviettes et nappes jetables\",\"sl\":\"napperon-dentelle-ronde-papier-blanc-6-lapaco-11204\",\"sn\":\"\",\"idxP\":23},{\"mq\":\"Lapaco\",\"nm\":\"Serviette \u00E0 d\u00EEner blanche 2 plis\",\"nme\":\"Two Fold White Dinner Napkin\",\"attr\":\"\",\"sku\":\"18711\",\"l2\":\"Serviettes et nappes jetables\",\"sl\":\"serviette-a-diner-blanche-2-plis-lapaco-18711\",\"sn\":\"\",\"idxP\":68},{\"mq\":\"Lapaco\",\"nm\":\"Serviette \u00E0 d\u00EEner rouge 2 plis\",\"nme\":\"Red Dinner Napkin Two Fold\",\"attr\":\"\",\"sku\":\"30893\",\"l2\":\"Serviettes et nappes jetables\",\"sl\":\"serviette-a-diner-rouge-2-plis-lapaco-30893\",\"sn\":\"\",\"idxP\":25},{\"mq\":\"Lapaco\",\"nm\":\"Serviette \u00E0 d\u00EEner blanche 3 plis\",\"nme\":\"Three Fold White Dinner Napkin\",\"attr\":\"\",\"sku\":\"35061\",\"l2\":\"Serviettes et nappes jetables\",\"sl\":\"serviette-a-diner-blanche-3-plis-lapaco-35061\",\"sn\":\"\",\"idxP\":73},{\"mq\":\"Lapaco\",\"nm\":\"Napperon dentelle ronde papier blanc  5\\\"\",\"nme\":\"Round White Lace Paper Placemat 5\\\"\",\"attr\":\"\",\"sku\":\"11400\",\"l2\":\"Serviettes et nappes jetables\",\"sl\":\"napperon-dentelle-ronde-papier-blanc-5-lapaco-11400\",\"sn\":\"\",\"idxP\":18},{\"mq\":\"MPC\",\"nm\":\"Sac \u00E0 hamburger en aluminium\",\"nme\":\"Aluminium Foil Hamburger Bag\",\"attr\":\"\",\"sku\":\"17945\",\"l2\":\"Sac \u00E0 emballage\",\"sl\":\"sac-a-hamburger-en-aluminium-mpc-17945\",\"sn\":\"\",\"idxP\":8},{\"mq\":\"MPC\",\"nm\":\"Sacs \u00E0 sous-marins\",\"nme\":\"Sub-marine Paper Bag\",\"attr\":\"\",\"sku\":\"17942\",\"l2\":\"Sac \u00E0 emballage\",\"sl\":\"sacs-a-sous-marins-mpc-17942\",\"sn\":\"\",\"idxP\":10},{\"mq\":\"Table Accents\",\"nm\":\"Cuill\u00E8re th\u00E9 blanche compostable\",\"nme\":\"White tea spoon compostable\",\"attr\":\"\u00C9cologique\",\"sku\":\"23745\",\"l2\":\"Vaisselle jetable\",\"sl\":\"cuillere-the-blanche-compostable-table-accents-23745\",\"sn\":\"biologique\",\"idxP\":22},{\"mq\":\"Table Accents\",\"nm\":\"Fourchette blanche compostable\",\"nme\":\"White Fork Compostable\",\"attr\":\"\u00C9cologique\",\"sku\":\"23744\",\"l2\":\"Vaisselle jetable\",\"sl\":\"fourchette-blanche-compostable-table-accents-23744\",\"sn\":\"biologique\",\"idxP\":40},{\"mq\":\"MPC\",\"nm\":\"Sac \u00E0 sandwich blanc anti-gras 6\\\" 3\\\/4 x 6\\\" 3\\\/4\",\"nme\":\"Greaseproof White Sandwich Bags 6\\\" 3\\\/4 x 6\\\" 3\\\/4\",\"attr\":\"\",\"sku\":\"14048\",\"l2\":\"Sac \u00E0 emballage\",\"sl\":\"sac-a-sandwich-blanc-anti-gras-6-34-x-6-34-mpc-14048\",\"sn\":\"\",\"idxP\":51},{\"mq\":\"MPC\",\"nm\":\"Sac sandwich cir\u00E9 blanc 6,75\\\"\",\"nme\":\"White Waxed Sandwich Bag 6.75\\\"\",\"attr\":\"\",\"sku\":\"14047\",\"l2\":\"Sac \u00E0 emballage\",\"sl\":\"sac-sandwich-cire-blanc-675-mpc-14047\",\"sn\":\"\",\"idxP\":33},{\"mq\":\"Table Accents\",\"nm\":\"Cuill\u00E8re soupe blanche compostable\",\"nme\":\"White spoon soup compostable\",\"attr\":\"\u00C9cologique\",\"sku\":\"23746\",\"l2\":\"Vaisselle jetable\",\"sl\":\"cuillere-soupe-blanche-compostable-table-accents-23746\",\"sn\":\"biologique\",\"idxP\":25},{\"mq\":\"MPC\",\"nm\":\"Sac \u00E0 sandwich blanc anti-gras 6\\\"x9\\\"\",\"nme\":\"Greaseproof White Sandwich Bags 6\\\"x9\\\"\",\"attr\":\"\",\"sku\":\"14049\",\"l2\":\"Sac \u00E0 emballage\",\"sl\":\"sac-a-sandwich-blanc-anti-gras-6x9-mpc-14049\",\"sn\":\"\",\"idxP\":41},{\"mq\":\"Party Couture\",\"nm\":\"Verres shooter hauts\",\"nme\":\"Tall Shooter Glass\",\"attr\":\"\",\"sku\":\"32488\",\"l2\":\"Vaisselle jetable\",\"sl\":\"verres-shooter-hauts-party-couture-32488\",\"sn\":\"\",\"idxP\":57},{\"mq\":\"Party Couture\",\"nm\":\"Mini plateau rectangulaire transparent\",\"nme\":\"Rectangular Clear Mini Tray\",\"attr\":\"\",\"sku\":\"32508\",\"l2\":\"Vaisselle jetable\",\"sl\":\"mini-plateau-rectangulaire-transparent-party-couture-32508\",\"sn\":\"transparent, plateau\",\"idxP\":76},{\"mq\":\"Party Couture\",\"nm\":\"Mini cuill\u00E8res transparentes x40\",\"nme\":\"Clear Mini Spoon\",\"attr\":\"\",\"sku\":\"32491\",\"l2\":\"Vaisselle jetable\",\"sl\":\"mini-cuilleres-transparentes-x40-party-couture-32491\",\"sn\":\"transparent\",\"idxP\":54},{\"mq\":\"Party Couture\",\"nm\":\"Verres martini mini\",\"nme\":\"Martini Glass Mini\",\"attr\":\"\",\"sku\":\"32487\",\"l2\":\"Vaisselle jetable\",\"sl\":\"verres-martini-mini-party-couture-32487\",\"sn\":\"\",\"idxP\":47},{\"mq\":\"Party Couture\",\"nm\":\"Bol dessert transparent cylindrique mini\",\"nme\":\"Cylindrical Clear Dessert Bowl Mini\",\"attr\":\"\",\"sku\":\"32496\",\"l2\":\"Contenant jetable\",\"sl\":\"bol-dessert-transparent-cylindrique-mini-party-couture-32496\",\"sn\":\"transparent\",\"idxP\":29},{\"mq\":\"Party Couture\",\"nm\":\"Cuill\u00E8re de d\u00E9gustation transparente avec support\",\"nme\":\"Clear Tasting Spoons\",\"attr\":\"\",\"sku\":\"32497\",\"l2\":\"Vaisselle jetable\",\"sl\":\"cuillere-de-degustation-transparente-avec-support-party-couture-32497\",\"sn\":\"transparent\",\"idxP\":25},{\"mq\":\"Alpha Polybag\",\"nm\":\"Sac 10lb 7x3x20\\\"\",\"nme\":\"10lb Bag 7x3x20\\\"\",\"attr\":\"\",\"sku\":\"02892\",\"l2\":\"Sac \u00E0 emballage\",\"sl\":\"sac-10lb-7x3x20-alpha-polybag-02892\",\"sn\":\"\",\"idxP\":32},{\"mq\":\"Alpha Polybag\",\"nm\":\"Sac 7lb 6x3x15\\\"\",\"nme\":\"7lb Bag 6x3x15\\\"\",\"attr\":\"\",\"sku\":\"02894\",\"l2\":\"Sac \u00E0 emballage\",\"sl\":\"sac-7lb-6x3x15-alpha-polybag-02894\",\"sn\":\"\",\"idxP\":34},{\"mq\":\"Alpha Polybag\",\"nm\":\"Sac 5lb 5x3x14\\\"\",\"nme\":\"5lb Bag 5x3x14\\\"\",\"attr\":\"\",\"sku\":\"02891\",\"l2\":\"Sac \u00E0 emballage\",\"sl\":\"sac-5lb-5x3x14-alpha-polybag-02891\",\"sn\":\"\",\"idxP\":63},{\"mq\":\"Hy Pax\",\"nm\":\"Ficelle pour boucher poli 6R\",\"nme\":\"Polish Butcher Twine 6R\",\"attr\":\"\",\"sku\":\"33010\",\"l2\":\"Pellicule, papier alimentaire\",\"sl\":\"ficelle-pour-boucher-poli-6r-hy-pax-33010\",\"sn\":\"\",\"idxP\":39},{\"mq\":\"Alpha Polybag\",\"nm\":\"Sac 8lb 7x3x16\\\"\",\"nme\":\"8lb Bag 7x3x16\\\"\",\"attr\":\"\",\"sku\":\"02893\",\"l2\":\"Sac \u00E0 emballage\",\"sl\":\"sac-8lb-7x3x16-alpha-polybag-02893\",\"sn\":\"\",\"idxP\":36},{\"mq\":\"Carton\",\"nm\":\"Carton argent carr\u00E9 pour g\u00E2teau 3\\\/16x10\\\"\",\"nme\":\"Square Board Cake 3\\\/16x10\\\"\",\"attr\":\"\",\"sku\":\"10375\",\"l2\":\"Boite carton\",\"sl\":\"carton-argent-carre-pour-gateau-316x10-carton-10375\",\"sn\":\"\",\"idxP\":29},{\"mq\":\"Carton\",\"nm\":\"Carton argent carr\u00E9 pour g\u00E2teau 3\\\/16x12\\\"\",\"nme\":\"Square Board Cake 3\\\/16x12\\\"\",\"attr\":\"\",\"sku\":\"10376\",\"l2\":\"Boite carton\",\"sl\":\"carton-argent-carre-pour-gateau-316x12-carton-10376\",\"sn\":\"\",\"idxP\":23},{\"mq\":\"Sly-Pack\",\"nm\":\"Carton argent rond 3\\\/16x12\\\"\",\"nme\":\"Round Board Cake 3\\\/16x12\\\"\",\"attr\":\"\",\"sku\":\"11100\",\"l2\":\"Boite carton\",\"sl\":\"carton-argent-rond-316x12-sly-pack-11100\",\"sn\":\"\",\"idxP\":43},{\"mq\":\"Carton\",\"nm\":\"Carton argent carr\u00E9 pour g\u00E2teau 3\\\/16x14\\\"\",\"nme\":\"Square Board Cake 3\\\/16x14\\\"\",\"attr\":\"\",\"sku\":\"10377\",\"l2\":\"Boite carton\",\"sl\":\"carton-argent-carre-pour-gateau-316x14-carton-10377\",\"sn\":\"\",\"idxP\":14},{\"mq\":\"Carton\",\"nm\":\"Carton rectangulaire argent 12x17\\\"\",\"nme\":\"Rectangular Board Cake 12x17\\\"\",\"attr\":\"\",\"sku\":\"12550\",\"l2\":\"Boite carton\",\"sl\":\"carton-rectangulaire-argent-12x17-carton-12550\",\"sn\":\"\",\"idxP\":15},{\"mq\":\"Carton\",\"nm\":\"Carton argent rond 3\\\/16x10\\\"\",\"nme\":\"Round Board Cake 3\\\/16x10\\\"\",\"attr\":\"\",\"sku\":\"11099\",\"l2\":\"Boite carton\",\"sl\":\"carton-argent-rond-316x10-carton-11099\",\"sn\":\"\",\"idxP\":45},{\"mq\":\"Carton\",\"nm\":\"Carton argent rond 3\\\/16x8\\\"\",\"nme\":\"Round Board Cake 3\\\/16x8\\\"\",\"attr\":\"\",\"sku\":\"11098\",\"l2\":\"Boite carton\",\"sl\":\"carton-argent-rond-316x8-carton-11098\",\"sn\":\"\",\"idxP\":37},{\"mq\":\"Touch\",\"nm\":\"Pic brochette 8\\\" bambou\",\"nme\":\"Stick skewer 8\\\" bamboo\",\"attr\":\"\",\"sku\":\"11103\",\"l2\":\"Vaisselle jetable\",\"sl\":\"pic-brochette-8-bambou-touch-11103\",\"sn\":\"\",\"idxP\":79},{\"mq\":\"Carton\",\"nm\":\"Carton argent rond 3\\\/16x14\\\"\",\"nme\":\"Round Board Cake 3\\\/16x14\\\"\",\"attr\":\"\",\"sku\":\"11101\",\"l2\":\"Boite carton\",\"sl\":\"carton-argent-rond-316x14-carton-11101\",\"sn\":\"\",\"idxP\":26},{\"mq\":\"Chef Elite\",\"nm\":\"Feuille d'aluminium 12x10.75\\\"\",\"nme\":\"Aluminum Sheet 12x10.75\\\"\",\"attr\":\"\",\"sku\":\"21517\",\"l2\":\"Pellicule, papier alimentaire\",\"sl\":\"feuille-daluminium-12x10.75-chef-elite-21517\",\"sn\":\"\",\"idxP\":78},{\"mq\":\"Graphic\",\"nm\":\"Bo\u00EEte \u00E0 g\u00E2teau 10\\\" x 10\\\" x 5\\\"\",\"nme\":\"Cake Box 10\\\" x 10\\\" x 5\\\"\",\"attr\":\"\",\"sku\":\"25217\",\"l2\":\"Boite carton\",\"sl\":\"boite-a-gateau-10-x-10-x-5-graphic-25217\",\"sn\":\"\",\"idxP\":43},{\"mq\":\"Graphic\",\"nm\":\"Bo\u00EEte \u00E0 g\u00E2teau 6.5\\\" x 6,5\\\" x 3,5\\\"\",\"nme\":\"Cake Box 6.5\\\" x 6.5\\\" x 3.5\\\"\",\"attr\":\"\",\"sku\":\"25224\",\"l2\":\"Boite carton\",\"sl\":\"boite-a-gateau-6.5-x-65-x-35-graphic-25224\",\"sn\":\"\",\"idxP\":26},{\"mq\":\"Graphic\",\"nm\":\"Bo\u00EEte \u00E0 g\u00E2teau 9\\\" x 9\\\" x 4\\\"\",\"nme\":\"Cake Box 9\\\" x 9\\\" x 4\\\"\",\"attr\":\"\",\"sku\":\"25232\",\"l2\":\"Boite carton\",\"sl\":\"boite-a-gateau-9-x-9-x-4-graphic-25232\",\"sn\":\"\",\"idxP\":17},{\"mq\":\"Graphic\",\"nm\":\"Bo\u00EEte \u00E0 pizza 6\\\"x6\\\"x1,5\\\" x250\",\"nme\":\"Pizza Box 6\\\"x6\\\"x1.5\\\" x250\",\"attr\":\"\",\"sku\":\"25239\",\"l2\":\"Boite carton\",\"sl\":\"boite-a-pizza-6x6x15-x250-graphic-25239\",\"sn\":\"\",\"idxP\":18},{\"mq\":\"Graphic\",\"nm\":\"Bo\u00EEte \u00E0 pizza 12\\\"x12\\\"x1,5\\\" x100\",\"nme\":\"Pizza Box 12\\\"x12\\\"x1.5\\\" x100\",\"attr\":\"\",\"sku\":\"25235\",\"l2\":\"Boite carton\",\"sl\":\"boite-a-pizza-12x12x15-x100-graphic-25235\",\"sn\":\"\",\"idxP\":35},{\"mq\":\"Graphic\",\"nm\":\"Bo\u00EEte \u00E0 pizza 8\\\"x8\\\"x1,5\\\" x250\",\"nme\":\"Pizza Box 8\\\"x8\\\"x1.5\\\" x250\",\"attr\":\"\",\"sku\":\"25240\",\"l2\":\"Boite carton\",\"sl\":\"boite-a-pizza-8x8x15-x250-graphic-25240\",\"sn\":\"\",\"idxP\":42},{\"mq\":\"Carton\",\"nm\":\"Carton argent rond 3\\\/16x16\\\"\",\"nme\":\"Round Board Cake 3\\\/16x16\\\"\",\"attr\":\"\",\"sku\":\"11102\",\"l2\":\"Boite carton\",\"sl\":\"carton-argent-rond-316x16-carton-11102\",\"sn\":\"\",\"idxP\":14},{\"mq\":\"Chef Elite\",\"nm\":\"Feuille d'aluminium 9x10.75\\\"\",\"nme\":\"Aluminum Sheet 9x10.75\\\"\",\"attr\":\"\",\"sku\":\"21516\",\"l2\":\"Pellicule, papier alimentaire\",\"sl\":\"feuille-daluminium-9x10.75-chef-elite-21516\",\"sn\":\"\",\"idxP\":77},{\"mq\":\"Placon\",\"nm\":\"Couvercle d\u00F4me transparent bol 80 oz \\\/ 160 oz\",\"nme\":\"Clear Dome Lid for Bowl 80 oz \\\/ 160 oz\",\"attr\":\"\",\"sku\":\"25284\",\"l2\":\"Contenant jetable\",\"sl\":\"couvercle-dome-transparent-bol-80-oz-160-oz-placon-25284\",\"sn\":\"transparent\",\"idxP\":0},{\"mq\":\"Graphic\",\"nm\":\"Bo\u00EEte \u00E0 pizza 14\\\"x14\\\"x1,5\\\" x100\",\"nme\":\"Pizza Box 14\\\"x14\\\"x1.5\\\" x100\",\"attr\":\"\",\"sku\":\"25236\",\"l2\":\"Boite carton\",\"sl\":\"boite-a-pizza-14x14x15-x100-graphic-25236\",\"sn\":\"\",\"idxP\":20},{\"mq\":\"Master Packaging\",\"nm\":\"Bo\u00EEte \u00E0 pizza ondul\u00E9e imprim\u00E9e 18\\\"\",\"nme\":\"Printed Corrugated Pizza Box 18\\\"\",\"attr\":\"\",\"sku\":\"34427\",\"l2\":\"Boite carton\",\"sl\":\"boite-a-pizza-ondulee-imprimee-18-master-packaging-34427\",\"sn\":\"\",\"idxP\":24},{\"mq\":\"Chef Elite\",\"nm\":\"Feuille d'aluminium 8x10.75\\\"\",\"nme\":\"Aluminum Sheet 8x10.75\\\"\",\"attr\":\"\",\"sku\":\"21514\",\"l2\":\"Pellicule, papier alimentaire\",\"sl\":\"feuille-daluminium-8x10.75-chef-elite-21514\",\"sn\":\"\",\"idxP\":53},{\"mq\":\"Master Packaging\",\"nm\":\"Bo\u00EEte \u00E0 pizza ondul\u00E9e imprim\u00E9e 16\\\"\",\"nme\":\"Printed Corrugated Pizza Box 16\\\"\",\"attr\":\"\",\"sku\":\"34428\",\"l2\":\"Boite carton\",\"sl\":\"boite-a-pizza-ondulee-imprimee-16-master-packaging-34428\",\"sn\":\"\",\"idxP\":28},{\"nm\":\"Boite pour sac canette\",\"nme\":\"Duckling bag box\",\"attr\":\"\",\"sku\":\"39895\",\"l2\":\"Contenant jetable\",\"sl\":\"boite-pour-sac-canette-39895\",\"sn\":\"\",\"idxP\":86},{\"mq\":\"511 Food Service\",\"nm\":\"Assiette blanche ovale\",\"nme\":\"White Oval Plate\",\"attr\":\"\",\"sku\":\"25725\",\"l2\":\"Vaisselle jetable\",\"sl\":\"assiette-blanche-ovale-511-food-service-25725\",\"sn\":\"\",\"idxP\":17},{\"mq\":\"511 Food Service\",\"nm\":\"Paille \u00E9co en papier blanc 10,25\\\"\",\"nme\":\"Eco White Paper Plastic Straw 10.25\\\"\",\"attr\":\"\u00C9cologique\",\"sku\":\"25739\",\"l2\":\"Vaisselle jetable\",\"sl\":\"paille-eco-en-papier-blanc-1025-511-food-service-25739\",\"sn\":\"\",\"idxP\":31},{\"mq\":\"511 Food Service\",\"nm\":\"Fourchette \u00E0 cocktail\",\"nme\":\"Wood Cocktail Fork\",\"attr\":\"\",\"sku\":\"25733\",\"l2\":\"Vaisselle jetable\",\"sl\":\"fourchette-a-cocktail-511-food-service-25733\",\"sn\":\"\",\"idxP\":23},{\"mq\":\"Master Packaging\",\"nm\":\"Bo\u00EEte \u00E0 pizza ondul\u00E9e imprim\u00E9e 8\\\"\",\"nme\":\"Printed Corrugated Pizza Box 8\\\"\",\"attr\":\"\",\"sku\":\"34439\",\"l2\":\"Boite carton\",\"sl\":\"boite-a-pizza-ondulee-imprimee-8-master-packaging-34439\",\"sn\":\"\",\"idxP\":31},{\"mq\":\"Serv-A\",\"nm\":\"Carton or rond 12\\\"\",\"nme\":\"Round Gold Board 12\\\"\",\"attr\":\"\",\"sku\":\"28713\",\"l2\":\"Boite carton\",\"sl\":\"carton-or-rond-12-serv-a-28713\",\"sn\":\"\",\"idxP\":19},{\"mq\":\"Master Packaging\",\"nm\":\"Bo\u00EEte \u00E0 pizza ondul\u00E9e imprim\u00E9e 14\\\"\",\"nme\":\"Printed Corrugated Pizza Box 14\\\"\",\"attr\":\"\",\"sku\":\"34431\",\"l2\":\"Boite carton\",\"sl\":\"boite-a-pizza-ondulee-imprimee-14-master-packaging-34431\",\"sn\":\"\",\"idxP\":44},{\"mq\":\"Serv-A\",\"nm\":\"Carton or rond 10\\\"\",\"nme\":\"Round Gold Board 10\\\"\",\"attr\":\"\",\"sku\":\"28712\",\"l2\":\"Boite carton\",\"sl\":\"carton-or-rond-10-serv-a-28712\",\"sn\":\"\",\"idxP\":35},{\"mq\":\"Serv-A\",\"nm\":\"Carton or rond 6\\\"\",\"nme\":\"Round Gold Board 6\\\"\",\"attr\":\"\",\"sku\":\"28981\",\"l2\":\"Boite carton\",\"sl\":\"carton-or-rond-6-serv-a-28981\",\"sn\":\"\",\"idxP\":28},{\"mq\":\"Carton\",\"nm\":\"Carton rectangulaire argent 15\\\"x21.25\\\"\",\"nme\":\"Rectangular Cake Board 15\\\"x21.25\\\"\",\"attr\":\"\",\"sku\":\"34674\",\"l2\":\"Boite carton\",\"sl\":\"carton-rectangulaire-argent-15x21.25-carton-34674\",\"sn\":\"\",\"idxP\":18},{\"mq\":\"Serv-A\",\"nm\":\"Carton or rond 8\\\"\",\"nme\":\"Round Gold Board 8\\\"\",\"attr\":\"\",\"sku\":\"28711\",\"l2\":\"Boite carton\",\"sl\":\"carton-or-rond-8-serv-a-28711\",\"sn\":\"\",\"idxP\":28},{\"mq\":\"MPC\",\"nm\":\"Papier pour balance cir\u00E9 8\\\"x11\\\"\",\"nme\":\"Scale Wax Paper 8\\\"x11\\\"\",\"attr\":\"\",\"sku\":\"12899\",\"l2\":\"Pellicule, papier alimentaire\",\"sl\":\"papier-pour-balance-cire-8x11-mpc-12899\",\"sn\":\"\",\"idxP\":42},{\"mq\":\"R\u00E9sinite\",\"nm\":\"Pellicule plastique emballage alimentaire 11x2000'\",\"nme\":\"Plastic Food Wrap 11\\\"x2000'\",\"attr\":\"\",\"sku\":\"25170\",\"l2\":\"Pellicule, papier alimentaire\",\"sl\":\"pellicule-plastique-emballage-alimentaire-11x2000-resinite-25170\",\"sn\":\"\",\"idxP\":66},{\"mq\":\"MPC\",\"nm\":\"Papier pour balance cir\u00E9 12x12\\\"\",\"nme\":\"Scale Wax Paper 12\\\"x12\\\"\",\"attr\":\"\",\"sku\":\"12902\",\"l2\":\"Pellicule, papier alimentaire\",\"sl\":\"papier-pour-balance-cire-12x12-mpc-12902\",\"sn\":\"\",\"idxP\":17},{\"mq\":\"MPC\",\"nm\":\"Papier steak 5\\\" 1\\\/4 x 5\\\" 1\\\/4\",\"nme\":\"Patty Burger 5\\\" 1\\\/4 x 5\\\" 1\\\/4\",\"attr\":\"\",\"sku\":\"12903\",\"l2\":\"Pellicule, papier alimentaire\",\"sl\":\"papier-steak-5-14-x-5-14-mpc-12903\",\"sn\":\"\",\"idxP\":54},{\"mq\":\"511 Food Service\",\"nm\":\"Ensemble de bol \u00E0 salade\",\"nme\":\"Salad Bowl Kit\",\"attr\":\"\",\"sku\":\"42451\",\"l2\":\"Contenant jetable\",\"sl\":\"ensemble-de-bol-a-salade-511-food-service-42451\",\"sn\":\"\",\"idxP\":40},{\"mq\":\"MPC\",\"nm\":\"Papier pour balance cir\u00E9 9\\\"x12\\\"\",\"nme\":\"Scale Wax Paper 9\\\"x12\\\"\",\"attr\":\"\",\"sku\":\"12898\",\"l2\":\"Pellicule, papier alimentaire\",\"sl\":\"papier-pour-balance-cire-9x12-mpc-12898\",\"sn\":\"\",\"idxP\":40},{\"mq\":\"R\u00E9sinite\",\"nm\":\"Pellicule plastique emballage alimentaire 17x2000'\",\"nme\":\"Plastic Food Wrap 17\\\"x2000'\",\"attr\":\"\",\"sku\":\"25171\",\"l2\":\"Pellicule, papier alimentaire\",\"sl\":\"pellicule-plastique-emballage-alimentaire-17x2000-resinite-25171\",\"sn\":\"\",\"idxP\":44},{\"mq\":\"MPC\",\"nm\":\"Papier cir\u00E9 tissu 6\\\"x9\\\"\",\"nme\":\"Wax Tissue Paper 6\\\"x9\\\"\",\"attr\":\"\",\"sku\":\"12890\",\"l2\":\"Pellicule, papier alimentaire\",\"sl\":\"papier-cire-tissu-6x9-mpc-12890\",\"sn\":\"\",\"idxP\":19},{\"mq\":\"MPC\",\"nm\":\"Papier p\u00EAche pour boucher 8\\\"x11\\\"\",\"nme\":\"Meat Peach Paper 8\\\"x11\\\"\",\"attr\":\"\",\"sku\":\"12897\",\"l2\":\"Pellicule, papier alimentaire\",\"sl\":\"papier-peche-pour-boucher-8x11-mpc-12897\",\"sn\":\"\",\"idxP\":25},{\"mq\":\"R\u00E9sinite\",\"nm\":\"Pellicule plastique emballage alimentaire 11x2500\",\"nme\":\"Plastic Food Wrap 11\\\"x2500\",\"attr\":\"\",\"sku\":\"26302\",\"l2\":\"Pellicule, papier alimentaire\",\"sl\":\"pellicule-plastique-emballage-alimentaire-11x2500-resinite-26302\",\"sn\":\"\",\"idxP\":95},{\"mq\":\"511 Food Service\",\"nm\":\"Pique brochette bambou 4\\\" n\u0153ud\",\"nme\":\"Skewer Knotted Bamboo 4\\\"\",\"attr\":\"\u00C9cologique\",\"sku\":\"33007\",\"l2\":\"Vaisselle jetable\",\"sl\":\"pique-brochette-bambou-4-nud-511-food-service-33007\",\"sn\":\"\",\"idxP\":36},{\"mq\":\"MPC\",\"nm\":\"Papier cir\u00E9 blanc 12\\\"x12\\\"\",\"nme\":\"White Wax Paper 12\\\"x12\\\"\",\"attr\":\"\",\"sku\":\"12891\",\"l2\":\"Pellicule, papier alimentaire\",\"sl\":\"papier-cire-blanc-12x12-mpc-12891\",\"sn\":\"\",\"idxP\":10},{\"mq\":\"R\u00E9sinite\",\"nm\":\"Pellicule plastique emballage alimentaire 11x1000\",\"nme\":\"Plastic Food Wrap 11\\\"x1000'\",\"attr\":\"\",\"sku\":\"33114\",\"l2\":\"Pellicule, papier alimentaire\",\"sl\":\"pellicule-plastique-emballage-alimentaire-11x1000-resinite-33114\",\"sn\":\"\",\"idxP\":83},{\"mq\":\"MPC\",\"nm\":\"Papier p\u00EAche pour boucher 9\\\"x12\\\"\",\"nme\":\"Peach Steak Paper 9\\\"x12\\\"\",\"attr\":\"\",\"sku\":\"12809\",\"l2\":\"Pellicule, papier alimentaire\",\"sl\":\"papier-peche-pour-boucher-9x12-mpc-12809\",\"sn\":\"\",\"idxP\":17},{\"mq\":\"MPC\",\"nm\":\"Papier en silicone 15\\\"x21\\\"\",\"nme\":\"Silicone Paper 15\\\"x21\\\"\",\"attr\":\"\",\"sku\":\"33902\",\"l2\":\"Pellicule, papier alimentaire\",\"sl\":\"papier-en-silicone-15x21-mpc-33902\",\"sn\":\"\",\"idxP\":25},{\"mq\":\"MPC\",\"nm\":\"Papier cir\u00E9 pour balance 14\\\"x14\\\"\",\"nme\":\"Scale Wax Paper 14\\\"x14\\\"\",\"attr\":\"\",\"sku\":\"35968\",\"l2\":\"Pellicule, papier alimentaire\",\"sl\":\"papier-cire-pour-balance-14x14-mpc-35968\",\"sn\":\"\",\"idxP\":14},{\"mq\":\"Rosenbloom\",\"nm\":\"Sac pour commande \u00E0 l'auto 12\\\"x7\\\"17\\\"\",\"nme\":\"Car Bag 12\\\"x7\\\"x17\\\"\",\"attr\":\"\",\"sku\":\"25779\",\"l2\":\"Sac \u00E0 emballage\",\"sl\":\"sac-pour-commande-a-lauto-12x717-rosenbloom-25779\",\"sn\":\"\",\"idxP\":51},{\"mq\":\"Rosenbloom\",\"nm\":\"Sac d'\u00E9picerie papier kraft 2lb\",\"nme\":\"Kraft Paper Grocery Bag 2lb\",\"attr\":\"\",\"sku\":\"25782\",\"l2\":\"Sac \u00E0 emballage\",\"sl\":\"sac-depicerie-papier-kraft-2lb-rosenbloom-25782\",\"sn\":\"\",\"idxP\":32},{\"mq\":\"R\u00E9sinite\",\"nm\":\"Pellicule plastique emballage alimentaire 17x2500\",\"nme\":\"Plastic Food Wrap 17x2500\",\"attr\":\"\",\"sku\":\"26303\",\"l2\":\"Pellicule, papier alimentaire\",\"sl\":\"pellicule-plastique-emballage-alimentaire-17x2500-resinite-26303\",\"sn\":\"\",\"idxP\":93},{\"mq\":\"Rosenbloom\",\"nm\":\"Sac d'\u00E9picerie papier kraft 1lb\",\"nme\":\"Kraft Paper Grocery Bag 1lb\",\"attr\":\"\",\"sku\":\"25781\",\"l2\":\"Sac \u00E0 emballage\",\"sl\":\"sac-depicerie-papier-kraft-1lb-rosenbloom-25781\",\"sn\":\"\",\"idxP\":43},{\"mq\":\"Rosenbloom\",\"nm\":\"Sac d'\u00E9picerie en papier 10lb\",\"nme\":\"Kraft Paper Grocery bag 10lb\",\"attr\":\"\",\"sku\":\"25787\",\"l2\":\"Sac \u00E0 emballage\",\"sl\":\"sac-depicerie-en-papier-10lb-rosenbloom-25787\",\"sn\":\"\",\"idxP\":61},{\"mq\":\"MPC\",\"nm\":\"Napperon kraft blanc 9\\\" x 13,5\\\"\",\"nme\":\"Straight Cut Placemat 9\\\" x 13.5\\\"\",\"attr\":\"\",\"sku\":\"12900\",\"l2\":\"Serviettes et nappes jetables\",\"sl\":\"napperon-kraft-blanc-9-x-135-mpc-12900\",\"sn\":\"\",\"idxP\":5},{\"mq\":\"MPC\",\"nm\":\"Papier pour cong\u00E9lation en rouleau 18\\\" x 1000'\",\"nme\":\"Freezer Paper Roll 18\\\" x 1000'\",\"attr\":\"\",\"sku\":\"35962\",\"l2\":\"Pellicule, papier alimentaire\",\"sl\":\"papier-pour-congelation-en-rouleau-18-x-1000-mpc-35962\",\"sn\":\"\",\"idxP\":5},{\"mq\":\"Rosenbloom\",\"nm\":\"Sac d'\u00E9picerie papier kraft 6lb\",\"nme\":\"Kradft Paper Grocery bag 6lb\",\"attr\":\"\",\"sku\":\"25785\",\"l2\":\"Sac \u00E0 emballage\",\"sl\":\"sac-depicerie-papier-kraft-6lb-rosenbloom-25785\",\"sn\":\"\",\"idxP\":52},{\"mq\":\"MPC\",\"nm\":\"Sac \u00E0 hot-dog imprim\u00E9\",\"nme\":\"Printed Hot-Dog Bags\",\"attr\":\"\",\"sku\":\"35726\",\"l2\":\"Sac \u00E0 emballage\",\"sl\":\"sac-a-hot-dog-imprime-mpc-35726\",\"sn\":\"\",\"idxP\":29},{\"mq\":\"MPC\",\"nm\":\"Papier journal en damier 12\\\" x 12\\\"\",\"nme\":\"Newspaper Paper Checkboard 12\\\" x 12\\\"\",\"attr\":\"\",\"sku\":\"35964\",\"l2\":\"Pellicule, papier alimentaire\",\"sl\":\"papier-journal-en-damier-12-x-12-mpc-35964\",\"sn\":\"\",\"idxP\":10},{\"mq\":\"Alpha Polybag\",\"nm\":\"Sac 8oz 4\\\"x1.5\\\"x7\\\"\",\"nme\":\"Bag 8oz 4\\\"x1.5\\\"x7\\\"\",\"attr\":\"\",\"sku\":\"47270\",\"l2\":\"Sac \u00E0 emballage\",\"sl\":\"sac-8oz-4x1.5x7-alpha-polybag-47270\",\"sn\":\"\",\"idxP\":72},{\"mq\":\"Alpha Polybag\",\"nm\":\"Sac 10lb 7\\\"x3x20\\\"\",\"nme\":\"Bag 10lb 7\\\"x3x20\\\"\",\"attr\":\"\",\"sku\":\"47268\",\"l2\":\"Sac \u00E0 emballage\",\"sl\":\"sac-10lb-7x3x20-alpha-polybag-47268\",\"sn\":\"\",\"idxP\":81},{\"mq\":\"Alpha Polybag\",\"nm\":\"Sac 20lb 12\\\"x6\\\"x26\\\"\",\"nme\":\"Bag 20lb 12\\\"x6\\\"x26\\\"\",\"attr\":\"\",\"sku\":\"47271\",\"l2\":\"Sac \u00E0 emballage\",\"sl\":\"sac-20lb-12x6x26-alpha-polybag-47271\",\"sn\":\"\",\"idxP\":12},{\"mq\":\"MPC\",\"nm\":\"Papier cir\u00E9 en feuille 8''x11''\",\"nme\":\"Waxed Paper Sheet 8''x11''\",\"attr\":\"\",\"sku\":\"35966\",\"l2\":\"Pellicule, papier alimentaire\",\"sl\":\"papier-cire-en-feuille-8x11-mpc-35966\",\"sn\":\"\",\"idxP\":9},{\"mq\":\"Rosenbloom\",\"nm\":\"Sac d'\u00E9picerie papier kraft 5lb\",\"nme\":\"Kraft Paper Grocery bag 5lb\",\"attr\":\"\",\"sku\":\"25784\",\"l2\":\"Sac \u00E0 emballage\",\"sl\":\"sac-depicerie-papier-kraft-5lb-rosenbloom-25784\",\"sn\":\"\",\"idxP\":38},{\"mq\":\"Alpha Polybag\",\"nm\":\"Sac 3lb 5\\\"x2\\\"x11.5\\\"\",\"nme\":\"Bag 3lb 5\\\"x2\\\"x11.5\\\"\",\"attr\":\"\",\"sku\":\"47273\",\"l2\":\"Sac \u00E0 emballage\",\"sl\":\"sac-3lb-5x2x11.5-alpha-polybag-47273\",\"sn\":\"\",\"idxP\":96},{\"mq\":\"Rosenbloom\",\"nm\":\"Sac d'\u00E9picerie papier kraft 12lb\",\"nme\":\"Kraft Paper Grocery Bag 12lb\",\"attr\":\"\",\"sku\":\"25788\",\"l2\":\"Sac \u00E0 emballage\",\"sl\":\"sac-depicerie-papier-kraft-12lb-rosenbloom-25788\",\"sn\":\"\",\"idxP\":48},{\"mq\":\"Alpha Polybag\",\"nm\":\"Sac 7lb 6\\\"x3\\\"x15\\\"\",\"nme\":\"Bag 7lb 6\\\"x3\\\"x15\\\"\",\"attr\":\"\",\"sku\":\"47266\",\"l2\":\"Sac \u00E0 emballage\",\"sl\":\"sac-7lb-6x3x15-alpha-polybag-47266\",\"sn\":\"\",\"idxP\":97},{\"mq\":\"Alpha Polybag\",\"nm\":\"Sac 5lb 5\\\"x3\\\"x14\\\"\",\"nme\":\"Bag 5lb 5\\\"x3\\\"x14\\\"\",\"attr\":\"\",\"sku\":\"47272\",\"l2\":\"Sac \u00E0 emballage\",\"sl\":\"sac-5lb-5x3x14-alpha-polybag-47272\",\"sn\":\"\",\"idxP\":100},{\"mq\":\"MPC\",\"nm\":\"Papier cir\u00E9 en rouleau 18\\\" x 1000'\",\"nme\":\"Wax Paper Roll 18\\\" x 1000'\",\"attr\":\"\",\"sku\":\"35963\",\"l2\":\"Pellicule, papier alimentaire\",\"sl\":\"papier-cire-en-rouleau-18-x-1000-mpc-35963\",\"sn\":\"\",\"idxP\":6},{\"mq\":\"Alpha Polybag\",\"nm\":\"Sac 12lb 8\\\"x4\\\"x20\\\"\",\"nme\":\"Bag 12lb 8\\\"x4\\\"x20\\\"\",\"attr\":\"\",\"sku\":\"47269\",\"l2\":\"Sac \u00E0 emballage\",\"sl\":\"sac-12lb-8x4x20-alpha-polybag-47269\",\"sn\":\"\",\"idxP\":89},{\"mq\":\"Alpha Polybag\",\"nm\":\"Sac 15lb 12x3x20\\\"\",\"nme\":\"Bag 15lb 12x3x20\\\"\",\"attr\":\"\",\"sku\":\"12792\",\"l2\":\"Sac \u00E0 emballage\",\"sl\":\"sac-15lb-12x3x20-alpha-polybag-12792\",\"sn\":\"\",\"idxP\":28},{\"mq\":\"Rosenbloom\",\"nm\":\"Sac d'\u00E9picerie papier kraft 3lb\",\"nme\":\"Kraft Paper Grocery bag 3lb\",\"attr\":\"\",\"sku\":\"25783\",\"l2\":\"Sac \u00E0 emballage\",\"sl\":\"sac-depicerie-papier-kraft-3lb-rosenbloom-25783\",\"sn\":\"\",\"idxP\":51},{\"mq\":\"Alpha Polybag\",\"nm\":\"Sac 8lb 7\\\"x3\\\"x16\\\"\",\"nme\":\"Bag 8lb 7\\\"x3\\\"x16\\\"\",\"attr\":\"\",\"sku\":\"47267\",\"l2\":\"Sac \u00E0 emballage\",\"sl\":\"sac-8lb-7x3x16-alpha-polybag-47267\",\"sn\":\"\",\"idxP\":64},{\"mq\":\"Ziploc\",\"nm\":\"Sac grand\",\"nme\":\"Large Bag\",\"attr\":\"\",\"sku\":\"17351\",\"l2\":\"Sac \u00E0 emballage\",\"sl\":\"sac-grand-ziploc-17351\",\"sn\":\"\",\"idxP\":39},{\"mq\":\"Rosenbloom\",\"nm\":\"Sac d'\u00E9picerie papier kraft 8lb\",\"nme\":\"Kraft Paper Grocery Bag 8lb\",\"attr\":\"\",\"sku\":\"34818\",\"l2\":\"Sac \u00E0 emballage\",\"sl\":\"sac-depicerie-papier-kraft-8lb-rosenbloom-34818\",\"sn\":\"\",\"idxP\":32},{\"mq\":\"Serv-a\",\"nm\":\"Verre en papier pour boisson chaude 10oz\",\"nme\":\"Hot Paper Cup 10oz\",\"attr\":\"\",\"sku\":\"39858\",\"l2\":\"Vaisselle jetable\",\"sl\":\"verre-en-papier-pour-boisson-chaude-10oz-serv-a-39858\",\"sn\":\"\",\"idxP\":88},{\"mq\":\"Dart\",\"nm\":\"Verre transparent en plastique 20oz 20Px\",\"nme\":\"Clear Plastic Cup 12PX 20oz\",\"attr\":\"\",\"sku\":\"37781\",\"l2\":\"Vaisselle jetable\",\"sl\":\"verre-transparent-en-plastique-20oz-20px-dart-37781\",\"sn\":\"\",\"idxP\":26},{\"mq\":\"Superior\",\"nm\":\"Couvercle \u00E0 languette blanc LM620FB\",\"nme\":\"White Tear Lid 12oz LM1620FB\",\"attr\":\"\",\"sku\":\"06773\",\"l2\":\"Contenant jetable\",\"sl\":\"couvercle-a-languette-blanc-lm620fb-superior-06773\",\"sn\":\"\",\"idxP\":42},{\"mq\":\"Superior\",\"nm\":\"Couvercle \u00E0 languette 7\\\/8oz L6096FB\",\"nme\":\"Tear Lid 7\\\/8oz L6096FB\",\"attr\":\"\",\"sku\":\"06772\",\"l2\":\"Contenant jetable\",\"sl\":\"couvercle-a-languette-78oz-l6096fb-superior-06772\",\"sn\":\"\",\"idxP\":80},{\"mq\":\"Party Couture\",\"nm\":\"Mini fourchettes blanches\",\"nme\":\"Whit Mini Fork\",\"attr\":\"\",\"sku\":\"22773\",\"l2\":\"Vaisselle jetable\",\"sl\":\"mini-fourchettes-blanches-party-couture-22773\",\"sn\":\"\",\"idxP\":44},{\"mq\":\"Party Couture\",\"nm\":\"Mini fourchettes argent\u00E9s\",\"nme\":\"Silver Mini Fork\",\"attr\":\"\",\"sku\":\"22776\",\"l2\":\"Vaisselle jetable\",\"sl\":\"mini-fourchettes-argentes-party-couture-22776\",\"sn\":\"\",\"idxP\":42},{\"mq\":\"Party Couture\",\"nm\":\"Mini cuill\u00E8res argent\u00E9s\",\"nme\":\"Silver Plastic Mini Spoon\",\"attr\":\"\",\"sku\":\"22774\",\"l2\":\"Vaisselle jetable\",\"sl\":\"mini-cuilleres-argentes-party-couture-22774\",\"sn\":\"\",\"idxP\":77},{\"mq\":\"Party Couture\",\"nm\":\"Mini cuill\u00E8res blanches\",\"nme\":\"White Mini Spoon\",\"attr\":\"\",\"sku\":\"22777\",\"l2\":\"Vaisselle jetable\",\"sl\":\"mini-cuilleres-blanches-party-couture-22777\",\"sn\":\"\",\"idxP\":51},{\"mq\":\"Party Couture\",\"nm\":\"Mini cuill\u00E8res transparentes\",\"nme\":\"Clear Mini Spoon\",\"attr\":\"\",\"sku\":\"22793\",\"l2\":\"Vaisselle jetable\",\"sl\":\"mini-cuilleres-transparentes-party-couture-22793\",\"sn\":\"transparent\",\"idxP\":52},{\"mq\":\"Table Accents\",\"nm\":\"Couteau blanc compostable\",\"nme\":\"White knife compostable\",\"attr\":\"\",\"sku\":\"23743\",\"l2\":\"Vaisselle jetable\",\"sl\":\"couteau-blanc-compostable-table-accents-23743\",\"sn\":\"biologique\",\"idxP\":16},{\"mq\":\"Party Couture\",\"nm\":\"Bol blanc carr\u00E9\",\"nme\":\"Square White Bowl\",\"attr\":\"\",\"sku\":\"27779\",\"l2\":\"Contenant jetable\",\"sl\":\"bol-blanc-carre-party-couture-27779\",\"sn\":\"\",\"idxP\":45},{\"mq\":\"Party Couture\",\"nm\":\"Verrines hautes carr\u00E9 transparents\",\"nme\":\"Clear tall plastic verrine\",\"attr\":\"\",\"sku\":\"27792\",\"l2\":\"Contenant jetable\",\"sl\":\"verrines-hautes-carre-transparents-party-couture-27792\",\"sn\":\"verrines\",\"idxP\":74},{\"mq\":\"Party Couture\",\"nm\":\"Verres \u00E0 shooters 1 oz\",\"nme\":\"Shooter Glass 1 oz\",\"attr\":\"\",\"sku\":\"36457\",\"l2\":\"Vaisselle jetable\",\"sl\":\"verres-a-shooters-1-oz-party-couture-36457\",\"sn\":\"\",\"idxP\":40},{\"mq\":\"Party Couture\",\"nm\":\"Assiettes blanches carr\u00E9e pour petits fours\",\"nme\":\"White Petit Four Square Plate\",\"attr\":\"\",\"sku\":\"27787\",\"l2\":\"Vaisselle jetable\",\"sl\":\"assiettes-blanches-carree-pour-petits-fours-party-couture-27787\",\"sn\":\"\",\"idxP\":60},{\"mq\":\"Party Couture\",\"nm\":\"Assiettes transparentes carr\u00E9es pour petits fours\",\"nme\":\"Clear Petit Four Square Plate\",\"attr\":\"\",\"sku\":\"27788\",\"l2\":\"Vaisselle jetable\",\"sl\":\"assiettes-transparentes-carrees-pour-petits-fours-party-couture-27788\",\"sn\":\"transparent\",\"idxP\":26},{\"mq\":\"Party Couture\",\"nm\":\"Bols transparents carr\u00E9\",\"nme\":\"Square White Bowl\",\"attr\":\"\",\"sku\":\"27780\",\"l2\":\"Contenant jetable\",\"sl\":\"bols-transparents-carre-party-couture-27780\",\"sn\":\"transparent\",\"idxP\":79},{\"mq\":\"Caf\u00E9 Express\",\"nm\":\"Verre \u00E0 bi\u00E8re en plastique 16 oz 455 ml\",\"nme\":\"Plastic Beer Glass 16 oz\",\"attr\":\"\",\"sku\":\"27275\",\"l2\":\"Vaisselle jetable\",\"sl\":\"verre-a-biere-en-plastique-16-oz-455-ml-cafe-express-27275\",\"sn\":\"\",\"idxP\":86},{\"mq\":\"Touch\",\"nm\":\"B\u00E2tons \u00E0 caf\u00E9 en bois 4,5\\\"\",\"nme\":\"Wood Coffee Stirrers 6.5\\\"\",\"attr\":\"\u00C9cologique\",\"sku\":\"49593\",\"l2\":\"Vaisselle jetable\",\"sl\":\"batons-a-cafe-en-bois-45-touch-49593\",\"sn\":\"\",\"idxP\":40},{\"mq\":\"Touch\",\"nm\":\"Cure-dents ronds\",\"nme\":\"Round Toothpick\",\"attr\":\"\",\"sku\":\"43815\",\"l2\":\"Vaisselle jetable\",\"sl\":\"cure-dents-ronds-touch-43815\",\"sn\":\"\",\"idxP\":79},{\"mq\":\"Table Accents\",\"nm\":\"Ens. ustensile plastique blanc 5pcs (f\\\/k\\\/n\\\/s\\\/p)\",\"nme\":\"White Plastic Cutlery Pack (f\\\/k\\\/n\\\/s\\\/p)\",\"attr\":\"\",\"sku\":\"29716\",\"l2\":\"Vaisselle jetable\",\"sl\":\"ens.-ustensile-plastique-blanc-5pcs-fknsp-table-accents-29716\",\"sn\":\"\",\"idxP\":73},{\"mq\":\"Maska\",\"nm\":\"Ficelle de cuisine\",\"nme\":\"Kitchen String\",\"attr\":\"\",\"sku\":\"22826\",\"l2\":\"Pellicule, papier alimentaire\",\"sl\":\"ficelle-de-cuisine-maska-22826\",\"sn\":\"\",\"idxP\":13},{\"mq\":\"Caf\u00E9 Express\",\"nm\":\"Verre en papier cir\u00E9 5oz\",\"nme\":\"Wax Paper Cut 5oz\",\"attr\":\"\u00C9cologique\",\"sku\":\"27766\",\"l2\":\"Vaisselle jetable\",\"sl\":\"verre-en-papier-cire-5oz-cafe-express-27766\",\"sn\":\"\",\"idxP\":47},{\"mq\":\"Touch\",\"nm\":\"Cure-dents plats \u00E0 club sandwich\",\"nme\":\"Club Sandwich Sticks\",\"attr\":\"\",\"sku\":\"04784\",\"l2\":\"Vaisselle jetable\",\"sl\":\"cure-dents-plats-a-club-sandwich-touch-04784\",\"sn\":\"\",\"idxP\":100},{\"mq\":\"Graphic\",\"nm\":\"Coquille pour pizza\",\"nme\":\"Pizza Shell\",\"attr\":\"\",\"sku\":\"28004\",\"l2\":\"Boite carton\",\"sl\":\"coquille-pour-pizza-graphic-28004\",\"sn\":\"\",\"idxP\":38},{\"mq\":\"Argentia Ridge\",\"nm\":\"Verre \u00E0 vin en plastique 7,8oz\",\"nme\":\"Plastic Wine Glass 7.8oz\",\"attr\":\"\",\"sku\":\"28005\",\"l2\":\"Vaisselle jetable\",\"sl\":\"verre-a-vin-en-plastique-78oz-argentia-ridge-28005\",\"sn\":\"\",\"idxP\":57},{\"mq\":\"Argentia Ridge\",\"nm\":\"Verre \u00E0 vin en plastique 5oz \\\/ 150ml\",\"nme\":\"Plastic Wine Glass 5oz \\\/ 150ml\",\"attr\":\"\",\"sku\":\"28006\",\"l2\":\"Vaisselle jetable\",\"sl\":\"verre-a-vin-en-plastique-5oz-150ml-argentia-ridge-28006\",\"sn\":\"\",\"idxP\":91},{\"mq\":\"Terra Verde\",\"nm\":\"Verre compostable 12oz\",\"nme\":\"Compostable Glass 12oz\",\"attr\":\"\u00C9cologique\",\"sku\":\"28008\",\"l2\":\"Vaisselle jetable\",\"sl\":\"verre-compostable-12oz-terra-verde-28008\",\"sn\":\"\",\"idxP\":49},{\"mq\":\"Terra Verde\",\"nm\":\"Verre compostable 16oz\",\"nme\":\"Compostable Glass 16oz\",\"attr\":\"\u00C9cologique\",\"sku\":\"28009\",\"l2\":\"Vaisselle jetable\",\"sl\":\"verre-compostable-16oz-terra-verde-28009\",\"sn\":\"\",\"idxP\":26},{\"mq\":\"Ieco\",\"nm\":\"Couvercle bomb\u00E9 compostable 9mm\",\"nme\":\"Compostable Curved Lid 9 mm\",\"attr\":\"\u00C9cologique\",\"sku\":\"28010\",\"l2\":\"Contenant jetable\",\"sl\":\"couvercle-bombe-compostable-9mm-ieco-28010\",\"sn\":\"\",\"idxP\":49},{\"mq\":\"Touch\",\"nm\":\"Cure-dents assortiment 4 couleurs 4\\\"\",\"nme\":\"4 Colour Assorted Toothpicks 4\\\"\",\"attr\":\"\",\"sku\":\"34409\",\"l2\":\"Vaisselle jetable\",\"sl\":\"cure-dents-assortiment-4-couleurs-4-touch-34409\",\"sn\":\"\",\"idxP\":12},{\"mq\":\"Terra Verde\",\"nm\":\"Verre compostable PLA 10oz\",\"nme\":\"Single Wall PLA Compostable PLA Hot Cup 10oz\",\"attr\":\"\u00C9cologique\",\"sku\":\"28007\",\"l2\":\"Vaisselle jetable\",\"sl\":\"verre-compostable-pla-10oz-terra-verde-28007\",\"sn\":\"\",\"idxP\":50},{\"mq\":\"Classic Collect\",\"nm\":\"Assiette blanche avec bordure argent\u00E9e 7,5\\\"\",\"nme\":\"Silver Band White Plate 7.5\\\"\",\"attr\":\"\",\"sku\":\"34795\",\"l2\":\"Vaisselle jetable\",\"sl\":\"assiette-blanche-avec-bordure-argentee-75-classic-collect-34795\",\"sn\":\"\",\"idxP\":44},{\"mq\":\"Premium Collection\",\"nm\":\"Assiette transparente 9''\",\"nme\":\"Clear Plate 9''\",\"attr\":\"\",\"sku\":\"34793\",\"l2\":\"Vaisselle jetable\",\"sl\":\"assiette-transparente-9-premium-collection-34793\",\"sn\":\"transparent\",\"idxP\":3},{\"mq\":\"Touch\",\"nm\":\"Cure-dents ronds menthe individuels\",\"nme\":\"Individual Mint Round Toothpick\",\"attr\":\"\",\"sku\":\"29999\",\"l2\":\"Vaisselle jetable\",\"sl\":\"cure-dents-ronds-menthe-individuels-touch-29999\",\"sn\":\"\",\"idxP\":37},{\"mq\":\"Argentia Ridge\",\"nm\":\"Fl\u00FBtes \u00E0 champagne\",\"nme\":\"Champagne Flutes\",\"attr\":\"\",\"sku\":\"28169\",\"l2\":\"Vaisselle jetable\",\"sl\":\"flutes-a-champagne-argentia-ridge-28169\",\"sn\":\"\",\"idxP\":70},{\"mq\":\"Caf\u00E9 Express\",\"nm\":\"Contenant et couvercle rectangle transparent 42 oz\",\"nme\":\"Clear Rectangular Container and Lid 42oz \\\/ 1200 ml\",\"attr\":\"\",\"sku\":\"28282\",\"l2\":\"Contenant jetable\",\"sl\":\"contenant-et-couvercle-rectangle-transparent-42-oz-cafe-express-28282\",\"sn\":\"transparent\",\"idxP\":69},{\"mq\":\"Caf\u00E9 Express\",\"nm\":\"Contenant et couvercle rectangle transparent 27 oz\",\"nme\":\"Clear Rectangular Container and Lid 27oz \\\/ 765 ml\",\"attr\":\"\",\"sku\":\"28278\",\"l2\":\"Contenant jetable\",\"sl\":\"contenant-et-couvercle-rectangle-transparent-27-oz-cafe-express-28278\",\"sn\":\"transparent\",\"idxP\":85},{\"mq\":\"Caf\u00E9 Express\",\"nm\":\"Contenant et couvercle ronds transparents 22 oz\",\"nme\":\"Clear Round Container and Lid 22 oz \\\/ 625 ml\",\"attr\":\"\",\"sku\":\"28275\",\"l2\":\"Contenant jetable\",\"sl\":\"contenant-et-couvercle-ronds-transparents-22-oz-cafe-express-28275\",\"sn\":\"transparent\",\"idxP\":52},{\"mq\":\"Caf\u00E9 Express\",\"nm\":\"Contenant et couvercle rectangle transparent 34 oz\",\"nme\":\"Clear Rectangular Container and Lid 34oz\\\/965 ml\",\"attr\":\"\",\"sku\":\"28280\",\"l2\":\"Contenant jetable\",\"sl\":\"contenant-et-couvercle-rectangle-transparent-34-oz-cafe-express-28280\",\"sn\":\"transparent\",\"idxP\":72},{\"mq\":\"Titan\",\"nm\":\"Couvercle lamin\u00E9 7\\\"x5\\\" 2lbs\",\"nme\":\"Laminated lid 7\\\"x5\\\" 2lbs\",\"attr\":\"\",\"sku\":\"28324\",\"l2\":\"Contenant jetable\",\"sl\":\"couvercle-lamine-7x5-2lbs-titan-28324\",\"sn\":\"\",\"idxP\":34},{\"mq\":\"Sanfacon\",\"nm\":\"Serviette humide 5x7 dessin ustencile\",\"nme\":\"Wet napkin\",\"attr\":\"\",\"sku\":\"28270\",\"l2\":\"Serviettes et nappes jetables\",\"sl\":\"serviette-humide-5x7-dessin-ustencile-sanfacon-28270\",\"sn\":\"\",\"idxP\":7},{\"mq\":\"R\u00E9sinite\",\"nm\":\"Pellicule de plastique en rouleau 15\\\"x3900'\",\"nme\":\"Roll Fruit Film 15\\\"x3900'\",\"attr\":\"\",\"sku\":\"07877\",\"l2\":\"Pellicule, papier alimentaire\",\"sl\":\"pellicule-de-plastique-en-rouleau-15x3900-resinite-07877\",\"sn\":\"\",\"idxP\":0},{\"mq\":\"Dart\",\"nm\":\"Contenant plastique transparent 8 on\",\"nme\":\"Clear Plastic Container 8 oz\",\"attr\":\"\",\"sku\":\"08422\",\"l2\":\"Contenant jetable\",\"sl\":\"contenant-plastique-transparent-8-on-dart-08422\",\"sn\":\"\",\"idxP\":58},{\"mq\":\"R\u00E9sinite\",\"nm\":\"Pellicule plastique pour la viande 14.5\\\"x5280'\",\"nme\":\"Meat Film Roll 14.5\\\"x5280'\",\"attr\":\"\",\"sku\":\"10191\",\"l2\":\"Pellicule, papier alimentaire\",\"sl\":\"pellicule-plastique-pour-la-viande-14.5x5280-resinite-10191\",\"sn\":\"\",\"idxP\":0},{\"mq\":\"Caf\u00E9 Express\",\"nm\":\"Contenant et couvercle ronds transparents 34 oz\",\"nme\":\"Clear Round Container and Lid 34 oz \\\/ 965 ml\",\"attr\":\"\",\"sku\":\"28276\",\"l2\":\"Contenant jetable\",\"sl\":\"contenant-et-couvercle-ronds-transparents-34-oz-cafe-express-28276\",\"sn\":\"transparent\",\"idxP\":45},{\"mq\":\"Dart\",\"nm\":\"Contenant plastique transparent 12 on\",\"nme\":\"Clear Plastic Container 12 oz\",\"attr\":\"\",\"sku\":\"08514\",\"l2\":\"Contenant jetable\",\"sl\":\"contenant-plastique-transparent-12-on-dart-08514\",\"sn\":\"\",\"idxP\":50},{\"mq\":\"R\u00E9sinite\",\"nm\":\"Pellicule plastique pour la viande 17\\\"x5280'\",\"nme\":\"Meat Film Roll 17\\\"x5280'\",\"attr\":\"\",\"sku\":\"10190\",\"l2\":\"Pellicule, papier alimentaire\",\"sl\":\"pellicule-plastique-pour-la-viande-17x5280-resinite-10190\",\"sn\":\"\",\"idxP\":0},{\"mq\":\"Table Accents\",\"nm\":\"Assiette compostable 7\\\"\",\"nme\":\"Compostable Plate 7\\\"\",\"attr\":\"\u00C9cologique\",\"sku\":\"23751\",\"l2\":\"Vaisselle jetable\",\"sl\":\"assiette-compostable-7-table-accents-23751\",\"sn\":\"\",\"idxP\":95},{\"mq\":\"Universal\",\"nm\":\"Pellicule de plastique pour emballage 37cmx457m\",\"nme\":\"Wrap Film 37cmx457m\",\"attr\":\"\",\"sku\":\"12589\",\"l2\":\"Pellicule, papier alimentaire\",\"sl\":\"pellicule-de-plastique-pour-emballage-37cmx457m-universal-12589\",\"sn\":\"\",\"idxP\":63},{\"mq\":\"Table Accents\",\"nm\":\"Assiette compostable 9\\\"\",\"nme\":\"Compostable Plate 9\\\"\",\"attr\":\"\u00C9cologique\",\"sku\":\"23755\",\"l2\":\"Vaisselle jetable\",\"sl\":\"assiette-compostable-9-table-accents-23755\",\"sn\":\"\",\"idxP\":82},{\"mq\":\"511 Food Service\",\"nm\":\"Baguette chinoise bambou emball\u00E9e 9\\\"\",\"nme\":\"Packaged Bamboo 9\\\" Chopsticks\",\"attr\":\"\u00C9cologique\",\"sku\":\"25699\",\"l2\":\"Vaisselle jetable\",\"sl\":\"baguette-chinoise-bambou-emballee-9-511-food-service-25699\",\"sn\":\"\",\"idxP\":42},{\"mq\":\"R\u00E9sinite\",\"nm\":\"Pellicule de plastique en rouleau 18\\\"x3900'\",\"nme\":\"Roll Fruit Film 18\\\"x3900'\",\"attr\":\"\",\"sku\":\"07878\",\"l2\":\"Pellicule, papier alimentaire\",\"sl\":\"pellicule-de-plastique-en-rouleau-18x3900-resinite-07878\",\"sn\":\"\",\"idxP\":0},{\"mq\":\"Polarpro\",\"nm\":\"Cuill\u00E8re \u00E0 th\u00E9 blanche en propyl\u00E8ne\",\"nme\":\"Propylene White Tea Soup\",\"attr\":\"\",\"sku\":\"17735\",\"l2\":\"Vaisselle jetable\",\"sl\":\"cuillere-a-the-blanche-en-propylene-polarpro-17735\",\"sn\":\"\",\"idxP\":12},{\"mq\":\"ABC Emballuxe\",\"nm\":\"Barquette bateau ovale en bois 85x135 mm\",\"nme\":\"Wooden Oval Boat Tray 85x135 mm\",\"attr\":\"\u00C9cologique\",\"sku\":\"26221\",\"l2\":\"Contenant jetable\",\"sl\":\"barquette-bateau-ovale-en-bois-85x135-mm-abc-emballuxe-26221\",\"sn\":\"plateau\",\"idxP\":57},{\"mq\":\"ABC Emballuxe\",\"nm\":\"Barquette bateau ovale en bois 90x165 mm\",\"nme\":\"Wooden Oval Boat Tray 90x165 mm\",\"attr\":\"\u00C9cologique\",\"sku\":\"26222\",\"l2\":\"Contenant jetable\",\"sl\":\"barquette-bateau-ovale-en-bois-90x165-mm-abc-emballuxe-26222\",\"sn\":\"plateau\",\"idxP\":46}], [{\"mq\":\"ABC Emballuxe\",\"nm\":\"Barquette bateau ovale  bois 60x45x20mm\",\"nme\":\"Wooden Oval Boat Tray 60x45x20mm\",\"attr\":\"\u00C9cologique\",\"sku\":\"26219\",\"l2\":\"Contenant jetable\",\"sl\":\"barquette-bateau-ovale-bois-60x45x20mm-abc-emballuxe-26219\",\"sn\":\"plateau\",\"idxP\":78},{\"mq\":\"Polar Pak\",\"nm\":\"Bol \u00E0 dessert 6on\",\"nme\":\"Dessert Bowl 6oz\",\"attr\":\"\",\"sku\":\"28707\",\"l2\":\"Contenant jetable\",\"sl\":\"bol-a-dessert-6on-polar-pak-28707\",\"sn\":\"\",\"idxP\":23},{\"mq\":\"Rosenbloom\",\"nm\":\"Rouleau de papier brun 15\\\" x 1000\",\"nme\":\"Brown Paper Roll 15\\\" x 1000\",\"attr\":\"\",\"sku\":\"32638\",\"l2\":\"Pellicule, papier alimentaire\",\"sl\":\"rouleau-de-papier-brun-15-x-1000-rosenbloom-32638\",\"sn\":\"\",\"idxP\":7},{\"mq\":\"Dart\",\"nm\":\"Contenant plastique transparent 16 on\",\"nme\":\"Clear Plastic Container 16 oz\",\"attr\":\"\",\"sku\":\"08516\",\"l2\":\"Contenant jetable\",\"sl\":\"contenant-plastique-transparent-16-on-dart-08516\",\"sn\":\"\",\"idxP\":70},{\"mq\":\"Table Accents\",\"nm\":\"Assiette compostable 10\\\"\",\"nme\":\"Plate Compostable 10\\\"\",\"attr\":\"\u00C9cologique\",\"sku\":\"23753\",\"l2\":\"Vaisselle jetable\",\"sl\":\"assiette-compostable-10-table-accents-23753\",\"sn\":\"\",\"idxP\":83},{\"mq\":\"Lapaco\",\"nm\":\"Serviette \u00E0 d\u00EEner blanc\",\"nme\":\"White Dinner Napkin\",\"attr\":\"\",\"sku\":\"30897\",\"l2\":\"Serviettes et nappes jetables\",\"sl\":\"serviette-a-diner-blanc-lapaco-30897\",\"sn\":\"\",\"idxP\":33},{\"mq\":\"Touch\",\"nm\":\"B\u00E2ton \u00E0 brochette en bamboo 10\\\"\",\"nme\":\"Bamboo Skewer Stick 10\\\"\",\"attr\":\"\",\"sku\":\"15510\",\"l2\":\"Vaisselle jetable\",\"sl\":\"baton-a-brochette-en-bamboo-10-touch-15510\",\"sn\":\"\",\"idxP\":78},{\"mq\":\"ABC Emballuxe\",\"nm\":\"Barquette bateau ovale en bois 100x220 mm\",\"nme\":\"Wooden Oval Boat Tray 70x45 mm\",\"attr\":\"\u00C9cologique\",\"sku\":\"26224\",\"l2\":\"Contenant jetable\",\"sl\":\"barquette-bateau-ovale-en-bois-100x220-mm-abc-emballuxe-26224\",\"sn\":\"plateau\",\"idxP\":54},{\"mq\":\"Polar Pak\",\"nm\":\"Bol \u00E0 dessert 8on\",\"nme\":\"Dessert Bowl 8oz\",\"attr\":\"\",\"sku\":\"28708\",\"l2\":\"Contenant jetable\",\"sl\":\"bol-a-dessert-8on-polar-pak-28708\",\"sn\":\"\",\"idxP\":38},{\"mq\":\"Dart\",\"nm\":\"Verre transparent en plastique 9 oz \\\/ 255 ml\",\"nme\":\"Plastic Clear Glass 9 oz \\\/ 255 ml\",\"attr\":\"\",\"sku\":\"33780\",\"l2\":\"Vaisselle jetable\",\"sl\":\"verre-transparent-en-plastique-9-oz-255-ml-dart-33780\",\"sn\":\"\",\"idxP\":61},{\"mq\":\"Pactiv\",\"nm\":\"Couvercle \u00E0 salade transparent 12\\\"\",\"nme\":\"Clear Salad Lid 12\\\"\",\"attr\":\"\",\"sku\":\"35617\",\"l2\":\"Contenant jetable\",\"sl\":\"couvercle-a-salade-transparent-12-pactiv-35617\",\"sn\":\"transparent\",\"idxP\":54},{\"mq\":\"Rosenbloom\",\"nm\":\"Rouleau de papier brun 24\\\" x 1000\",\"nme\":\"Brown Paper Roll 24\\\" x 1000\",\"attr\":\"\",\"sku\":\"32640\",\"l2\":\"Pellicule, papier alimentaire\",\"sl\":\"rouleau-de-papier-brun-24-x-1000-rosenbloom-32640\",\"sn\":\"\",\"idxP\":9},{\"mq\":\"Touch\",\"nm\":\"Baguette chinoise enveloppe en papier 9\\\"\",\"nme\":\"Bamboo Paper Enveloppe Chopstick 9\\\"\",\"attr\":\"\",\"sku\":\"36563\",\"l2\":\"Vaisselle jetable\",\"sl\":\"baguette-chinoise-enveloppe-en-papier-9-touch-36563\",\"sn\":\"\",\"idxP\":48},{\"mq\":\"Touch\",\"nm\":\"Baguette chinoise envelopp\u00E9 9\\\"\",\"nme\":\"Bamboo Enveloppe Chopstick 9\\\"\",\"attr\":\"\",\"sku\":\"36556\",\"l2\":\"Vaisselle jetable\",\"sl\":\"baguette-chinoise-enveloppe-9-touch-36556\",\"sn\":\"\",\"idxP\":50},{\"mq\":\"Dura\",\"nm\":\"Bol \u00E0 salade avec couvercle 32oz\",\"nme\":\"Salad Bowl with Cover 32oz\",\"attr\":\"\",\"sku\":\"39964\",\"l2\":\"Contenant jetable\",\"sl\":\"bol-a-salade-avec-couvercle-32oz-dura-39964\",\"sn\":\"\",\"idxP\":78},{\"mq\":\"ABC Emballuxe\",\"nm\":\"Barquette bateau ovale en bois 63x115 mm\",\"nme\":\"Wooden Oval Boat Tray 70x45 mm\",\"attr\":\"\u00C9cologique\",\"sku\":\"26220\",\"l2\":\"Contenant jetable\",\"sl\":\"barquette-bateau-ovale-en-bois-63x115-mm-abc-emballuxe-26220\",\"sn\":\"plateau\",\"idxP\":58},{\"mq\":\"Sainte Croix\",\"nm\":\"Rouleau de sac \u00E0 fruit moyen 10.5\\\"x15\\\"\",\"nme\":\"Medium Bag Fruit Roll 10.5\\\"x15\\\"\",\"attr\":\"\",\"sku\":\"35889\",\"l2\":\"Sac \u00E0 emballage\",\"sl\":\"rouleau-de-sac-a-fruit-moyen-10.5x15-sainte-croix-35889\",\"sn\":\"\",\"idxP\":45},{\"mq\":\"Caterline\",\"nm\":\"Couvercle d\u00F4me rond transparent 12\\\"\",\"nme\":\"Transparent Round Dome Lid 12\\\"\",\"attr\":\"\",\"sku\":\"14835\",\"l2\":\"Contenant jetable\",\"sl\":\"couvercle-dome-rond-transparent-12-caterline-14835\",\"sn\":\"plateau, tray\",\"idxP\":40},{\"mq\":\"Premium Collection\",\"nm\":\"Bol transparent 5oz\",\"nme\":\"Clear Bowl 5oz\",\"attr\":\"\",\"sku\":\"34804\",\"l2\":\"Contenant jetable\",\"sl\":\"bol-transparent-5oz-premium-collection-34804\",\"sn\":\"transparent\",\"idxP\":25},{\"mq\":\"Polar Pak\",\"nm\":\"Couvercle plat sans-trou 9oz\",\"nme\":\"No-Hole Flat Lid 9oz\",\"attr\":\"\",\"sku\":\"35972\",\"l2\":\"Contenant jetable\",\"sl\":\"couvercle-plat-sans-trou-9oz-polar-pak-35972\",\"sn\":\"\",\"idxP\":49},{\"mq\":\"Caterline\",\"nm\":\"Couvercle d\u00F4me rond transparent 18\\\"\",\"nme\":\"Transparent Round Dome Lid 18\\\"\",\"attr\":\"\",\"sku\":\"14837\",\"l2\":\"Contenant jetable\",\"sl\":\"couvercle-dome-rond-transparent-18-caterline-14837\",\"sn\":\"plateau, tray\",\"idxP\":38},{\"mq\":\"Dura\",\"nm\":\"Bol \u00E0 salade avec couvercle 24oz\",\"nme\":\"Salad Bowl with Cover 24oz\",\"attr\":\"\",\"sku\":\"39963\",\"l2\":\"Contenant jetable\",\"sl\":\"bol-a-salade-avec-couvercle-24oz-dura-39963\",\"sn\":\"\",\"idxP\":61},{\"mq\":\"Sainte Croix\",\"nm\":\"Rouleau de sac \u00E0 fruit grand 10.5\\\"x20\\\"\",\"nme\":\"Large Bag Fruit Roll 10.5\\\"x20\\\"\",\"attr\":\"\",\"sku\":\"35888\",\"l2\":\"Sac \u00E0 emballage\",\"sl\":\"rouleau-de-sac-a-fruit-grand-10.5x20-sainte-croix-35888\",\"sn\":\"\",\"idxP\":30},{\"mq\":\"Rosenbloom\",\"nm\":\"Rouleau de papier brun 18\\\" x 1000\",\"nme\":\"Brown Paper Roll 18\\\" x 1000\",\"attr\":\"\",\"sku\":\"32639\",\"l2\":\"Pellicule, papier alimentaire\",\"sl\":\"rouleau-de-papier-brun-18-x-1000-rosenbloom-32639\",\"sn\":\"\",\"idxP\":7},{\"mq\":\"Caterline\",\"nm\":\"Couvercle d\u00F4me rond transparent 16\\\"\",\"nme\":\"Transparent Round Dome Lid 16\\\"\",\"attr\":\"\",\"sku\":\"14836\",\"l2\":\"Contenant jetable\",\"sl\":\"couvercle-dome-rond-transparent-16-caterline-14836\",\"sn\":\"plateau\",\"idxP\":51},{\"mq\":\"Party Couture\",\"nm\":\"Bol \u00E0 salade carr\u00E9 10\\\"x10\\\"\",\"nme\":\"Square Salad Bowl 10\\\"x10\\\"\",\"attr\":\"\",\"sku\":\"29084\",\"l2\":\"Contenant jetable\",\"sl\":\"bol-a-salade-carre-10x10-party-couture-29084\",\"sn\":\"\",\"idxP\":47},{\"mq\":\"Sanfacon\",\"nm\":\"Filtre \u00E0 caf\u00E9\",\"nme\":\"Coffee Filter\",\"attr\":\"\",\"sku\":\"91715\",\"l2\":\"Autre\",\"sl\":\"filtre-a-cafe-sanfacon-91715\",\"sn\":\"\",\"idxP\":10},{\"mq\":\"Mi-Ma Pack\",\"nm\":\"Couvercle dome 7\\\"\",\"nme\":\"Dome Lid 7\\\"\",\"attr\":\"\",\"sku\":\"29376\",\"l2\":\"Contenant jetable\",\"sl\":\"couvercle-dome-7-mi-ma-pack-29376\",\"sn\":\"transparent\",\"idxP\":100},{\"mq\":\"Mi-Ma Pack\",\"nm\":\"Couvercle dome 9\\\"\",\"nme\":\"Dome Lid 9\\\"\",\"attr\":\"\",\"sku\":\"29380\",\"l2\":\"Contenant jetable\",\"sl\":\"couvercle-dome-9-mi-ma-pack-29380\",\"sn\":\"transparent\",\"idxP\":79},{\"mq\":\"Mi-Ma Pack\",\"nm\":\"Couvercle dome 8\\\"\",\"nme\":\"Dome Lid 8\\\"\",\"attr\":\"\",\"sku\":\"29377\",\"l2\":\"Contenant jetable\",\"sl\":\"couvercle-dome-8-mi-ma-pack-29377\",\"sn\":\"transparent\",\"idxP\":88},{\"mq\":\"Mi-Ma Pack\",\"nm\":\"Contenant \u00E0 poulet avec couvercle\",\"nme\":\"Chicken Container with lid\",\"attr\":\"\",\"sku\":\"29444\",\"l2\":\"Contenant jetable\",\"sl\":\"contenant-a-poulet-avec-couvercle-mi-ma-pack-29444\",\"sn\":\"\",\"idxP\":21},{\"mq\":\"Mi-Ma Pack\",\"nm\":\"Couvercle lamin\u00E9 8\\\"\",\"nme\":\"Laminated Lid 8\\\"\",\"attr\":\"\",\"sku\":\"31593\",\"l2\":\"Contenant jetable\",\"sl\":\"couvercle-lamine-8-mi-ma-pack-31593\",\"sn\":\"\",\"idxP\":67},{\"mq\":\"Mi-Ma Pack\",\"nm\":\"Couvercle lamin\u00E9 9\\\"\",\"nme\":\"Laminated Lid 9\\\"\",\"attr\":\"\",\"sku\":\"31591\",\"l2\":\"Contenant jetable\",\"sl\":\"couvercle-lamine-9-mi-ma-pack-31591\",\"sn\":\"\",\"idxP\":53},{\"mq\":\"Mi-Ma Pack\",\"nm\":\"Couvercle lamin\u00E9 7\\\"\",\"nme\":\"Laminated Lid 7\\\"\",\"attr\":\"\",\"sku\":\"31592\",\"l2\":\"Contenant jetable\",\"sl\":\"couvercle-lamine-7-mi-ma-pack-31592\",\"sn\":\"\",\"idxP\":77},{\"mq\":\"Dura\",\"nm\":\"Bol \u00E0 salade avec couvercle 48oz\",\"nme\":\"Salad Bowl with Cover 48oz\",\"attr\":\"\",\"sku\":\"29955\",\"l2\":\"Contenant jetable\",\"sl\":\"bol-a-salade-avec-couvercle-48oz-dura-29955\",\"sn\":\"\",\"idxP\":26},{\"mq\":\"Talthi\",\"nm\":\"Cont.rect.alum. noir 24oz\\\/725ml four,micro,BBQ,con\",\"nme\":\"Rect. alum. black cont. 24oz oven,mwave,BBQ,Freez\",\"attr\":\"\u00C9cologique\",\"sku\":\"31736\",\"l2\":\"Contenant jetable\",\"sl\":\"cont.rect.alum.-noir-24oz725ml-fourmicrobbqcon-talthi-31736\",\"sn\":\"\",\"idxP\":35},{\"mq\":\"Talthi\",\"nm\":\"Cont.rect.alum 20oz\\\/580ml  four,mic-ond,BBQ,cong\",\"nme\":\"Rect. aluminum cont. 20oz oven,mwave,BBQ,Freez\",\"attr\":\"\u00C9cologique\",\"sku\":\"31735\",\"l2\":\"Contenant jetable\",\"sl\":\"cont.rect.alum-20oz580ml-fourmic-ondbbqcong-talthi-31735\",\"sn\":\"\",\"idxP\":30},{\"mq\":\"Talthi\",\"nm\":\"Cont.rect.alum 24oz\\\/725ml four,mic-ond,BBQ,cong\",\"nme\":\"Rect. aluminum cont. 24oz oven,mwave,BBQ,Freez\",\"attr\":\"\u00C9cologique\",\"sku\":\"31737\",\"l2\":\"Contenant jetable\",\"sl\":\"cont.rect.alum-24oz725ml-fourmic-ondbbqcong-talthi-31737\",\"sn\":\"\",\"idxP\":40},{\"mq\":\"Talthi\",\"nm\":\"Cont.rect.alum 25oz\\\/751ml four,mic-ond,BBQ,cong\",\"nme\":\"Rect. aluminum cont. 25oz oven,mwave,BBQ,Freez\",\"attr\":\"\u00C9cologique\",\"sku\":\"31742\",\"l2\":\"Contenant jetable\",\"sl\":\"cont.rect.alum-25oz751ml-fourmic-ondbbqcong-talthi-31742\",\"sn\":\"\",\"idxP\":30},{\"mq\":\"Talthi\",\"nm\":\"Cont.rect.alum.noir 25oz\\\/751ml four,micro,BBQ,cong\",\"nme\":\"Rect. alum. black cont. 25oz oven,mwave,BBQ,Freez\",\"attr\":\"\u00C9cologique\",\"sku\":\"31743\",\"l2\":\"Contenant jetable\",\"sl\":\"cont.rect.alum.noir-25oz751ml-fourmicrobbqcong-talthi-31743\",\"sn\":\"\",\"idxP\":17},{\"mq\":\"Talthi\",\"nm\":\"Cont.rect.alum 35oz\\\/1026ml four,micro,BBQ,cong\",\"nme\":\"Rect. aluminum cont. 35oz oven,mwave,BBQ,Freez\",\"attr\":\"\u00C9cologique\",\"sku\":\"31744\",\"l2\":\"Contenant jetable\",\"sl\":\"cont.rect.alum-35oz1026ml-fourmicrobbqcong-talthi-31744\",\"sn\":\"\",\"idxP\":40},{\"mq\":\"Talthi\",\"nm\":\"Cont.rond.aluminium 6oz\\\/176ml four,micro,BBQ,cong\",\"nme\":\"Round aluminum cont. 6oz oven,mwave,BBQ,Freez\",\"attr\":\"\",\"sku\":\"31751\",\"l2\":\"Contenant jetable\",\"sl\":\"cont.rond.aluminium-6oz176ml-fourmicrobbqcong-talthi-31751\",\"sn\":\"\",\"idxP\":48},{\"mq\":\"Talthi\",\"nm\":\"Cont.rect.alum.noir 32oz\\\/940ml four,micro,BBQ,cong\",\"nme\":\"Rect. alum. black cont. 32oz oven,mwave,BBQ,Freez\",\"attr\":\"\u00C9cologique\",\"sku\":\"31740\",\"l2\":\"Contenant jetable\",\"sl\":\"cont.rect.alum.noir-32oz940ml-fourmicrobbqcong-talthi-31740\",\"sn\":\"\",\"idxP\":30},{\"mq\":\"Talthi\",\"nm\":\"Cont.rect.alum 32oz\\\/940ml four,mic-ond,BBQ,cong\",\"nme\":\"Rect. aluminum cont. 32oz oven,mwave,BBQ,Freez\",\"attr\":\"\u00C9cologique\",\"sku\":\"31741\",\"l2\":\"Contenant jetable\",\"sl\":\"cont.rect.alum-32oz940ml-fourmic-ondbbqcong-talthi-31741\",\"sn\":\"\",\"idxP\":46},{\"mq\":\"Talthi\",\"nm\":\"Coquille alum.noir 6\u00A8 200ml four,micro,BBQ,con\",\"nme\":\"Alum. 6\u00A8 200ml black shell oven,mwave,BBQ,Freez\",\"attr\":\"\u00C9cologique\",\"sku\":\"31753\",\"l2\":\"Contenant jetable\",\"sl\":\"coquille-alum.noir-6-200ml-fourmicrobbqcon-talthi-31753\",\"sn\":\"\",\"idxP\":48},{\"mq\":\"Talthi\",\"nm\":\"Cont.rect.alum 14.5oz\\\/430ml four,mic-ond,BBQ,cong\",\"nme\":\"Rect. aluminum cont. 14.5oz oven,mwave,BBQ,Freez\",\"attr\":\"\u00C9cologique\",\"sku\":\"31734\",\"l2\":\"Contenant jetable\",\"sl\":\"cont.rect.alum-14.5oz430ml-fourmic-ondbbqcong-talthi-31734\",\"sn\":\"\",\"idxP\":38},{\"mq\":\"Talthi\",\"nm\":\"Cont.rect.alum.noir 65oz\\\/1920ml four,micro,BBQ,con\",\"nme\":\"Rect. alum. black cont. 65oz oven,mwave,BBQ,Freez\",\"attr\":\"\u00C9cologique\",\"sku\":\"31748\",\"l2\":\"Contenant jetable\",\"sl\":\"cont.rect.alum.noir-65oz1920ml-fourmicrobbqcon-talthi-31748\",\"sn\":\"\",\"idxP\":42},{\"mq\":\"Talthi\",\"nm\":\"Cont.rect.aluminium 65oz\\\/1920ml four,micro,BBQ,con\",\"nme\":\"Rect. aluminum cont. 65oz oven,mwave,BBQ,Freez\",\"attr\":\"\u00C9cologique\",\"sku\":\"31749\",\"l2\":\"Contenant jetable\",\"sl\":\"cont.rect.aluminium-65oz1920ml-fourmicrobbqcon-talthi-31749\",\"sn\":\"\",\"idxP\":64},{\"mq\":\"Talthi\",\"nm\":\"Cont.rect.alum.noir 48oz\\\/1400ml four,micro,BBQ,con\",\"nme\":\"Rect. alum. black cont. 48oz oven,mwave,BBQ,Freez\",\"attr\":\"\u00C9cologique\",\"sku\":\"31747\",\"l2\":\"Contenant jetable\",\"sl\":\"cont.rect.alum.noir-48oz1400ml-fourmicrobbqcon-talthi-31747\",\"sn\":\"\",\"idxP\":32},{\"mq\":\"Talthi\",\"nm\":\"Cont. rect. alum48oz\\\/1400ml four,mic-ond,BBQ,cong\",\"nme\":\"Rect. aluminum cont. 48oz oven,mwave,BBQ,Freez\",\"attr\":\"\u00C9cologique\",\"sku\":\"31746\",\"l2\":\"Contenant jetable\",\"sl\":\"cont.-rect.-alum48oz1400ml-fourmic-ondbbqcong-talthi-31746\",\"sn\":\"\",\"idxP\":39},{\"mq\":\"Mayrand CHEF\",\"nm\":\"Sac r\u00E9-utilisable\",\"nme\":\"Reusable Bag\",\"attr\":\"\",\"sku\":\"10025\",\"l2\":\"Sac \u00E0 emballage\",\"sl\":\"sac-re-utilisable-mayrand-chef-10025\",\"sn\":\"\",\"idxP\":100},{\"mq\":\"Mi-Ma Pack\",\"nm\":\"Verre papier pour boisson chaude 12oz\",\"nme\":\"Hot Paper Cup 12oz\",\"attr\":\"\",\"sku\":\"33161\",\"l2\":\"Vaisselle jetable\",\"sl\":\"verre-papier-pour-boisson-chaude-12oz-mi-ma-pack-33161\",\"sn\":\"\",\"idxP\":100},{\"mq\":\"Mi-Ma Pack\",\"nm\":\"Couvercle d\u00F4me blanc 10-16oz\",\"nme\":\"White dome lid 10-16oz\",\"attr\":\"\",\"sku\":\"33172\",\"l2\":\"Contenant jetable\",\"sl\":\"couvercle-dome-blanc-10-16oz-mi-ma-pack-33172\",\"sn\":\"\",\"idxP\":100},{\"mq\":\"Mi-Ma Pack\",\"nm\":\"Verre en papier pour boisson chaude 8oz\",\"nme\":\"Hot Paper Cup 8oz\",\"attr\":\"\u00C9cologique\",\"sku\":\"33132\",\"l2\":\"Vaisselle jetable\",\"sl\":\"verre-en-papier-pour-boisson-chaude-8oz-mi-ma-pack-33132\",\"sn\":\"\",\"idxP\":100},{\"mq\":\"Mi-Ma Pack\",\"nm\":\"Verre en papier pour boisson chaude 10oz\",\"nme\":\"Hot Paper Cup 10oz\",\"attr\":\"\",\"sku\":\"33150\",\"l2\":\"Vaisselle jetable\",\"sl\":\"verre-en-papier-pour-boisson-chaude-10oz-mi-ma-pack-33150\",\"sn\":\"\",\"idxP\":100},{\"mq\":\"Mi-Ma Pack\",\"nm\":\"Verre en papier pour boisson chaude 16oz\",\"nme\":\"Hot Paper Cup 16oz\",\"attr\":\"\",\"sku\":\"33162\",\"l2\":\"Vaisselle jetable\",\"sl\":\"verre-en-papier-pour-boisson-chaude-16oz-mi-ma-pack-33162\",\"sn\":\"\",\"idxP\":50},{\"mq\":\"Table Accents\",\"nm\":\"Cuill\u00E8re soupe plast. blanc envelopp\u00E9 individuel\",\"nme\":\"Polypro white plastic table spoon individual wrap\",\"attr\":\"\",\"sku\":\"33211\",\"l2\":\"Vaisselle jetable\",\"sl\":\"cuillere-soupe-plast.-blanc-enveloppe-individuel-table-accents-33211\",\"sn\":\"\",\"idxP\":17},{\"mq\":\"Table Accents\",\"nm\":\"Cuill\u00E8re th\u00E9 plastique blanc envelopp\u00E9 individuel\",\"nme\":\"Polypro white plastic tea spoon individually wrap\",\"attr\":\"\",\"sku\":\"33208\",\"l2\":\"Vaisselle jetable\",\"sl\":\"cuillere-the-plastique-blanc-enveloppe-individuel-table-accents-33208\",\"sn\":\"\",\"idxP\":12},{\"mq\":\"Table Accents\",\"nm\":\"Couteau plastique blanc envelopp\u00E9 individuel\",\"nme\":\"Polypro white plastic knife individually wrapped\",\"attr\":\"\",\"sku\":\"33203\",\"l2\":\"Vaisselle jetable\",\"sl\":\"couteau-plastique-blanc-enveloppe-individuel-table-accents-33203\",\"sn\":\"\",\"idxP\":14},{\"mq\":\"Table Accents\",\"nm\":\"Fourchette plastique blanc envelopp\u00E9 individuel\",\"nme\":\"Polypro white plastic fork individually wrapped\",\"attr\":\"\",\"sku\":\"33206\",\"l2\":\"Vaisselle jetable\",\"sl\":\"fourchette-plastique-blanc-enveloppe-individuel-table-accents-33206\",\"sn\":\"\",\"idxP\":40},{\"mq\":\"Table Accents\",\"nm\":\"Contenant \u00E0 emporter 8\\\"3 compartiments compostable\",\"nme\":\"Compartment compostable clamshell 8\\\"3\",\"attr\":\"\u00C9cologique\",\"sku\":\"34453\",\"l2\":\"Contenant jetable\",\"sl\":\"contenant-a-emporter-83-compartiments-compostable-table-accents-34453\",\"sn\":\"\",\"idxP\":100},{\"mq\":\"Table Accents\",\"nm\":\"Contenant \u00E0 emporter 6\\\" compostable\",\"nme\":\"Compostable clamshell 6\\\"\",\"attr\":\"\u00C9cologique\",\"sku\":\"34448\",\"l2\":\"Contenant jetable\",\"sl\":\"contenant-a-emporter-6-compostable-table-accents-34448\",\"sn\":\"\",\"idxP\":88},{\"mq\":\"Table Accents\",\"nm\":\"Contenant \u00E0 emporter 9\\\" compostable\",\"nme\":\"Compostable clamshell 9\\\"\",\"attr\":\"\u00C9cologique\",\"sku\":\"34457\",\"l2\":\"Contenant jetable\",\"sl\":\"contenant-a-emporter-9-compostable-table-accents-34457\",\"sn\":\"\",\"idxP\":100},{\"mq\":\"Table Accents\",\"nm\":\"Contenant \u00E0 emporter 8\\\" compostable\",\"nme\":\"Compostable clamshell 8\\\"\",\"attr\":\"\u00C9cologique\",\"sku\":\"34452\",\"l2\":\"Contenant jetable\",\"sl\":\"contenant-a-emporter-8-compostable-table-accents-34452\",\"sn\":\"\",\"idxP\":91},{\"mq\":\"Table Accents\",\"nm\":\"Contenant \u00E0 emporter 9\\\"3 compartiments compostable\",\"nme\":\"Compartment compostable clamshell 9\\\"3\",\"attr\":\"\u00C9cologique\",\"sku\":\"34458\",\"l2\":\"Contenant jetable\",\"sl\":\"contenant-a-emporter-93-compartiments-compostable-table-accents-34458\",\"sn\":\"\",\"idxP\":83},{\"mq\":\"Table Accents\",\"nm\":\"Contenant \u00E0 emporter 9\\\"x6\\\"x3\\\" compostable\",\"nme\":\"Compostable clamshell 9\\\"x6\\\"x3\\\"\",\"attr\":\"\u00C9cologique\",\"sku\":\"34451\",\"l2\":\"Contenant jetable\",\"sl\":\"contenant-a-emporter-9x6x3-compostable-table-accents-34451\",\"sn\":\"\",\"idxP\":97},{\"mq\":\"Table Accents\",\"nm\":\"Verre en papier blanc paroi simple 12oz\",\"nme\":\"Single wall white paper cup 12oz\",\"attr\":\"\u00C9cologique\",\"sku\":\"36427\",\"l2\":\"Vaisselle jetable\",\"sl\":\"verre-en-papier-blanc-paroi-simple-12oz-table-accents-36427\",\"sn\":\"\",\"idxP\":100},{\"mq\":\"Table Accents\",\"nm\":\"Verre en papier blanc paroi simple 10oz\",\"nme\":\"Single wall white paper cup 10oz\",\"attr\":\"\u00C9cologique\",\"sku\":\"36428\",\"l2\":\"Vaisselle jetable\",\"sl\":\"verre-en-papier-blanc-paroi-simple-10oz-table-accents-36428\",\"sn\":\"\",\"idxP\":100},{\"mq\":\"Table Accents\",\"nm\":\"Verre en papier blanc paroi simple 8oz\",\"nme\":\"Single wall white paper cup 8oz\",\"attr\":\"\u00C9cologique\",\"sku\":\"36447\",\"l2\":\"Vaisselle jetable\",\"sl\":\"verre-en-papier-blanc-paroi-simple-8oz-table-accents-36447\",\"sn\":\"\",\"idxP\":97},{\"mq\":\"Table Accents\",\"nm\":\"Verre en papier blanc paroi simple 16oz\",\"nme\":\"Single wall white paper cup 16oz\",\"attr\":\"\u00C9cologique\",\"sku\":\"36425\",\"l2\":\"Vaisselle jetable\",\"sl\":\"verre-en-papier-blanc-paroi-simple-16oz-table-accents-36425\",\"sn\":\"\",\"idxP\":82},{\"mq\":\"Titan\",\"nm\":\"Rouleau papier aluminium plus r\u00E9sistant 30cmx200m\",\"nme\":\"Aluminium Foil heavy duty Roll 30 cm x 200 m\",\"attr\":\"\",\"sku\":\"36522\",\"l2\":\"Pellicule, papier alimentaire\",\"sl\":\"rouleau-papier-aluminium-plus-resistant-30cmx200m-titan-36522\",\"sn\":\"\",\"idxP\":18},{\"mq\":\"Titan\",\"nm\":\"Sac de cong\u00E9lation moyen\",\"nme\":\"Medium Freezing Bags\",\"attr\":\"\",\"sku\":\"37902\",\"l2\":\"Sac \u00E0 emballage\",\"sl\":\"sac-de-congelation-moyen-titan-37902\",\"sn\":\"\",\"idxP\":74},{\"mq\":\"Table Accents\",\"nm\":\"Ensemble ustensile 4pcs PLA (f\\\/k\\\/s\\\/n)\",\"nme\":\"PLA 4 pieces food kit (f\\\/k\\\/s\\\/n)\",\"attr\":\"\",\"sku\":\"40669\",\"l2\":\"Vaisselle jetable\",\"sl\":\"ensemble-ustensile-4pcs-pla-fksn-table-accents-40669\",\"sn\":\"\",\"idxP\":23},{\"mq\":\"Savaday\",\"nm\":\"Assiette compostable 8.75\\\"\",\"nme\":\"Compostable plate 8.75\\\"\",\"attr\":\"\u00C9cologique\",\"sku\":\"40621\",\"l2\":\"Vaisselle jetable\",\"sl\":\"assiette-compostable-8.75-savaday-40621\",\"sn\":\"\",\"idxP\":24},{\"mq\":\"Talthi\",\"nm\":\"Bol plastique bistro carr\u00E9 rose 20oz\\\/555ml\",\"nme\":\"Bistro pink plastic square bowl 20oz\",\"attr\":\"\",\"sku\":\"41199\",\"l2\":\"Contenant jetable\",\"sl\":\"bol-plastique-bistro-carre-rose-20oz555ml-talthi-41199\",\"sn\":\"\",\"idxP\":29},{\"mq\":\"Talthi\",\"nm\":\"Bol rond plastique pok\u00E9 50oz\\\/1428ml\",\"nme\":\"Pok\u00E9 plastic round bowl 50oz\",\"attr\":\"\",\"sku\":\"41197\",\"l2\":\"Contenant jetable\",\"sl\":\"bol-rond-plastique-poke-50oz1428ml-talthi-41197\",\"sn\":\"\",\"idxP\":14},{\"mq\":\"Talthi\",\"nm\":\"Bol rond plastique pok\u00E9 34oz\\\/952ml\",\"nme\":\"Pok\u00E9 plastic round bowl 34oz\",\"attr\":\"\",\"sku\":\"41198\",\"l2\":\"Contenant jetable\",\"sl\":\"bol-rond-plastique-poke-34oz952ml-talthi-41198\",\"sn\":\"\",\"idxP\":24},{\"mq\":\"Mi-Ma Pack\",\"nm\":\"Contenant rectangulaire aluminium 2.25 lb\",\"nme\":\"Rectangular aluminum container 2.25 lb\",\"attr\":\"\",\"sku\":\"10407\",\"l2\":\"Contenant jetable\",\"sl\":\"contenant-rectangulaire-aluminium-2.25-lb-mi-ma-pack-10407\",\"sn\":\"\",\"idxP\":91},{\"mq\":\"Mi-Ma Pack\",\"nm\":\"Contenant rond en aluminium \u00E0 emporter 7\\\"\",\"nme\":\"Takeout Aluminium Container 7\\\"\",\"attr\":\"\",\"sku\":\"10408\",\"l2\":\"Contenant jetable\",\"sl\":\"contenant-rond-en-aluminium-a-emporter-7-mi-ma-pack-10408\",\"sn\":\"\",\"idxP\":100},{\"mq\":\"Mi-Ma Pack\",\"nm\":\"Contenant rond en aluminium \u00E0 emporter 8\\\"\",\"nme\":\"Takeout Round Aluminium Container 8\\\"\",\"attr\":\"\",\"sku\":\"10404\",\"l2\":\"Contenant jetable\",\"sl\":\"contenant-rond-en-aluminium-a-emporter-8-mi-ma-pack-10404\",\"sn\":\"\",\"idxP\":100},{\"mq\":\"Mi-Ma Pack\",\"nm\":\"Contenant rond en aluminium \u00E0 emporter 9\\\"\",\"nme\":\"Takeout Aluminium Container 9\\\"\",\"attr\":\"\",\"sku\":\"10405\",\"l2\":\"Contenant jetable\",\"sl\":\"contenant-rond-en-aluminium-a-emporter-9-mi-ma-pack-10405\",\"sn\":\"\",\"idxP\":89},{\"mq\":\"Mi-Ma Pack\",\"nm\":\"Contenant rectangulaire aluminium 1 lb\",\"nme\":\"Aluminum rectangular container 1 lb\",\"attr\":\"\",\"sku\":\"10406\",\"l2\":\"Contenant jetable\",\"sl\":\"contenant-rectangulaire-aluminium-1-lb-mi-ma-pack-10406\",\"sn\":\"\",\"idxP\":100},{\"mq\":\"Graphic\",\"nm\":\"Bo\u00EEte \u00E0 pizza 9\\\"x9\\\"x1,5\\\"\",\"nme\":\"Pizza Box 9\\\"x9\\\"x1.5\\\"\",\"attr\":\"\",\"sku\":\"10467\",\"l2\":\"Boite carton\",\"sl\":\"boite-a-pizza-9x9x15-graphic-10467\",\"sn\":\"\",\"idxP\":26},{\"mq\":\"Argentia Ridge\",\"nm\":\"Verre \u00E0 vin en plastique 7oz\",\"nme\":\"Plastic Wine Glass 7oz\",\"attr\":\"\",\"sku\":\"00338\",\"l2\":\"Vaisselle jetable\",\"sl\":\"verre-a-vin-en-plastique-7oz-argentia-ridge-00338\",\"sn\":\"\",\"idxP\":79},{\"mq\":\"Mi-Ma Pack\",\"nm\":\"Contenant rectangle aluminium plat moyen\",\"nme\":\"Rectangular aluminium containers medium flat\",\"attr\":\"\",\"sku\":\"01009\",\"l2\":\"Contenant jetable\",\"sl\":\"contenant-rectangle-aluminium-plat-moyen-mi-ma-pack-01009\",\"sn\":\"\",\"idxP\":100},{\"mq\":\"Mi-Ma Pack\",\"nm\":\"Couvercle rectangle aluminium large\",\"nme\":\"Large rectangle aluminum cover\",\"attr\":\"\",\"sku\":\"01010\",\"l2\":\"Contenant jetable\",\"sl\":\"couvercle-rectangle-aluminium-large-mi-ma-pack-01010\",\"sn\":\"\",\"idxP\":100},{\"mq\":\"Mi-Ma Pack\",\"nm\":\"Contenant rectangle r\u00F4tissoire grand et profond\",\"nme\":\"Large and deep rectangle container for roaster\",\"attr\":\"\",\"sku\":\"01019\",\"l2\":\"Contenant jetable\",\"sl\":\"contenant-rectangle-rotissoire-grand-et-profond-mi-ma-pack-01019\",\"sn\":\"\",\"idxP\":100},{\"mq\":\"Mi-Ma Pack\",\"nm\":\"Contenant rectangle r\u00F4tissoire moyen profond\",\"nme\":\"Medium deep rectangle roasting pan\",\"attr\":\"\",\"sku\":\"01020\",\"l2\":\"Contenant jetable\",\"sl\":\"contenant-rectangle-rotissoire-moyen-profond-mi-ma-pack-01020\",\"sn\":\"\",\"idxP\":100},{\"mq\":\"Mi-Ma Pack\",\"nm\":\"Contenant rectangle r\u00F4tissoire grand et mi-profond\",\"nme\":\"Large and mid-deep rectangle container for roaster\",\"attr\":\"\",\"sku\":\"01018\",\"l2\":\"Contenant jetable\",\"sl\":\"contenant-rectangle-rotissoire-grand-et-mi-profond-mi-ma-pack-01018\",\"sn\":\"\",\"idxP\":100},{\"mq\":\"Mi-Ma Pack\",\"nm\":\"Couvercle rectangle aluminium medium\",\"nme\":\"Rectangular aluminum cover medium\",\"attr\":\"\",\"sku\":\"01011\",\"l2\":\"Contenant jetable\",\"sl\":\"couvercle-rectangle-aluminium-medium-mi-ma-pack-01011\",\"sn\":\"\",\"idxP\":100},{\"mq\":\"Titan\",\"nm\":\"Plateaux service ronds aluminium 12\\\"\",\"nme\":\"12\\\" aluminum round serving trays\",\"attr\":\"\",\"sku\":\"01165\",\"l2\":\"Contenant jetable\",\"sl\":\"plateaux-service-ronds-aluminium-12-titan-01165\",\"sn\":\"plateau\",\"idxP\":81},{\"mq\":\"Titan\",\"nm\":\"Plateaux service ronds aluminium 16\\\"\",\"nme\":\"16\\\" aluminum round serving trays\",\"attr\":\"\",\"sku\":\"01166\",\"l2\":\"Contenant jetable\",\"sl\":\"plateaux-service-ronds-aluminium-16-titan-01166\",\"sn\":\"plateau\",\"idxP\":98},{\"mq\":\"Titan\",\"nm\":\"Couvercle d\u00F4me rond plastique pour plat service 12\",\"nme\":\"round plastic dome lid for 12\\\" serving platter\",\"attr\":\"\",\"sku\":\"01168\",\"l2\":\"Contenant jetable\",\"sl\":\"couvercle-dome-rond-plastique-pour-plat-service-12-titan-01168\",\"sn\":\"plateau\",\"idxP\":89},{\"mq\":\"Titan\",\"nm\":\"Contenant rectangulaire moyen profond aluminium\",\"nme\":\"Medium Deep Aluminum Rectangular Container\",\"attr\":\"\",\"sku\":\"01178\",\"l2\":\"Contenant jetable\",\"sl\":\"contenant-rectangulaire-moyen-profond-aluminium-titan-01178\",\"sn\":\"\",\"idxP\":0},{\"mq\":\"J.E.T. Bags\",\"nm\":\"Sac papier poign\u00E9es torsad\u00E9es 8x4.75x10\",\"nme\":\"Twisted handle paper bags 8x4.75x10\",\"attr\":\"\",\"sku\":\"01250\",\"l2\":\"Sac \u00E0 emballage\",\"sl\":\"sac-papier-poignees-torsadees-8x4.75x10-j.e.t.-bags-01250\",\"sn\":\"\",\"idxP\":27},{\"mq\":\"Table Accents\",\"nm\":\"Serviettes papier pour distributeur\",\"nme\":\"Napkins for Dispenser\",\"attr\":\"\",\"sku\":\"26255\",\"l2\":\"Serviettes et nappes jetables\",\"sl\":\"serviettes-papier-pour-distributeur-table-accents-26255\",\"sn\":\"\",\"idxP\":67},{\"mq\":\"J.E.T. Bags\",\"nm\":\"Sac papier poign\u00E9es torsad\u00E9es 12x7x17\",\"nme\":\"Twisted handle paper bags 12x7x17\",\"attr\":\"\",\"sku\":\"01249\",\"l2\":\"Sac \u00E0 emballage\",\"sl\":\"sac-papier-poignees-torsadees-12x7x17-j.e.t.-bags-01249\",\"sn\":\"\",\"idxP\":35},{\"mq\":\"J.E.T. Bags\",\"nm\":\"Sac papier poign\u00E9es torsad\u00E9es 11x7x12\",\"nme\":\"Twisted Handle Paper Bags 11x7x12\",\"attr\":\"\",\"sku\":\"01248\",\"l2\":\"Sac \u00E0 emballage\",\"sl\":\"sac-papier-poignees-torsadees-11x7x12-j.e.t.-bags-01248\",\"sn\":\"\",\"idxP\":21},{\"mq\":\"Alcas Italie\",\"nm\":\"Coupes desserts glac\u00E9s biod\u00E9gradables 4,5oz ora\",\"nme\":\"4.5oz biodegradable frozen dessert cups orange\",\"attr\":\"\",\"sku\":\"01365\",\"l2\":\"Contenant jetable\",\"sl\":\"coupes-desserts-glaces-biodegradables-45oz-ora-alcas-italie-01365\",\"sn\":\"biologique\",\"idxP\":21},{\"mq\":\"Table Accents\",\"nm\":\"Verres caf\u00E9 isolants kraft Noir gaufr\u00E9s 8oz\",\"nme\":\"Triple Wall Insulated Coffee Cups 8oz - Black\",\"attr\":\"\",\"sku\":\"01356\",\"l2\":\"Contenant jetable\",\"sl\":\"verres-cafe-isolants-kraft-noir-gaufres-8oz-table-accents-01356\",\"sn\":\"\",\"idxP\":100},{\"mq\":\"Table Accents\",\"nm\":\"Contenant charni\u00E8re 3 comp. en MFPP 8\\\"x8\\\"x3\\\"\",\"nme\":\"Hinge container 3 comp. MFPP 8\\\"x8\\\"x3\\\"\",\"attr\":\"\",\"sku\":\"01364\",\"l2\":\"Contenant jetable\",\"sl\":\"contenant-charniere-3-comp.-en-mfpp-8x8x3-table-accents-01364\",\"sn\":\"\",\"idxP\":100},{\"mq\":\"Table Accents\",\"nm\":\"Verres caf\u00E9 isolants kraft Noir gaufr\u00E9s 16oz\",\"nme\":\"Triple Wall Insulated Coffee Cups 16oz - Black\",\"attr\":\"\",\"sku\":\"01355\",\"l2\":\"Contenant jetable\",\"sl\":\"verres-cafe-isolants-kraft-noir-gaufres-16oz-table-accents-01355\",\"sn\":\"\",\"idxP\":61},{\"mq\":\"Table Accents\",\"nm\":\"Contenant charniere en MFPP 8\\\"x8\\\"x3\\\"\",\"nme\":\"Hinge container in MFPP 8\\\"x8\\\"x3\\\"\",\"attr\":\"\",\"sku\":\"01359\",\"l2\":\"Contenant jetable\",\"sl\":\"contenant-charniere-en-mfpp-8x8x3-table-accents-01359\",\"sn\":\"\",\"idxP\":95},{\"mq\":\"Table Accents\",\"nm\":\"Verres caf\u00E9 isolants kraft Noir gaufr\u00E9s 12oz\",\"nme\":\"Triple Wall Insulated Coffee Cups 12oz - Black\",\"attr\":\"\",\"sku\":\"01354\",\"l2\":\"Contenant jetable\",\"sl\":\"verres-cafe-isolants-kraft-noir-gaufres-12oz-table-accents-01354\",\"sn\":\"\",\"idxP\":97},{\"mq\":\"Table Accents\",\"nm\":\"Contenant charni\u00E8re en MFPP 9\\\"x6\\\"x3\\\"\",\"nme\":\"Hinged container in MFPP 9\\\"x6\\\"x3\\\"\",\"attr\":\"\",\"sku\":\"01361\",\"l2\":\"Contenant jetable\",\"sl\":\"contenant-charniere-en-mfpp-9x6x3-table-accents-01361\",\"sn\":\"\",\"idxP\":90},{\"mq\":\"Table Accents\",\"nm\":\"Verres caf\u00E9 isolants kraft Noir gaufr\u00E9s 10oz\",\"nme\":\"Triple Wall Insulated Coffee Cups 10oz - Black\",\"attr\":\"\",\"sku\":\"01358\",\"l2\":\"Contenant jetable\",\"sl\":\"verres-cafe-isolants-kraft-noir-gaufres-10oz-table-accents-01358\",\"sn\":\"\",\"idxP\":93},{\"mq\":\"Table Accents\",\"nm\":\"Contenant charni\u00E8re en MFPP 6\\\"x6\\\"x3\\\"\",\"nme\":\"Hinge container in MFPP 6\\\"x6\\\"x3\\\"\",\"attr\":\"\",\"sku\":\"01363\",\"l2\":\"Contenant jetable\",\"sl\":\"contenant-charniere-en-mfpp-6x6x3-table-accents-01363\",\"sn\":\"\",\"idxP\":78},{\"mq\":\"Alcas Italie\",\"nm\":\"Coupes \u00E0 desserts glac\u00E9s biod\u00E9gradables 6oz ivoire\",\"nme\":\"Ivory Biodegradable 6oz Frozen Dessert Cups\",\"attr\":\"\",\"sku\":\"01366\",\"l2\":\"Contenant jetable\",\"sl\":\"coupes-a-desserts-glaces-biodegradables-6oz-ivoire-alcas-italie-01366\",\"sn\":\"biologique\",\"idxP\":17},{\"mq\":\"Table Accents\",\"nm\":\"Contenant charni\u00E8re 3 comp. en MFPP 9\\\"x9\\\"x3\\\"\",\"nme\":\"Hinge container 3 comp. in MFPP 9\\\"x9\\\"x3\\\"\",\"attr\":\"\",\"sku\":\"01362\",\"l2\":\"Contenant jetable\",\"sl\":\"contenant-charniere-3-comp.-en-mfpp-9x9x3-table-accents-01362\",\"sn\":\"\",\"idxP\":100},{\"mq\":\"Alcas Italie\",\"nm\":\"Coupes \u00E0 desserts glac\u00E9s biod\u00E9gradables 7oz verts\",\"nme\":\"Green 7oz Biodegradable Frozen Dessert Cups\",\"attr\":\"\",\"sku\":\"01367\",\"l2\":\"Contenant jetable\",\"sl\":\"coupes-a-desserts-glaces-biodegradables-7oz-verts-alcas-italie-01367\",\"sn\":\"biologique\",\"idxP\":33},{\"mq\":\"Alcas Italie\",\"nm\":\"Cuill\u00E8res desserts coupes glac\u00E9s biod\u00E9gradables\",\"nme\":\"Biodegradable ice cream cup dessert spoons\",\"attr\":\"\",\"sku\":\"01368\",\"l2\":\"Contenant jetable\",\"sl\":\"cuilleres-desserts-coupes-glaces-biodegradables-alcas-italie-01368\",\"sn\":\"\",\"idxP\":0},{\"mq\":\"Table Accents\",\"nm\":\"Contenant charni\u00E8re en MFPP 9\\\"x9\\\"x3\\\"\",\"nme\":\"Hinged container in MFPP 9\\\"x9\\\"x3\",\"attr\":\"\",\"sku\":\"01409\",\"l2\":\"Contenant jetable\",\"sl\":\"contenant-charniere-en-mfpp-9x9x3-table-accents-01409\",\"sn\":\"\",\"idxP\":100},{\"mq\":\"Table Accents\",\"nm\":\"Pailles papier emball\u00E9es 8' noires\",\"nme\":\"8' black wrapped paper straws\",\"attr\":\"\",\"sku\":\"01415\",\"l2\":\"Contenant jetable\",\"sl\":\"pailles-papier-emballees-8-noires-table-accents-01415\",\"sn\":\"\",\"idxP\":87},{\"mq\":\"Table Accents\",\"nm\":\"Pailles papier noires emball\u00E9es 6\\\"\",\"nme\":\"6\\\" black wrapped paper straws\",\"attr\":\"\",\"sku\":\"01417\",\"l2\":\"Contenant jetable\",\"sl\":\"pailles-papier-noires-emballees-6-table-accents-01417\",\"sn\":\"\",\"idxP\":83},{\"mq\":\"Table Accents\",\"nm\":\"Pailles papier emball\u00E9es 8' blanches\",\"nme\":\"8' white wrapped paper straws\",\"attr\":\"\",\"sku\":\"01421\",\"l2\":\"Contenant jetable\",\"sl\":\"pailles-papier-emballees-8-blanches-table-accents-01421\",\"sn\":\"\",\"idxP\":53},{\"mq\":\"J.E.T. Bags\",\"nm\":\"Sac papier poign\u00E9es torsad\u00E9es 15x7x13\",\"nme\":\"Paper bag with twisted handles 15x7x13\",\"attr\":\"\",\"sku\":\"01649\",\"l2\":\"Sac \u00E0 emballage\",\"sl\":\"sac-papier-poignees-torsadees-15x7x13-j.e.t.-bags-01649\",\"sn\":\"\",\"idxP\":36},{\"mq\":\"J.E.T. Bags\",\"nm\":\"Sac papier poign\u00E9es torsad\u00E9es 10x5x13\",\"nme\":\"Paper bag with twisted handles 10x5x13\",\"attr\":\"\",\"sku\":\"01650\",\"l2\":\"Sac \u00E0 emballage\",\"sl\":\"sac-papier-poignees-torsadees-10x5x13-j.e.t.-bags-01650\",\"sn\":\"\",\"idxP\":33},{\"mq\":\"J.E.T. Bags\",\"nm\":\"Sac papier poign\u00E9es torsad\u00E9es 13x6x15\",\"nme\":\"Paper bag with twisted handles 13x6x15\",\"attr\":\"\",\"sku\":\"01648\",\"l2\":\"Sac \u00E0 emballage\",\"sl\":\"sac-papier-poignees-torsadees-13x6x15-j.e.t.-bags-01648\",\"sn\":\"\",\"idxP\":35},{\"mq\":\"Graphic\",\"nm\":\"Bo\u00EEte \u00E0 pizza 10\\\"x10\\\"x1.5\\\"\",\"nme\":\"Pizza box 10\\\"x10\\\"x1.5\\\"\",\"attr\":\"\",\"sku\":\"01802\",\"l2\":\"Boite carton\",\"sl\":\"boite-a-pizza-10x10x1.5-graphic-01802\",\"sn\":\"\",\"idxP\":43},{\"mq\":\"J.E.T. Bags\",\"nm\":\"Sac papier poign\u00E9es torsad\u00E9es 13x7x13\",\"nme\":\"Twisted Handle Paper Bags 13x7x13\",\"attr\":\"\",\"sku\":\"01984\",\"l2\":\"Sac \u00E0 emballage\",\"sl\":\"sac-papier-poignees-torsadees-13x7x13-j.e.t.-bags-01984\",\"sn\":\"\",\"idxP\":46},{\"mq\":\"Argentia Ridge\",\"nm\":\"Verre \u00E0 vin en plastique 7.6oz\",\"nme\":\"Plastic Wine Glass 7.6oz\",\"attr\":\"\",\"sku\":\"02009\",\"l2\":\"Vaisselle jetable\",\"sl\":\"verre-a-vin-en-plastique-7.6oz-argentia-ridge-02009\",\"sn\":\"\",\"idxP\":59},{\"mq\":\"Lapaco\",\"nm\":\"Serviette \u00E0 Breuvage rouge 2 Plis\",\"nme\":\"Beverage Napkin Red 2 ply\",\"attr\":\"\",\"sku\":\"02245\",\"l2\":\"Serviettes et nappes jetables\",\"sl\":\"serviette-a-breuvage-rouge-2-plis-lapaco-02245\",\"sn\":\"liqueur\",\"idxP\":14},{\"mq\":\"Lapaco\",\"nm\":\"Serviette \u00E0 diner blanche \u00E0 pochette\",\"nme\":\"Dinner Napk NuLinen White Pocket\",\"attr\":\"\",\"sku\":\"02244\",\"l2\":\"Serviettes et nappes jetables\",\"sl\":\"serviette-a-diner-blanche-a-pochette-lapaco-02244\",\"sn\":\"\",\"idxP\":21},{\"mq\":\"Lapaco\",\"nm\":\"Bande noire serviette 1,50\\\"x4,25\\\"\",\"nme\":\"Napkin Band Black 1,50\\\"x4,25\\\"\",\"attr\":\"\",\"sku\":\"02250\",\"l2\":\"Serviettes et nappes jetables\",\"sl\":\"bande-noire-serviette-150x425-lapaco-02250\",\"sn\":\"\",\"idxP\":7},{\"mq\":\"Lapaco\",\"nm\":\"Bande rouge serviette  1,50\\\"x4,25\\\"\",\"nme\":\"Napkin Band Red 1,50\\\"x4,25\\\"\",\"attr\":\"\",\"sku\":\"02248\",\"l2\":\"Serviettes et nappes jetables\",\"sl\":\"bande-rouge-serviette-150x425-lapaco-02248\",\"sn\":\"\",\"idxP\":4},{\"mq\":\"Mi-Ma Pack\",\"nm\":\"Rouleau papier aluminium 30cmx200m\",\"nme\":\"Aluminium Foil Roll 30cm x 200m\",\"attr\":\"\",\"sku\":\"02293\",\"l2\":\"Pellicule, papier alimentaire\",\"sl\":\"rouleau-papier-aluminium-30cmx200m-mi-ma-pack-02293\",\"sn\":\"\",\"idxP\":55},{\"mq\":\"Mi-Ma Pack\",\"nm\":\"Rouleau papier aluminium 45cmx100m\",\"nme\":\"Aluminium Foil Roll 45cm x 100m\",\"attr\":\"\",\"sku\":\"02294\",\"l2\":\"Pellicule, papier alimentaire\",\"sl\":\"rouleau-papier-aluminium-45cmx100m-mi-ma-pack-02294\",\"sn\":\"\",\"idxP\":83},{\"mq\":\"Mi-Ma Pack\",\"nm\":\"Bo\u00EEte \u00E0 g\u00E2teau 9\\\"x9\\\"x3,5\\\"\",\"nme\":\"Cake Box 9\\\" x 9\\\" x 3.5\\\"\",\"attr\":\"\",\"sku\":\"02290\",\"l2\":\"Boite carton\",\"sl\":\"boite-a-gateau-9x9x35-mi-ma-pack-02290\",\"sn\":\"\",\"idxP\":32},{\"mq\":\"Lapaco\",\"nm\":\"Bande blanche serviette  1,50\\\"x4,25\\\"\",\"nme\":\"Napkin Band White 1,50\\\"x4,25\\\"\",\"attr\":\"\",\"sku\":\"02257\",\"l2\":\"Serviettes et nappes jetables\",\"sl\":\"bande-blanche-serviette-150x425-lapaco-02257\",\"sn\":\"\",\"idxP\":3},{\"mq\":\"Mi-Ma Pack\",\"nm\":\"Bo\u00EEte \u00E0 g\u00E2teau 12\\\"x12\\\"x3,5\\\"\",\"nme\":\"Cake Box 12x12\\\"x3.5\\\"\",\"attr\":\"\",\"sku\":\"02291\",\"l2\":\"Boite carton\",\"sl\":\"boite-a-gateau-12x12x35-mi-ma-pack-02291\",\"sn\":\"\",\"idxP\":45},{\"mq\":\"Mi-Ma Pack\",\"nm\":\"Bo\u00EEte \u00E0 g\u00E2teau 8\\\"x8\\\"x3,5\\\"\",\"nme\":\"Cake Box 8\\\"x8\\\"x3.5\\\"\",\"attr\":\"\",\"sku\":\"02292\",\"l2\":\"Boite carton\",\"sl\":\"boite-a-gateau-8x8x35-mi-ma-pack-02292\",\"sn\":\"\",\"idxP\":38},{\"mq\":\"Party Couture\",\"nm\":\"Assiette ronde 7.5\\\" blanc avec bande or\",\"nme\":\"Round plates 7.5\\\" white w\\\/gold  rim\",\"attr\":\"\",\"sku\":\"02335\",\"l2\":\"Vaisselle jetable\",\"sl\":\"assiette-ronde-7.5-blanc-avec-bande-or-party-couture-02335\",\"sn\":\"\",\"idxP\":53},{\"mq\":\"Party Couture\",\"nm\":\"Assiette ronde 10.25\\\" blanc avec bande or\",\"nme\":\"Round plates 10.25\\\" white w\\\/gold rim\",\"attr\":\"\",\"sku\":\"02358\",\"l2\":\"Vaisselle jetable\",\"sl\":\"assiette-ronde-10.25-blanc-avec-bande-or-party-couture-02358\",\"sn\":\"\",\"idxP\":17},{\"mq\":\"Party Couture\",\"nm\":\"Assiette carr\u00E9e 7.5\\\" blanc avec bande or\",\"nme\":\"Square plates 7.5\\\" white w\\\/gold rim\",\"attr\":\"\",\"sku\":\"02346\",\"l2\":\"Vaisselle jetable\",\"sl\":\"assiette-carree-7.5-blanc-avec-bande-or-party-couture-02346\",\"sn\":\"\",\"idxP\":39},{\"mq\":\"Party Couture\",\"nm\":\"Assiette ronde 7.5\\\" blanc avec bande argent\",\"nme\":\"Round plates 7.5\\\" white w\\\/silver rim\",\"attr\":\"\",\"sku\":\"02334\",\"l2\":\"Vaisselle jetable\",\"sl\":\"assiette-ronde-7.5-blanc-avec-bande-argent-party-couture-02334\",\"sn\":\"\",\"idxP\":43},{\"mq\":\"Party Couture\",\"nm\":\"Assiette ronde 7.5\\\" clair bande or\",\"nme\":\"Round plates 7.5\\\" clear w\\\/gold rim\",\"attr\":\"\",\"sku\":\"02340\",\"l2\":\"Vaisselle jetable\",\"sl\":\"assiette-ronde-7.5-clair-bande-or-party-couture-02340\",\"sn\":\"transparent\",\"idxP\":41},{\"mq\":\"Party Couture\",\"nm\":\"Bol carr\u00E9 12oz blanc avec bande or\",\"nme\":\"White Square bowl 12oz  w\\\/gold  rim\",\"attr\":\"\",\"sku\":\"02352\",\"l2\":\"Contenant jetable\",\"sl\":\"bol-carre-12oz-blanc-avec-bande-or-party-couture-02352\",\"sn\":\"\",\"idxP\":17},{\"mq\":\"Party Couture\",\"nm\":\"Assiette ronde 10.25\\\" clair avec bande or\",\"nme\":\"Round plates 10.25\\\" white w\\\/gold rim\",\"attr\":\"\",\"sku\":\"02366\",\"l2\":\"Vaisselle jetable\",\"sl\":\"assiette-ronde-10.25-clair-avec-bande-or-party-couture-02366\",\"sn\":\"transparent\",\"idxP\":51},{\"mq\":\"Party Couture\",\"nm\":\"Assiette ronde 10.25\\\" blanc avec fleur or\",\"nme\":\"Round plates 10.25\\\" white w\\\/gold flower\",\"attr\":\"\",\"sku\":\"02362\",\"l2\":\"Vaisselle jetable\",\"sl\":\"assiette-ronde-10.25-blanc-avec-fleur-or-party-couture-02362\",\"sn\":\"\",\"idxP\":17},{\"mq\":\"Cookina\",\"nm\":\"2 Sacs \u00E0 sandwich et cong\u00E9lation r\u00E9utilisables\",\"nme\":\"2 Reusable Cookina sandwich and congelation\",\"attr\":\"\",\"sku\":\"02414\",\"l2\":\"Sac \u00E0 emballage\",\"sl\":\"2-sacs-a-sandwich-et-congelation-reutilisables-cookina-02414\",\"sn\":\"\",\"idxP\":0},{\"mq\":\"Cookina\",\"nm\":\"2 grands sacs \u00E0 sandwich\\\/cong\u00E9lation r\u00E9utilisables\",\"nme\":\"Large r\u00E9usable bags (2) freezer Cookina\",\"attr\":\"\",\"sku\":\"02415\",\"l2\":\"Sac \u00E0 emballage\",\"sl\":\"2-grands-sacs-a-sandwichcongelation-reutilisables-cookina-02415\",\"sn\":\"\",\"idxP\":0},{\"mq\":\"Hy Pax\",\"nm\":\"Bo\u00EEte en papier blanc \u00E0 emporter #3\",\"nme\":\"Take Out Food Container #3 White\",\"attr\":\"\",\"sku\":\"02429\",\"l2\":\"Boite carton\",\"sl\":\"boite-en-papier-blanc-a-emporter-3-hy-pax-02429\",\"sn\":\"\",\"idxP\":9},{\"mq\":\"Hy Pax\",\"nm\":\"Bo\u00EEte en papier blanc \u00E0 emporter #4\",\"nme\":\"Take Out Food Container #4 White\",\"attr\":\"\",\"sku\":\"02430\",\"l2\":\"Boite carton\",\"sl\":\"boite-en-papier-blanc-a-emporter-4-hy-pax-02430\",\"sn\":\"\",\"idxP\":15},{\"mq\":\"Hy Pax\",\"nm\":\"Bo\u00EEte en papier blanc \u00E0 emporter #8\",\"nme\":\"Take Out Food Container #8 White\",\"attr\":\"\",\"sku\":\"02434\",\"l2\":\"Boite carton\",\"sl\":\"boite-en-papier-blanc-a-emporter-8-hy-pax-02434\",\"sn\":\"\",\"idxP\":21},{\"mq\":\"Hy Pax\",\"nm\":\"Bo\u00EEte en papier blanc \u00E0 emporter #1\",\"nme\":\"Take Out Food Container #1 White\",\"attr\":\"\",\"sku\":\"02433\",\"l2\":\"Boite carton\",\"sl\":\"boite-en-papier-blanc-a-emporter-1-hy-pax-02433\",\"sn\":\"\",\"idxP\":26},{\"mq\":\"J.E.T. Bags\",\"nm\":\"Sac papier poign\u00E9es torsad\u00E9es 14\\\"x10\\\"x16\\\"\",\"nme\":\"Twisted Handle Paper Bags 14\\\"x10\\\"x16\\\"\",\"attr\":\"\",\"sku\":\"02504\",\"l2\":\"Sac \u00E0 emballage\",\"sl\":\"sac-papier-poignees-torsadees-14x10x16-j.e.t.-bags-02504\",\"sn\":\"\",\"idxP\":44},{\"mq\":\"Mi-Ma Pack\",\"nm\":\"Couvercle Lamin\u00E9 pour Aluminium 1 Lb\",\"nme\":\"Laminated Lid for Aluminum 1 Lb\",\"attr\":\"\",\"sku\":\"02556\",\"l2\":\"Contenant jetable\",\"sl\":\"couvercle-lamine-pour-aluminium-1-lb-mi-ma-pack-02556\",\"sn\":\"\",\"idxP\":56},{\"mq\":\"J.E.T. napkins\",\"nm\":\"Serviette \u00E0 d\u00EEner brune\",\"nme\":\"Brown Dinner Napkin\",\"attr\":\"\",\"sku\":\"02503\",\"l2\":\"Serviettes et nappes jetables\",\"sl\":\"serviette-a-diner-brune-j.e.t.-napkins-02503\",\"sn\":\"\",\"idxP\":63},{\"mq\":\"Slypak\",\"nm\":\"Verre en carton pour boisson chaude 7oz\",\"nme\":\"Hot Paper Cup 7oz\",\"attr\":\"\",\"sku\":\"02570\",\"l2\":\"Vaisselle jetable\",\"sl\":\"verre-en-carton-pour-boisson-chaude-7oz-slypak-02570\",\"sn\":\"\",\"idxP\":100},{\"mq\":\"Mi-Ma Pack\",\"nm\":\"Couvercle d\u00F4me pour Aluminium 1 Lb\",\"nme\":\"Dome Lid for Aluminum 1 Lb\",\"attr\":\"\",\"sku\":\"02557\",\"l2\":\"Contenant jetable\",\"sl\":\"couvercle-dome-pour-aluminium-1-lb-mi-ma-pack-02557\",\"sn\":\"\",\"idxP\":59},{\"mq\":\"Slypak\",\"nm\":\"Verre en carton pour boisson chaude 8.25oz\",\"nme\":\"Hot Paper Cup 8.25oz\",\"attr\":\"\",\"sku\":\"02574\",\"l2\":\"Vaisselle jetable\",\"sl\":\"verre-en-carton-pour-boisson-chaude-8.25oz-slypak-02574\",\"sn\":\"\",\"idxP\":100},{\"mq\":\"Slypak\",\"nm\":\"Verre en carton pour boisson chaude 12oz\",\"nme\":\"Hot Paper Cup 12oz\",\"attr\":\"\",\"sku\":\"02575\",\"l2\":\"Vaisselle jetable\",\"sl\":\"verre-en-carton-pour-boisson-chaude-12oz-slypak-02575\",\"sn\":\"\",\"idxP\":82},{\"mq\":\"J.E.T. napkins\",\"nm\":\"Serviette \u00E0 breuvage 1 pli\",\"nme\":\"1 ply beverage napkin\",\"attr\":\"\",\"sku\":\"02635\",\"l2\":\"Serviettes et nappes jetables\",\"sl\":\"serviette-a-breuvage-1-pli-j.e.t.-napkins-02635\",\"sn\":\"liqueur\",\"idxP\":94},{\"mq\":\"Mi-Ma Pack\",\"nm\":\"Contenant portion plastique PP 1oz\",\"nme\":\"Portion Cup 1oz\",\"attr\":\"\",\"sku\":\"02647\",\"l2\":\"Contenant jetable\",\"sl\":\"contenant-portion-plastique-pp-1oz-mi-ma-pack-02647\",\"sn\":\"\",\"idxP\":96},{\"mq\":\"Mi-Ma Pack\",\"nm\":\"Contenant portion plastique PP 0.75oz\",\"nme\":\"Portion Cup 0.75oz\",\"attr\":\"\",\"sku\":\"02643\",\"l2\":\"Contenant jetable\",\"sl\":\"contenant-portion-plastique-pp-0.75oz-mi-ma-pack-02643\",\"sn\":\"\",\"idxP\":80},{\"mq\":\"Mi-Ma Pack\",\"nm\":\"Contenant portion plastique PP 4oz\",\"nme\":\"Portion Cup 4oz\",\"attr\":\"\",\"sku\":\"02651\",\"l2\":\"Contenant jetable\",\"sl\":\"contenant-portion-plastique-pp-4oz-mi-ma-pack-02651\",\"sn\":\"\",\"idxP\":97},{\"mq\":\"J.E.T. napkins\",\"nm\":\"Serviettes papier pour distributeur 1 pli\",\"nme\":\"Paper napkins disoenser 1ply\",\"attr\":\"\",\"sku\":\"02637\",\"l2\":\"Serviettes et nappes jetables\",\"sl\":\"serviettes-papier-pour-distributeur-1-pli-j.e.t.-napkins-02637\",\"sn\":\"\",\"idxP\":100},{\"mq\":\"Mi-Ma Pack\",\"nm\":\"Contenant portion plastique PP 5.5oz\",\"nme\":\"Portion Cup 5.5oz\",\"attr\":\"\",\"sku\":\"02652\",\"l2\":\"Contenant jetable\",\"sl\":\"contenant-portion-plastique-pp-5.5oz-mi-ma-pack-02652\",\"sn\":\"\",\"idxP\":85},{\"mq\":\"Mi-Ma Pack\",\"nm\":\"Contenant portion plastique PP 2.5oz\",\"nme\":\"Portion Cup 2.5oz\",\"attr\":\"\",\"sku\":\"02648\",\"l2\":\"Contenant jetable\",\"sl\":\"contenant-portion-plastique-pp-2.5oz-mi-ma-pack-02648\",\"sn\":\"\",\"idxP\":83},{\"mq\":\"Mi-Ma Pack\",\"nm\":\"Couvercle plast pp contenant portion 1.5-2-2.5oz\",\"nme\":\"Portion cup lid for 1.5-2-2.5oz\",\"attr\":\"\",\"sku\":\"02654\",\"l2\":\"Contenant jetable\",\"sl\":\"couvercle-plast-pp-contenant-portion-1.5-2-2.5oz-mi-ma-pack-02654\",\"sn\":\"\",\"idxP\":100},{\"mq\":\"Mi-Ma Pack\",\"nm\":\"Contenant portion plastique PP 2oz\",\"nme\":\"Portion Cup 2oz\",\"attr\":\"\",\"sku\":\"02649\",\"l2\":\"Contenant jetable\",\"sl\":\"contenant-portion-plastique-pp-2oz-mi-ma-pack-02649\",\"sn\":\"\",\"idxP\":100},{\"mq\":\"Mi-Ma Pack\",\"nm\":\"Couvercle plast pp contenant portion 3.25-4-5.5oz\",\"nme\":\"Portion cup lid for 3.25-4-5.5oz\",\"attr\":\"\",\"sku\":\"02655\",\"l2\":\"Contenant jetable\",\"sl\":\"couvercle-plast-pp-contenant-portion-3.25-4-5.5oz-mi-ma-pack-02655\",\"sn\":\"\",\"idxP\":100},{\"mq\":\"Mi-Ma Pack\",\"nm\":\"Contenant portion plastique PP 3.25oz\",\"nme\":\"Portion Cup 3.25oz\",\"attr\":\"\",\"sku\":\"02650\",\"l2\":\"Contenant jetable\",\"sl\":\"contenant-portion-plastique-pp-3.25oz-mi-ma-pack-02650\",\"sn\":\"\",\"idxP\":90},{\"mq\":\"J.E.T. napkins\",\"nm\":\"Serviette d\u00E9jeuner blanche 1 pli\",\"nme\":\"White lunch napkin 1 Ply\",\"attr\":\"\",\"sku\":\"02638\",\"l2\":\"Serviettes et nappes jetables\",\"sl\":\"serviette-dejeuner-blanche-1-pli-j.e.t.-napkins-02638\",\"sn\":\"\",\"idxP\":89},{\"mq\":\"Mi-Ma Pack\",\"nm\":\"Contenant portion plastique PP 1.5oz\",\"nme\":\"Portion Cup 1.5 oz\",\"attr\":\"\",\"sku\":\"02642\",\"l2\":\"Contenant jetable\",\"sl\":\"contenant-portion-plastique-pp-1.5oz-mi-ma-pack-02642\",\"sn\":\"\",\"idxP\":92},{\"mq\":\"Mi-Ma Pack\",\"nm\":\"Couvercle plast pp contenant portion 0.75-1oz\",\"nme\":\"Portion cup lid for 0.75-1oz\",\"attr\":\"\",\"sku\":\"02653\",\"l2\":\"Contenant jetable\",\"sl\":\"couvercle-plast-pp-contenant-portion-0.75-1oz-mi-ma-pack-02653\",\"sn\":\"\",\"idxP\":92},{\"mq\":\"Slypak\",\"nm\":\"Cabarets pour emporter 8.75\\\"x6.75\\\"x2.125\\\"\",\"nme\":\"Take-Out Box 8.75\\\"x6.75\\\"x2.125\\\"\",\"attr\":\"\",\"sku\":\"02608\",\"l2\":\"Boite carton\",\"sl\":\"cabarets-pour-emporter-8.75x6.75x2.125-slypak-02608\",\"sn\":\"plateau, tray\",\"idxP\":33},{\"mq\":\"Table Accents\",\"nm\":\"Verres caf\u00E9 isolants triple paroi 8oz rouge\",\"nme\":\"Triple Wall Insulated Coffee Cups 8oz - Red\",\"attr\":\"\",\"sku\":\"02686\",\"l2\":\"Contenant jetable\",\"sl\":\"verres-cafe-isolants-triple-paroi-8oz-rouge-table-accents-02686\",\"sn\":\"\",\"idxP\":94},{\"mq\":\"Table Accents\",\"nm\":\"Verres caf\u00E9 isolants triple paroi 16oz rouge\",\"nme\":\"Triple Wall Insulated Coffee Cups 16oz - Red\",\"attr\":\"\",\"sku\":\"02689\",\"l2\":\"Contenant jetable\",\"sl\":\"verres-cafe-isolants-triple-paroi-16oz-rouge-table-accents-02689\",\"sn\":\"\",\"idxP\":52},{\"mq\":\"Table Accents\",\"nm\":\"Verres caf\u00E9 isolants triple paroi 12oz rouge\",\"nme\":\"Triple Wall Insulated Coffee Cups 12oz - Red\",\"attr\":\"\",\"sku\":\"02688\",\"l2\":\"Contenant jetable\",\"sl\":\"verres-cafe-isolants-triple-paroi-12oz-rouge-table-accents-02688\",\"sn\":\"\",\"idxP\":75},{\"mq\":\"Caf\u00E9 Express\",\"nm\":\"Verres plastique PET 12oz\",\"nme\":\"12oz PET cups\",\"attr\":\"\",\"sku\":\"02737\",\"l2\":\"Vaisselle jetable\",\"sl\":\"verres-plastique-pet-12oz-cafe-express-02737\",\"sn\":\"\",\"idxP\":100},{\"mq\":\"Caf\u00E9 Express\",\"nm\":\"Verres plastique PET 16oz\",\"nme\":\"16oz PET cups\",\"attr\":\"\",\"sku\":\"02738\",\"l2\":\"Vaisselle jetable\",\"sl\":\"verres-plastique-pet-16oz-cafe-express-02738\",\"sn\":\"\",\"idxP\":100},{\"mq\":\"Caf\u00E9 Express\",\"nm\":\"Verres plastique PET 7oz\",\"nme\":\"7oz PET cups\",\"attr\":\"\",\"sku\":\"02735\",\"l2\":\"Vaisselle jetable\",\"sl\":\"verres-plastique-pet-7oz-cafe-express-02735\",\"sn\":\"\",\"idxP\":100},{\"mq\":\"Caf\u00E9 Express\",\"nm\":\"Verres plastique PET 24oz\",\"nme\":\"24oz PET cups\",\"attr\":\"\",\"sku\":\"02741\",\"l2\":\"Vaisselle jetable\",\"sl\":\"verres-plastique-pet-24oz-cafe-express-02741\",\"sn\":\"\",\"idxP\":100},{\"mq\":\"Caf\u00E9 Express\",\"nm\":\"Verres plastique PET 9oz\",\"nme\":\"9oz PET cups\",\"attr\":\"\",\"sku\":\"02736\",\"l2\":\"Vaisselle jetable\",\"sl\":\"verres-plastique-pet-9oz-cafe-express-02736\",\"sn\":\"\",\"idxP\":100},{\"mq\":\"Caf\u00E9 Express\",\"nm\":\"Couvercles avec fente 7-9oz\",\"nme\":\"Slotted lid 7-9oz\",\"attr\":\"\",\"sku\":\"02742\",\"l2\":\"Vaisselle jetable\",\"sl\":\"couvercles-avec-fente-7-9oz-cafe-express-02742\",\"sn\":\"\",\"idxP\":72},{\"mq\":\"Caf\u00E9 Express\",\"nm\":\"Couvercles plats 7-9oz\",\"nme\":\"Flat lid 7-8oz\",\"attr\":\"\",\"sku\":\"02734\",\"l2\":\"Vaisselle jetable\",\"sl\":\"couvercles-plats-7-9oz-cafe-express-02734\",\"sn\":\"\",\"idxP\":57},{\"mq\":\"Caf\u00E9 Express\",\"nm\":\"Couvercles plats 12oz\",\"nme\":\"Flat lid 12oz\",\"attr\":\"\",\"sku\":\"02745\",\"l2\":\"Vaisselle jetable\",\"sl\":\"couvercles-plats-12oz-cafe-express-02745\",\"sn\":\"\",\"idxP\":48},{\"mq\":\"Caf\u00E9 Express\",\"nm\":\"Verres plastique PET 20oz\",\"nme\":\"20oz PET cups\",\"attr\":\"\",\"sku\":\"02740\",\"l2\":\"Vaisselle jetable\",\"sl\":\"verres-plastique-pet-20oz-cafe-express-02740\",\"sn\":\"\",\"idxP\":100},{\"mq\":\"Caf\u00E9 Express\",\"nm\":\"Couvercles d\u00F4me avec trou 12oz\",\"nme\":\"Dome lid with hole 12oz\",\"attr\":\"\",\"sku\":\"02746\",\"l2\":\"Vaisselle jetable\",\"sl\":\"couvercles-dome-avec-trou-12oz-cafe-express-02746\",\"sn\":\"\",\"idxP\":56},{\"mq\":\"Caf\u00E9 Express\",\"nm\":\"Couvercles avec fente 12oz\",\"nme\":\"12oz Slotted lid\",\"attr\":\"\",\"sku\":\"02744\",\"l2\":\"Vaisselle jetable\",\"sl\":\"couvercles-avec-fente-12oz-cafe-express-02744\",\"sn\":\"\",\"idxP\":74},{\"mq\":\"Caf\u00E9 Express\",\"nm\":\"Couvercles plats 16-24oz\",\"nme\":\"Flat lid 16-24oz\",\"attr\":\"\",\"sku\":\"02757\",\"l2\":\"Vaisselle jetable\",\"sl\":\"couvercles-plats-16-24oz-cafe-express-02757\",\"sn\":\"\",\"idxP\":78},{\"mq\":\"Slypak\",\"nm\":\"Bol papier kraft rectangle 500ml\",\"nme\":\"Rectangular fraft container 500ml\",\"attr\":\"\",\"sku\":\"02765\",\"l2\":\"Contenant jetable\",\"sl\":\"bol-papier-kraft-rectangle-500ml-slypak-02765\",\"sn\":\"\",\"idxP\":60},{\"mq\":\"Mi-Ma Pack\",\"nm\":\"Bo\u00EEte g\u00E2teau blanche 12\\\"x12\\\"x5\\\"\",\"nme\":\"White Cake Box 12\\\"x12\\\"x5\\\"\",\"attr\":\"\",\"sku\":\"02712\",\"l2\":\"Boite carton\",\"sl\":\"boite-gateau-blanche-12x12x5-mi-ma-pack-02712\",\"sn\":\"\",\"idxP\":12},{\"mq\":\"Slypak\",\"nm\":\"Bol papier kraft rectangle 750ml\",\"nme\":\"Rectangular fraft container 750ml\",\"attr\":\"\",\"sku\":\"02764\",\"l2\":\"Contenant jetable\",\"sl\":\"bol-papier-kraft-rectangle-750ml-slypak-02764\",\"sn\":\"\",\"idxP\":71},{\"mq\":\"Slypak\",\"nm\":\"Couvercle plastique bol \u00E0 salade 16-24oz\",\"nme\":\"Salad bowl plastic lid 16-24oz\",\"attr\":\"\",\"sku\":\"02772\",\"l2\":\"Contenant jetable\",\"sl\":\"couvercle-plastique-bol-a-salade-16-24oz-slypak-02772\",\"sn\":\"\",\"idxP\":100},{\"mq\":\"Caf\u00E9 Express\",\"nm\":\"Couvercles d\u00F4me avec trou 16-20-24oz\",\"nme\":\"Dome lid with hole 16-20-24oz\",\"attr\":\"\",\"sku\":\"02753\",\"l2\":\"Vaisselle jetable\",\"sl\":\"couvercles-dome-avec-trou-16-20-24oz-cafe-express-02753\",\"sn\":\"\",\"idxP\":87},{\"mq\":\"Slypak\",\"nm\":\"Bol \u00E0 salade papier kraft 16oz\",\"nme\":\"Salad bowl kraft container 16oz\",\"attr\":\"\",\"sku\":\"02774\",\"l2\":\"Contenant jetable\",\"sl\":\"bol-a-salade-papier-kraft-16oz-slypak-02774\",\"sn\":\"\",\"idxP\":98},{\"mq\":\"Caf\u00E9 Express\",\"nm\":\"Couvercles bec 12oz\",\"nme\":\"Sip lid 12oz\",\"attr\":\"\",\"sku\":\"02748\",\"l2\":\"Vaisselle jetable\",\"sl\":\"couvercles-bec-12oz-cafe-express-02748\",\"sn\":\"\",\"idxP\":42},{\"mq\":\"Titan\",\"nm\":\"Sac cong\u00E9lation clik zip large\",\"nme\":\"Large freezing Bags clik zip\",\"attr\":\"\",\"sku\":\"02791\",\"l2\":\"Sac \u00E0 emballage\",\"sl\":\"sac-congelation-clik-zip-large-titan-02791\",\"sn\":\"\",\"idxP\":76},{\"mq\":\"Caf\u00E9 Express\",\"nm\":\"Couvercles avec fente 16-24oz\",\"nme\":\"Slotted lid 16-24oz\",\"attr\":\"\",\"sku\":\"02754\",\"l2\":\"Vaisselle jetable\",\"sl\":\"couvercles-avec-fente-16-24oz-cafe-express-02754\",\"sn\":\"\",\"idxP\":96},{\"mq\":\"Arcem\",\"nm\":\"Sac \u00E0 frites double 1lb\",\"nme\":\"French Fries Bag 1lb\",\"attr\":\"\",\"sku\":\"02812\",\"l2\":\"Sac \u00E0 emballage\",\"sl\":\"sac-a-frites-double-1lb-arcem-02812\",\"sn\":\"\",\"idxP\":22},{\"mq\":\"Arcem\",\"nm\":\"Sac \u00E0 frites double 3\\\/4lb\",\"nme\":\"French Fries Bag 3\\\/4lb\",\"attr\":\"\",\"sku\":\"02809\",\"l2\":\"Sac \u00E0 emballage\",\"sl\":\"sac-a-frites-double-34lb-arcem-02809\",\"sn\":\"\",\"idxP\":45},{\"mq\":\"Mi-Ma Pack\",\"nm\":\"Contenant portion carton kraft 1.5oz\",\"nme\":\"Portion Cup kraft 1.5oz\",\"attr\":\"\",\"sku\":\"02816\",\"l2\":\"Contenant jetable\",\"sl\":\"contenant-portion-carton-kraft-1.5oz-mi-ma-pack-02816\",\"sn\":\"\",\"idxP\":88},{\"mq\":\"Arcem\",\"nm\":\"Sac \u00E0 frites double 2lbs\",\"nme\":\"French Fries Bag 2lb\",\"attr\":\"\",\"sku\":\"02814\",\"l2\":\"Sac \u00E0 emballage\",\"sl\":\"sac-a-frites-double-2lbs-arcem-02814\",\"sn\":\"\",\"idxP\":24},{\"mq\":\"Mi-Ma Pack\",\"nm\":\"Couvercle plastique portion carton kraft 1oz\",\"nme\":\"Lid for portion cup kraft 1oz\",\"attr\":\"\",\"sku\":\"02820\",\"l2\":\"Contenant jetable\",\"sl\":\"couvercle-plastique-portion-carton-kraft-1oz-mi-ma-pack-02820\",\"sn\":\"\",\"idxP\":67},{\"mq\":\"Terra Verde\",\"nm\":\"Bol bagasse 12oz\",\"nme\":\"Bagasse Bowl 12oz\",\"attr\":\"\",\"sku\":\"02825\",\"l2\":\"Contenant jetable\",\"sl\":\"bol-bagasse-12oz-terra-verde-02825\",\"sn\":\"\",\"idxP\":64},{\"mq\":\"Slypak\",\"nm\":\"Couvercle plastique rectangle 500-750ml\",\"nme\":\"Plastic rectangular lid 500-750ml\",\"attr\":\"\",\"sku\":\"02760\",\"l2\":\"Contenant jetable\",\"sl\":\"couvercle-plastique-rectangle-500-750ml-slypak-02760\",\"sn\":\"\",\"idxP\":84},{\"mq\":\"Arcem\",\"nm\":\"Sac \u00E0 frites double 1\\\/2lb\",\"nme\":\"French Fries Bag 1\\\/2lb\",\"attr\":\"\",\"sku\":\"02810\",\"l2\":\"Sac \u00E0 emballage\",\"sl\":\"sac-a-frites-double-12lb-arcem-02810\",\"sn\":\"\",\"idxP\":42},{\"mq\":\"Dart\",\"nm\":\"Couvercle papier blanc pour bol 8-12-16oz\",\"nme\":\"White paper lid for 8-12-16oz bowl\",\"attr\":\"\",\"sku\":\"02828\",\"l2\":\"Contenant jetable\",\"sl\":\"couvercle-papier-blanc-pour-bol-8-12-16oz-dart-02828\",\"sn\":\"\",\"idxP\":0},{\"mq\":\"Mi-Ma Pack\",\"nm\":\"Couvercle plastique portion carton kraft 1.5-2oz\",\"nme\":\"Lid for portion cup kraft 1.5-2oz\",\"attr\":\"\",\"sku\":\"02821\",\"l2\":\"Contenant jetable\",\"sl\":\"couvercle-plastique-portion-carton-kraft-1.5-2oz-mi-ma-pack-02821\",\"sn\":\"\",\"idxP\":87},{\"mq\":\"Table Accents\",\"nm\":\"Couteau blanc en polypropyl\u00E8ne\",\"nme\":\"Polypropylene white knife\",\"attr\":\"\u00C9cologique\",\"sku\":\"23747\",\"l2\":\"Vaisselle jetable\",\"sl\":\"couteau-blanc-en-polypropylene-table-accents-23747\",\"sn\":\"\",\"idxP\":39},{\"mq\":\"Mi-Ma Pack\",\"nm\":\"Contenant portion carton kraft 2oz\",\"nme\":\"Portion Cup kraft 2oz\",\"attr\":\"\",\"sku\":\"02818\",\"l2\":\"Contenant jetable\",\"sl\":\"contenant-portion-carton-kraft-2oz-mi-ma-pack-02818\",\"sn\":\"\",\"idxP\":100},{\"mq\":\"Mi-Ma Pack\",\"nm\":\"Contenant portion carton kraft 1oz\",\"nme\":\"Portion Cup kraft 1oz\",\"attr\":\"\",\"sku\":\"02815\",\"l2\":\"Contenant jetable\",\"sl\":\"contenant-portion-carton-kraft-1oz-mi-ma-pack-02815\",\"sn\":\"\",\"idxP\":89},{\"mq\":\"Dart\",\"nm\":\"Couvercle papier blanc pour bol 32oz\",\"nme\":\"White paper lid for 32oz bowl\",\"attr\":\"\",\"sku\":\"02837\",\"l2\":\"Contenant jetable\",\"sl\":\"couvercle-papier-blanc-pour-bol-32oz-dart-02837\",\"sn\":\"\",\"idxP\":0},{\"mq\":\"Table Accents\",\"nm\":\"Fourchette blanche en polypropyl\u00E8ne\",\"nme\":\"Polypropylene white fork\",\"attr\":\"\u00C9cologique\",\"sku\":\"23748\",\"l2\":\"Vaisselle jetable\",\"sl\":\"fourchette-blanche-en-polypropylene-table-accents-23748\",\"sn\":\"\",\"idxP\":100},{\"mq\":\"Table Accents\",\"nm\":\"Cuill\u00E8re \u00E0 soupe blanche en polypropyl\u00E8ne\",\"nme\":\"White polypropylene soup spoon\",\"attr\":\"\",\"sku\":\"23750\",\"l2\":\"Vaisselle jetable\",\"sl\":\"cuillere-a-soupe-blanche-en-polypropylene-table-accents-23750\",\"sn\":\"\",\"idxP\":52},{\"mq\":\"Table Accents\",\"nm\":\"Cuill\u00E8re \u00E0 th\u00E9 blanche en polypropyl\u00E8ne\",\"nme\":\"White polypropylene teaspoon\",\"attr\":\"\u00C9cologique\",\"sku\":\"23749\",\"l2\":\"Vaisselle jetable\",\"sl\":\"cuillere-a-the-blanche-en-polypropylene-table-accents-23749\",\"sn\":\"\",\"idxP\":69},{\"mq\":\"Table Accents\",\"nm\":\"Assiettes papier plastifi\u00E9 blanc 8.5\\\"\",\"nme\":\"Paper plates coated white 8.5\\\"\",\"attr\":\"\",\"sku\":\"02997\",\"l2\":\"Vaisselle jetable\",\"sl\":\"assiettes-papier-plastifie-blanc-8.5-table-accents-02997\",\"sn\":\"\",\"idxP\":96},{\"mq\":\"Table Accents\",\"nm\":\"Ensemble ustensile 6pcs bois (f\\\/k\\\/s\\\/n\\\/s\\\/p)\",\"nme\":\"Compostable Birch 6-Piece Dining Set (f\\\/k\\\/s\\\/n\\\/s\\\/p)\",\"attr\":\"\",\"sku\":\"03006\",\"l2\":\"Vaisselle jetable\",\"sl\":\"ensemble-ustensile-6pcs-bois-fksnsp-table-accents-03006\",\"sn\":\"\",\"idxP\":17},{\"mq\":\"Table Accents\",\"nm\":\"Assiettes papier plastifi\u00E9 blanc 7\\\"\",\"nme\":\"Paper plates coated white 7\\\"\",\"attr\":\"\",\"sku\":\"02990\",\"l2\":\"Vaisselle jetable\",\"sl\":\"assiettes-papier-plastifie-blanc-7-table-accents-02990\",\"sn\":\"\",\"idxP\":79},{\"mq\":\"Titan\",\"nm\":\"Sac sandwich\",\"nme\":\"Sandwich bag\",\"attr\":\"\",\"sku\":\"03057\",\"l2\":\"Sac \u00E0 emballage\",\"sl\":\"sac-sandwich-titan-03057\",\"sn\":\"\",\"idxP\":46},{\"mq\":\"Caf\u00E9 Express\",\"nm\":\"Contenant rect. base blanche pour emporter 42oz\",\"nme\":\"White base rectangular takeout container 42oz\",\"attr\":\"\",\"sku\":\"03065\",\"l2\":\"Contenant jetable\",\"sl\":\"contenant-rect.-base-blanche-pour-emporter-42oz-cafe-express-03065\",\"sn\":\"\",\"idxP\":93},{\"mq\":\"Table Accents\",\"nm\":\"Assiettes papier plastifi\u00E9 blanc 10\\\"\",\"nme\":\"Paper plates coated white 10\\\"\",\"attr\":\"\",\"sku\":\"03002\",\"l2\":\"Vaisselle jetable\",\"sl\":\"assiettes-papier-plastifie-blanc-10-table-accents-03002\",\"sn\":\"\",\"idxP\":80},{\"mq\":\"Caf\u00E9 Express\",\"nm\":\"Contenant rect. base blanche pour emporter 34oz\",\"nme\":\"White container rectangular takeout container 34oz\",\"attr\":\"\",\"sku\":\"03068\",\"l2\":\"Contenant jetable\",\"sl\":\"contenant-rect.-base-blanche-pour-emporter-34oz-cafe-express-03068\",\"sn\":\"\",\"idxP\":90},{\"mq\":\"Table Accents\",\"nm\":\"Ensemble ustensile 5pcs bois (f\\\/k\\\/n\\\/s\\\/p)\",\"nme\":\"5pcs wood utensil set (f\\\/k\\\/n\\\/s\\\/p)\",\"attr\":\"\",\"sku\":\"66754\",\"l2\":\"Vaisselle jetable\",\"sl\":\"ensemble-ustensile-5pcs-bois-fknsp-table-accents-66754\",\"sn\":\"\",\"idxP\":0},{\"mq\":\"Table Accents\",\"nm\":\"Ensemble ustensile 3pcs bois (f\\\/k\\\/n)\",\"nme\":\"Wood regular cutlery food kit 3pcs f\\\/k\\\/n\",\"attr\":\"\",\"sku\":\"66588\",\"l2\":\"Vaisselle jetable\",\"sl\":\"ensemble-ustensile-3pcs-bois-fkn-table-accents-66588\",\"sn\":\"\",\"idxP\":0},{\"mq\":\"Table Accents\",\"nm\":\"Fourchette bois r\u00E9gulier\",\"nme\":\"Birch wood fork regular\",\"attr\":\"\",\"sku\":\"66589\",\"l2\":\"Vaisselle jetable\",\"sl\":\"fourchette-bois-regulier-table-accents-66589\",\"sn\":\"\",\"idxP\":82},{\"mq\":\"Table Accents\",\"nm\":\"Cuilli\u00E8re th\u00E9 bois r\u00E9gulier\",\"nme\":\"Birch wood teaspoon regular\",\"attr\":\"\",\"sku\":\"66590\",\"l2\":\"Vaisselle jetable\",\"sl\":\"cuilliere-the-bois-regulier-table-accents-66590\",\"sn\":\"\",\"idxP\":44},{\"mq\":\"Table Accents\",\"nm\":\"Cuill\u00E8re soupe bois envelopp\u00E9s\",\"nme\":\"Birch wood soup spoon individually wrapped\",\"attr\":\"\",\"sku\":\"66756\",\"l2\":\"Vaisselle jetable\",\"sl\":\"cuillere-soupe-bois-enveloppes-table-accents-66756\",\"sn\":\"\",\"idxP\":0},{\"mq\":\"Table Accents\",\"nm\":\"Cuill\u00E8re bois envelopp\u00E9s\",\"nme\":\"Birch wood spoon individually wrapped\",\"attr\":\"\",\"sku\":\"66755\",\"l2\":\"Vaisselle jetable\",\"sl\":\"cuillere-bois-enveloppes-table-accents-66755\",\"sn\":\"\",\"idxP\":0},{\"mq\":\"Hy stix\",\"nm\":\"Cuillere bois soda vrac\",\"nme\":\"Spoon soda bulk bamboo\",\"attr\":\"\",\"sku\":\"66761\",\"l2\":\"Vaisselle jetable\",\"sl\":\"cuillere-bois-soda-vrac-hy-stix-66761\",\"sn\":\"liqueur, breuvage, softdrink, soft drink\",\"idxP\":4},{\"mq\":\"Table Accents\",\"nm\":\"Cuill\u00E8re soupe bois r\u00E9gulier\",\"nme\":\"Birch wood soup spoon regular\",\"attr\":\"\",\"sku\":\"66759\",\"l2\":\"Vaisselle jetable\",\"sl\":\"cuillere-soupe-bois-regulier-table-accents-66759\",\"sn\":\"\",\"idxP\":8},{\"mq\":\"Table Accents\",\"nm\":\"Couvercle d\u00F4me PP blanc 8oz\",\"nme\":\"Lid PP dome white 8oz\",\"attr\":\"\",\"sku\":\"03105\",\"l2\":\"Vaisselle jetable\",\"sl\":\"couvercle-dome-pp-blanc-8oz-table-accents-03105\",\"sn\":\"\",\"idxP\":99},{\"mq\":\"Table Accents\",\"nm\":\"Verres caf\u00E9 isolants triple parois kraft 16oz\",\"nme\":\"Triple Wall Insulated Coffee cup 16oz\",\"attr\":\"\",\"sku\":\"03104\",\"l2\":\"Contenant jetable\",\"sl\":\"verres-cafe-isolants-triple-parois-kraft-16oz-table-accents-03104\",\"sn\":\"\",\"idxP\":61},{\"mq\":\"Table Accents\",\"nm\":\"Couteau bois r\u00E9gulier\",\"nme\":\"Birch wood knives regular\",\"attr\":\"\",\"sku\":\"66591\",\"l2\":\"Vaisselle jetable\",\"sl\":\"couteau-bois-regulier-table-accents-66591\",\"sn\":\"\",\"idxP\":0},{\"mq\":\"Table Accents\",\"nm\":\"Couvercle dome PP blanc pour 10\\\/12\\\/16oz\",\"nme\":\"Dome lid PP white for 10\\\/12\\\/16oz\",\"attr\":\"\",\"sku\":\"66772\",\"l2\":\"Vaisselle jetable\",\"sl\":\"couvercle-dome-pp-blanc-pour-101216oz-table-accents-66772\",\"sn\":\"\",\"idxP\":100},{\"mq\":\"Table Accents\",\"nm\":\"Verres caf\u00E9 isolants triple parois kraft 12oz\",\"nme\":\"Triple Wall Insulated Coffee cup 12oz\",\"attr\":\"\",\"sku\":\"03087\",\"l2\":\"Contenant jetable\",\"sl\":\"verres-cafe-isolants-triple-parois-kraft-12oz-table-accents-03087\",\"sn\":\"\",\"idxP\":100},{\"mq\":\"Dorfin\",\"nm\":\"Sac refermable 3\\\"x3\\\"\",\"nme\":\"Remontant Bag 3\\\"x3\\\"\",\"attr\":\"\",\"sku\":\"22935\",\"l2\":\"Sac \u00E0 emballage\",\"sl\":\"sac-refermable-3x3-dorfin-22935\",\"sn\":\"\",\"idxP\":5},{\"mq\":\"Mitchell lincoln\",\"nm\":\"Boite pizza ondul\u00E9 blanche 10\\\"\",\"nme\":\"Pizza Box 10\\\"\",\"attr\":\"\",\"sku\":\"03129\",\"l2\":\"Boite carton\",\"sl\":\"boite-pizza-ondule-blanche-10-mitchell-lincoln-03129\",\"sn\":\"\",\"idxP\":31},{\"mq\":\"Table Accents\",\"nm\":\"Couteau bois envelopp\u00E9s\",\"nme\":\"Birch wood knife individually wrapped\",\"attr\":\"\",\"sku\":\"66757\",\"l2\":\"Vaisselle jetable\",\"sl\":\"couteau-bois-enveloppes-table-accents-66757\",\"sn\":\"\",\"idxP\":0},{\"mq\":\"Table Accents\",\"nm\":\"Verres caf\u00E9 isolants triple parois kraft 8oz\",\"nme\":\"Triple Wall Insulated Coffee cup 8oz\",\"attr\":\"\",\"sku\":\"03090\",\"l2\":\"Contenant jetable\",\"sl\":\"verres-cafe-isolants-triple-parois-kraft-8oz-table-accents-03090\",\"sn\":\"\",\"idxP\":100},{\"mq\":\"Talthi\",\"nm\":\"Cont. aluminium rectangulaire 46oz combo 15\\\/15\",\"nme\":\"Cont. aluminum rectangular 46oz combo 15\\\/15\",\"attr\":\"\",\"sku\":\"03080\",\"l2\":\"Contenant jetable\",\"sl\":\"cont.-aluminium-rectangulaire-46oz-combo-1515-talthi-03080\",\"sn\":\"\",\"idxP\":37},{\"mq\":\"Table Accents\",\"nm\":\"Fourchette bois envelopp\u00E9s\",\"nme\":\"Birch wood fork individually wrapped\",\"attr\":\"\",\"sku\":\"66758\",\"l2\":\"Vaisselle jetable\",\"sl\":\"fourchette-bois-enveloppes-table-accents-66758\",\"sn\":\"\",\"idxP\":0},{\"mq\":\"Mitchell lincoln\",\"nm\":\"Boite pizza ondul\u00E9 blanche 16\\\"\",\"nme\":\"Pizza Box 16\\\"\",\"attr\":\"\",\"sku\":\"03135\",\"l2\":\"Boite carton\",\"sl\":\"boite-pizza-ondule-blanche-16-mitchell-lincoln-03135\",\"sn\":\"\",\"idxP\":19},{\"mq\":\"Dorfin\",\"nm\":\"Sac refermable 2\\\"x2\\\"\",\"nme\":\"Remontant Bag 2\\\"x2\\\"\",\"attr\":\"\",\"sku\":\"22820\",\"l2\":\"Sac \u00E0 emballage\",\"sl\":\"sac-refermable-2x2-dorfin-22820\",\"sn\":\"\",\"idxP\":5},{\"mq\":\"Alpha Polybag\",\"nm\":\"SAC 3LB (5X2X11.5)\",\"nme\":\"BAG 3LB (5X2X11.5)\",\"attr\":\"\",\"sku\":\"35283\",\"l2\":\"Sac \u00E0 emballage\",\"sl\":\"sac-3lb-5x2x11.5-alpha-polybag-35283\",\"sn\":\"\",\"idxP\":52},{\"mq\":\"Mitchell lincoln\",\"nm\":\"Boite pizza ondul\u00E9 blanche 12\\\"\",\"nme\":\"Pizza Box 12\\\"\",\"attr\":\"\",\"sku\":\"03133\",\"l2\":\"Boite carton\",\"sl\":\"boite-pizza-ondule-blanche-12-mitchell-lincoln-03133\",\"sn\":\"\",\"idxP\":45},{\"mq\":\"Mitchell lincoln\",\"nm\":\"Boite pizza ondul\u00E9 blanche 14\\\"\",\"nme\":\"Pizza Box 14\\\"\",\"attr\":\"\",\"sku\":\"03134\",\"l2\":\"Boite carton\",\"sl\":\"boite-pizza-ondule-blanche-14-mitchell-lincoln-03134\",\"sn\":\"\",\"idxP\":24},{\"mq\":\"Slypak\",\"nm\":\"Bol \u00E0 salade papier kraft 44oz\",\"nme\":\"Salad bowl kraft container 44oz\",\"attr\":\"\",\"sku\":\"02773\",\"l2\":\"Contenant jetable\",\"sl\":\"bol-a-salade-papier-kraft-44oz-slypak-02773\",\"sn\":\"\",\"idxP\":92},{\"mq\":\"Table Accents\",\"nm\":\"Verres caf\u00E9 isolants triple parois kraft 4oz\",\"nme\":\"Triple Wall Insulated Coffee cup 4oz\",\"attr\":\"\",\"sku\":\"03168\",\"l2\":\"Contenant jetable\",\"sl\":\"verres-cafe-isolants-triple-parois-kraft-4oz-table-accents-03168\",\"sn\":\"\",\"idxP\":100},{\"mq\":\"Dorfin\",\"nm\":\"Sac refermable 10\\\"x10\\\"\",\"nme\":\"Remontant Bag 10\\\"x10\\\"\",\"attr\":\"\",\"sku\":\"22825\",\"l2\":\"Sac \u00E0 emballage\",\"sl\":\"sac-refermable-10x10-dorfin-22825\",\"sn\":\"\",\"idxP\":3},{\"mq\":\"Table Accents\",\"nm\":\"Verres caf\u00E9 simple parois blanc 4oz\",\"nme\":\"Single wall white paper Coffee cup 4oz\",\"attr\":\"\",\"sku\":\"03169\",\"l2\":\"Contenant jetable\",\"sl\":\"verres-cafe-simple-parois-blanc-4oz-table-accents-03169\",\"sn\":\"\",\"idxP\":100},{\"mq\":\"Slypak\",\"nm\":\"Bol \u00E0 salade papier kraft 34oz\",\"nme\":\"Salad bowl kraft container 34oz\",\"attr\":\"\",\"sku\":\"02776\",\"l2\":\"Contenant jetable\",\"sl\":\"bol-a-salade-papier-kraft-34oz-slypak-02776\",\"sn\":\"\",\"idxP\":100},{\"mq\":\"J.E.T. napkins\",\"nm\":\"Serviette diner blanche 1 pli 15\\\"x15\\\"\",\"nme\":\"White dinner napkin 1 ply 15\\\"x15\\\"\",\"attr\":\"\",\"sku\":\"66904\",\"l2\":\"Serviettes et nappes jetables\",\"sl\":\"serviette-diner-blanche-1-pli-15x15-j.e.t.-napkins-66904\",\"sn\":\"\",\"idxP\":0},{\"mq\":\"Caf\u00E9 Express\",\"nm\":\"Contenant+couvercle rectangle m-ondes 42oz\",\"nme\":\"Rectangle container + lid microwable 42oz\",\"attr\":\"\",\"sku\":\"29771\",\"l2\":\"Contenant jetable\",\"sl\":\"contenantcouvercle-rectangle-m-ondes-42oz-cafe-express-29771\",\"sn\":\"\",\"idxP\":50},{\"mq\":\"Caf\u00E9 Express\",\"nm\":\"Contenant rond base clair avec couvercle 14oz\",\"nme\":\"Clear Round Container and Lid 14 oz\",\"attr\":\"\",\"sku\":\"03224\",\"l2\":\"Contenant jetable\",\"sl\":\"contenant-rond-base-clair-avec-couvercle-14oz-cafe-express-03224\",\"sn\":\"transparent\",\"idxP\":37},{\"mq\":\"Titan\",\"nm\":\"Couvercle d\u00F4me plastique rond plat service 16\\\"\",\"nme\":\"round plastic dome lid for 16\\\" serving platter\",\"attr\":\"\",\"sku\":\"03449\",\"l2\":\"Contenant jetable\",\"sl\":\"couvercle-dome-plastique-rond-plat-service-16-titan-03449\",\"sn\":\"transparent, plateau\",\"idxP\":71},{\"mq\":\"Slypak\",\"nm\":\"Bol \u00E0 salade papier kraft 24oz\",\"nme\":\"Salad bowl kraft container 24oz\",\"attr\":\"\",\"sku\":\"02775\",\"l2\":\"Contenant jetable\",\"sl\":\"bol-a-salade-papier-kraft-24oz-slypak-02775\",\"sn\":\"\",\"idxP\":100},{\"mq\":\"Slypak\",\"nm\":\"Bol papier kraft 12oz\",\"nme\":\"Kraft container 12oz\",\"attr\":\"\",\"sku\":\"02768\",\"l2\":\"Contenant jetable\",\"sl\":\"bol-papier-kraft-12oz-slypak-02768\",\"sn\":\"\",\"idxP\":100},{\"mq\":\"Slypak\",\"nm\":\"Bol papier kraft 8oz\",\"nme\":\"Kraft container 8oz\",\"attr\":\"\",\"sku\":\"02767\",\"l2\":\"Contenant jetable\",\"sl\":\"bol-papier-kraft-8oz-slypak-02767\",\"sn\":\"\",\"idxP\":100},{\"mq\":\"Slypak\",\"nm\":\"Bol papier kraft 16oz\",\"nme\":\"Kraft container 16oz\",\"attr\":\"\",\"sku\":\"02769\",\"l2\":\"Contenant jetable\",\"sl\":\"bol-papier-kraft-16oz-slypak-02769\",\"sn\":\"\",\"idxP\":100},{\"mq\":\"Talthi\",\"nm\":\"Grand plateau festif transparent 7.5\\\"x10\\\" combo\",\"nme\":\"Big transparent festive tray 7.5\\\"x10\\\" combo\",\"attr\":\"\",\"sku\":\"10932\",\"l2\":\"Contenant jetable\",\"sl\":\"grand-plateau-festif-transparent-7.5x10-combo-talthi-10932\",\"sn\":\"plateau\",\"idxP\":13},{\"mq\":\"J.E.T. napkins\",\"nm\":\"Serviette \u00E0 d\u00EEner blanche nulinen\",\"nme\":\"Nulinen White Dinner Napkin\",\"attr\":\"\",\"sku\":\"67127\",\"l2\":\"Serviettes et nappes jetables\",\"sl\":\"serviette-a-diner-blanche-nulinen-j.e.t.-napkins-67127\",\"sn\":\"\",\"idxP\":0},{\"mq\":\"WNA\",\"nm\":\"Plateau rond clair 18\\\"\",\"nme\":\"18\\\"clear round tray\",\"attr\":\"\",\"sku\":\"11050\",\"l2\":\"Contenant jetable\",\"sl\":\"plateau-rond-clair-18-wna-11050\",\"sn\":\"transparent, plateau\",\"idxP\":39},{\"mq\":\"Talthi\",\"nm\":\"Petit plateau festif transparent 3.75\\\"x10\\\" combo\",\"nme\":\"Small transparent festive tray 3.75\\\"x10\\\" combo\",\"attr\":\"\",\"sku\":\"10930\",\"l2\":\"Contenant jetable\",\"sl\":\"petit-plateau-festif-transparent-3.75x10-combo-talthi-10930\",\"sn\":\"plateau\",\"idxP\":19},{\"mq\":\"WNA\",\"nm\":\"Plateau rond clair 12\\\"\",\"nme\":\"12\\\" clear round tray\",\"attr\":\"\",\"sku\":\"11053\",\"l2\":\"Contenant jetable\",\"sl\":\"plateau-rond-clair-12-wna-11053\",\"sn\":\"transparent, plateau\",\"idxP\":38},{\"mq\":\"WNA\",\"nm\":\"Plateau rond clair 16\\\"\",\"nme\":\"16\\\" clear round tray\",\"attr\":\"\",\"sku\":\"11054\",\"l2\":\"Contenant jetable\",\"sl\":\"plateau-rond-clair-16-wna-11054\",\"sn\":\"transparent, plateau\",\"idxP\":40},{\"mq\":\"Talthi\",\"nm\":\"Plateau festif transparent 12\\\"x12\\\" combo\",\"nme\":\"12\\\"x12\\\" Combo Plastic Festive Tray\",\"attr\":\"\",\"sku\":\"11320\",\"l2\":\"Contenant jetable\",\"sl\":\"plateau-festif-transparent-12x12-combo-talthi-11320\",\"sn\":\"plateau\",\"idxP\":0},{\"mq\":\"Mi-Ma Pack\",\"nm\":\"Bo\u00EEte en papier Kraft \u00E0 emporter #2\",\"nme\":\"Take-out Kraft paper box #2\",\"attr\":\"\",\"sku\":\"67333\",\"l2\":\"Boite carton\",\"sl\":\"boite-en-papier-kraft-a-emporter-2-mi-ma-pack-67333\",\"sn\":\"\",\"idxP\":0},{\"mq\":\"Mi-Ma Pack\",\"nm\":\"Bo\u00EEte en papier Kraft \u00E0 emporter #1\",\"nme\":\"Take-out Kraft paper box #1\",\"attr\":\"\",\"sku\":\"67332\",\"l2\":\"Boite carton\",\"sl\":\"boite-en-papier-kraft-a-emporter-1-mi-ma-pack-67332\",\"sn\":\"\",\"idxP\":0},{\"mq\":\"Mi-Ma Pack\",\"nm\":\"Bo\u00EEte en papier Kraft \u00E0 emporter #8\",\"nme\":\"Take-out Kraft paper box #8\",\"attr\":\"\",\"sku\":\"67336\",\"l2\":\"Boite carton\",\"sl\":\"boite-en-papier-kraft-a-emporter-8-mi-ma-pack-67336\",\"sn\":\"\",\"idxP\":0},{\"mq\":\"Mi-Ma Pack\",\"nm\":\"Bo\u00EEte en papier Kraft \u00E0 emporter #3\",\"nme\":\"Take-out Kraft paper box #3\",\"attr\":\"\",\"sku\":\"67334\",\"l2\":\"Boite carton\",\"sl\":\"boite-en-papier-kraft-a-emporter-3-mi-ma-pack-67334\",\"sn\":\"\",\"idxP\":0},{\"mq\":\"Mi-Ma Pack\",\"nm\":\"Bo\u00EEte en papier Kraft \u00E0 emporter #4\",\"nme\":\"Take-out Kraft paper box #4\",\"attr\":\"\",\"sku\":\"67335\",\"l2\":\"Boite carton\",\"sl\":\"boite-en-papier-kraft-a-emporter-4-mi-ma-pack-67335\",\"sn\":\"\",\"idxP\":0},{\"mq\":\"Slypak\",\"nm\":\"Bol papier kraft 4oz\",\"nme\":\"Kraft container 4oz\",\"attr\":\"\",\"sku\":\"02766\",\"l2\":\"Contenant jetable\",\"sl\":\"bol-papier-kraft-4oz-slypak-02766\",\"sn\":\"\",\"idxP\":100},{\"mq\":\"Table Accents\",\"nm\":\"Assiette plastique MFPP 10.25\\\"\",\"nme\":\"MFPP plastic plate 10.25\\\"\",\"attr\":\"\",\"sku\":\"67361\",\"l2\":\"Vaisselle jetable\",\"sl\":\"assiette-plastique-mfpp-10.25-table-accents-67361\",\"sn\":\"\",\"idxP\":0},{\"mq\":\"Table Accents\",\"nm\":\"Assiette plastique MFPP 9\\\"\",\"nme\":\"MFPP plastic plate 9\\\"\",\"attr\":\"\",\"sku\":\"67360\",\"l2\":\"Vaisselle jetable\",\"sl\":\"assiette-plastique-mfpp-9-table-accents-67360\",\"sn\":\"\",\"idxP\":0},{\"mq\":\"Table Accents\",\"nm\":\"Assiette plastique MFPP 7\\\"\",\"nme\":\"MFPP plastic plate 7\\\"\",\"attr\":\"\",\"sku\":\"67359\",\"l2\":\"Vaisselle jetable\",\"sl\":\"assiette-plastique-mfpp-7-table-accents-67359\",\"sn\":\"\",\"idxP\":0},{\"mq\":\"J.E.T\",\"nm\":\"Serviette \u00E0 breuvage noire 2 plis\",\"nme\":\"2 Fold Black Beverage Napkin\",\"attr\":\"\",\"sku\":\"11509\",\"l2\":\"Serviettes et nappes jetables\",\"sl\":\"serviette-a-breuvage-noire-2-plis-j.e.t-11509\",\"sn\":\"liqueur\",\"idxP\":0},{\"mq\":\"Mi-Ma Pack\",\"nm\":\"Assiette \u00E0 tarte en aluminium peu profond 9\\\"\",\"nme\":\"9\\\" Shallow Aluminum Pie Plate\",\"attr\":\"\",\"sku\":\"11519\",\"l2\":\"Vaisselle jetable\",\"sl\":\"assiette-a-tarte-en-aluminium-peu-profond-9-mi-ma-pack-11519\",\"sn\":\"\",\"idxP\":17},{\"mq\":\"Caf\u00E9 Express\",\"nm\":\"Contenant rect. combo pour emporter base bl 16oz\",\"nme\":\"16oz White Base Rect. Combo Takeout Container\",\"attr\":\"\",\"sku\":\"11504\",\"l2\":\"Contenant jetable\",\"sl\":\"contenant-rect.-combo-pour-emporter-base-bl-16oz-cafe-express-11504\",\"sn\":\"\",\"idxP\":32},{\"mq\":\"Mi-Ma Pack\",\"nm\":\"Assiette \u00E0 tarte en aluminium 5\\\"\",\"nme\":\"5\\\" Aluminum Pie Plate\",\"attr\":\"\",\"sku\":\"11510\",\"l2\":\"Vaisselle jetable\",\"sl\":\"assiette-a-tarte-en-aluminium-5-mi-ma-pack-11510\",\"sn\":\"\",\"idxP\":0},{\"mq\":\"Caf\u00E9 Express\",\"nm\":\"Contenant rect. combo pour emporter base bl 27oz\",\"nme\":\"27oz White Base Rect. Combo Takeout Container\",\"attr\":\"\",\"sku\":\"11503\",\"l2\":\"Contenant jetable\",\"sl\":\"contenant-rect.-combo-pour-emporter-base-bl-27oz-cafe-express-11503\",\"sn\":\"\",\"idxP\":33},{\"mq\":\"Mi-Ma Pack\",\"nm\":\"Assiette \u00E0 tarte en aluminium 10\\\"\",\"nme\":\"10\\\" Aluminum Pie Plate\",\"attr\":\"\",\"sku\":\"11518\",\"l2\":\"Vaisselle jetable\",\"sl\":\"assiette-a-tarte-en-aluminium-10-mi-ma-pack-11518\",\"sn\":\"\",\"idxP\":0}], [{\"mq\":\"Mi-Ma Pack\",\"nm\":\"Assiette \u00E0 tarte en aluminium peu profond 8\\\"\",\"nme\":\"8\\\" Shallow Aluminum Pie Plate\",\"attr\":\"\",\"sku\":\"11523\",\"l2\":\"Vaisselle jetable\",\"sl\":\"assiette-a-tarte-en-aluminium-peu-profond-8-mi-ma-pack-11523\",\"sn\":\"\",\"idxP\":0},{\"mq\":\"Mi-Ma Pack\",\"nm\":\"Assiette \u00E0 tarte en aluminium profond 9\\\"\",\"nme\":\"9\\\" Deep Aluminum Pie Plate\",\"attr\":\"\",\"sku\":\"11521\",\"l2\":\"Vaisselle jetable\",\"sl\":\"assiette-a-tarte-en-aluminium-profond-9-mi-ma-pack-11521\",\"sn\":\"\",\"idxP\":9},{\"mq\":\"Talthi\",\"nm\":\"Contenant aluminium rectangulaire BBQ 1920ml\",\"nme\":\"1920ml BBQ Aluminum Rectangular Container\",\"attr\":\"\",\"sku\":\"11578\",\"l2\":\"Contenant jetable\",\"sl\":\"contenant-aluminium-rectangulaire-bbq-1920ml-talthi-11578\",\"sn\":\"\",\"idxP\":0},{\"mq\":\"Talthi\",\"nm\":\"Contenant aluminium rectangulaire BBQ 555ml\",\"nme\":\"555ml BBQ Aluminum Rectangular Container\",\"attr\":\"\",\"sku\":\"11582\",\"l2\":\"Contenant jetable\",\"sl\":\"contenant-aluminium-rectangulaire-bbq-555ml-talthi-11582\",\"sn\":\"\",\"idxP\":0},{\"mq\":\"Talthi\",\"nm\":\"Contenant aluminium rectangulaire BBQ 750ml\",\"nme\":\"750ml BBQ Aluminum Rectangular Container\",\"attr\":\"\",\"sku\":\"11576\",\"l2\":\"Contenant jetable\",\"sl\":\"contenant-aluminium-rectangulaire-bbq-750ml-talthi-11576\",\"sn\":\"\",\"idxP\":0},{\"mq\":\"Talthi\",\"nm\":\"Contenant aluminium rectangulaire BBQ 1245ml\",\"nme\":\"1245ml BBQ Aluminum Rectangular Container\",\"attr\":\"\",\"sku\":\"11577\",\"l2\":\"Contenant jetable\",\"sl\":\"contenant-aluminium-rectangulaire-bbq-1245ml-talthi-11577\",\"sn\":\"\",\"idxP\":0},{\"mq\":\"Table accent\",\"nm\":\"Assiette en papier blanc 6\\\" non plastifi\u00E9\",\"nme\":\"6\\\" Uncoated White Paper Plate\",\"attr\":\"\",\"sku\":\"67637\",\"l2\":\"Vaisselle jetable\",\"sl\":\"assiette-en-papier-blanc-6-non-plastifie-table-accent-67637\",\"sn\":\"\",\"idxP\":0},{\"mq\":\"Table accent\",\"nm\":\"Assiette en papier blanc 9\\\" non plastifi\u00E9\",\"nme\":\"9\\\" Uncoated White Paper Plate\",\"attr\":\"\",\"sku\":\"67638\",\"l2\":\"Vaisselle jetable\",\"sl\":\"assiette-en-papier-blanc-9-non-plastifie-table-accent-67638\",\"sn\":\"\",\"idxP\":65},{\"mq\":\"Talthi\",\"nm\":\"Contenant aluminium rectangulaire BBQ 2222ml\",\"nme\":\"2222ml BBQ Aluminum Rectangular Container\",\"attr\":\"\",\"sku\":\"11581\",\"l2\":\"Contenant jetable\",\"sl\":\"contenant-aluminium-rectangulaire-bbq-2222ml-talthi-11581\",\"sn\":\"\",\"idxP\":0},{\"mq\":\"RM \u00C9co\",\"nm\":\"Paille papier pour bubble tea ray\u00E9e 12mm 10\\\"\",\"nme\":\"12mm 10\\\" Stripped Bubble Tea Paper Straw\",\"attr\":\"\",\"sku\":\"67728\",\"l2\":\"Contenant jetable\",\"sl\":\"paille-papier-pour-bubble-tea-rayee-12mm-10-rm-eco-67728\",\"sn\":\"\",\"idxP\":0},{\"mq\":\"RM \u00C9co\",\"nm\":\"Paille papier pour slush ray\u00E9e env. ind. 10mm 10\\\"\",\"nme\":\"10mm 10\\\" Stripped Slush Wrapped Paper Straw\",\"attr\":\"\",\"sku\":\"67729\",\"l2\":\"Contenant jetable\",\"sl\":\"paille-papier-pour-slush-rayee-env.-ind.-10mm-10-rm-eco-67729\",\"sn\":\"\",\"idxP\":0},{\"mq\":\"RM \u00C9co\",\"nm\":\"Paille papier milkshake ray\u00E9e env.ind.8mm 7.75\\\"\",\"nme\":\"8mm 7.75\\\" Stripped Milkshake Paper Straw\",\"attr\":\"\",\"sku\":\"67730\",\"l2\":\"Contenant jetable\",\"sl\":\"paille-papier-milkshake-rayee-env.ind.8mm-7.75-rm-eco-67730\",\"sn\":\"\",\"idxP\":4},{\"mq\":\"RM \u00C9co\",\"nm\":\"Paille papier pour milkshake ray\u00E9e 8mm 7.75\\\"\",\"nme\":\"8mm 7.75\\\" Stripped Milkshake Paper Straw\",\"attr\":\"\",\"sku\":\"11639\",\"l2\":\"Contenant jetable\",\"sl\":\"paille-papier-pour-milkshake-rayee-8mm-7.75-rm-eco-11639\",\"sn\":\"\",\"idxP\":0},{\"mq\":\"RM \u00C9co\",\"nm\":\"Paille papier milkshake blanche 8mm 10\\\"\",\"nme\":\"8mm 10\\\" White Milkshake Paper Straw\",\"attr\":\"\",\"sku\":\"11641\",\"l2\":\"Contenant jetable\",\"sl\":\"paille-papier-milkshake-blanche-8mm-10-rm-eco-11641\",\"sn\":\"\",\"idxP\":0},{\"mq\":\"RM \u00C9co\",\"nm\":\"Paille papier flexible blanche 6mm 7.75\\\"\",\"nme\":\"6mm 7.75\\\" White Flexible Paper Straw\",\"attr\":\"\",\"sku\":\"67731\",\"l2\":\"Contenant jetable\",\"sl\":\"paille-papier-flexible-blanche-6mm-7.75-rm-eco-67731\",\"sn\":\"\",\"idxP\":0},{\"mq\":\"RM \u00C9co\",\"nm\":\"Paille papier pour slush ray\u00E9e 10mm 10\\\"\",\"nme\":\"10mm 10\\\" Stripped Slush Paper Straw\",\"attr\":\"\",\"sku\":\"11638\",\"l2\":\"Contenant jetable\",\"sl\":\"paille-papier-pour-slush-rayee-10mm-10-rm-eco-11638\",\"sn\":\"\",\"idxP\":0},{\"mq\":\"RM \u00C9co\",\"nm\":\"Paille papier pour bubble tea ray\u00E9e 12mm 10\\\"\",\"nme\":\"12mm 10\\\" Stripped Bubble Tea Paper Straw\",\"attr\":\"\",\"sku\":\"67727\",\"l2\":\"Contenant jetable\",\"sl\":\"paille-papier-pour-bubble-tea-rayee-12mm-10-rm-eco-67727\",\"sn\":\"\",\"idxP\":0},{\"mq\":\"RM \u00C9co\",\"nm\":\"Paille papier milkshake blanche env. 8mm 10\\\"\",\"nme\":\"8mm 10\\\" White Wrapped Milkshake Paper Straw\",\"attr\":\"\",\"sku\":\"11640\",\"l2\":\"Contenant jetable\",\"sl\":\"paille-papier-milkshake-blanche-env.-8mm-10-rm-eco-11640\",\"sn\":\"\",\"idxP\":0},{\"mq\":\"Table Accents\",\"nm\":\"Bols12oz PPRM\",\"nme\":\"12oz MFPP Bowls\",\"attr\":\"\",\"sku\":\"67788\",\"l2\":\"Contenant jetable\",\"sl\":\"bols12oz-pprm-table-accents-67788\",\"sn\":\"\",\"idxP\":0},{\"mq\":\"Mayrand CHEF\",\"nm\":\"Verres caf\u00E9 carton ondul\u00E9 a\\\/couvercles 8oz\",\"nme\":\"8oz Corrugated Cardboard Coffee Cup W\\\/Lids\",\"attr\":\"\",\"sku\":\"11736\",\"l2\":\"Contenant jetable\",\"sl\":\"verres-cafe-carton-ondule-acouvercles-8oz-mayrand-chef-11736\",\"sn\":\"\",\"idxP\":0},{\"mq\":\"Mayrand CHEF\",\"nm\":\"Verres caf\u00E9 carton ondul\u00E9 a\\\/couvercles 10oz\",\"nme\":\"10oz Corrugated Cardboard Coffee Cup W\\\/Lids\",\"attr\":\"\",\"sku\":\"11737\",\"l2\":\"Contenant jetable\",\"sl\":\"verres-cafe-carton-ondule-acouvercles-10oz-mayrand-chef-11737\",\"sn\":\"\",\"idxP\":0},{\"mq\":\"Mayrand CHEF\",\"nm\":\"Verres caf\u00E9 carton ondul\u00E9 a\\\/couvercles 12oz\",\"nme\":\"12oz Corrugated Cardboard Coffee Cup W\\\/Lids\",\"attr\":\"\",\"sku\":\"11739\",\"l2\":\"Contenant jetable\",\"sl\":\"verres-cafe-carton-ondule-acouvercles-12oz-mayrand-chef-11739\",\"sn\":\"\",\"idxP\":0},{\"mq\":\"Mayrand Chef\",\"nm\":\"Papier d'aluminium r\u00E9gulier 30cm x 200m\",\"nme\":\"30cm x 200m Regular Aluminum Foil\",\"attr\":\"\",\"sku\":\"67876\",\"l2\":\"Pellicule, papier alimentaire\",\"sl\":\"papier-daluminium-flexible-30cm-x-200m-mayrand-chef-67876\",\"sn\":\"\",\"idxP\":0},{\"mq\":\"Titan\",\"nm\":\"Papier damier vert 12x12\",\"nme\":\"Green Checkered Paper 12x12\",\"attr\":\"\",\"sku\":\"67884\",\"l2\":\"Pellicule, papier alimentaire\",\"sl\":\"papier-damier-vert-12x12-titan-67884\",\"sn\":\"\",\"idxP\":0},{\"mq\":\"Titan\",\"nm\":\"Papier damier rouge 12x12\",\"nme\":\"Red Checkered Paper 12x12\",\"attr\":\"\",\"sku\":\"67883\",\"l2\":\"Pellicule, papier alimentaire\",\"sl\":\"papier-damier-rouge-12x12-titan-67883\",\"sn\":\"\",\"idxP\":0},{\"mq\":\"Mayrand Chef\",\"nm\":\"Papier d'aluminium robuste 45cm x 100m\",\"nme\":\"45cm x 100m Heavy Duty Aluminum Foil\",\"attr\":\"\",\"sku\":\"67879\",\"l2\":\"Pellicule, papier alimentaire\",\"sl\":\"papier-daluminium-robuste-45cm-x-100m-mayrand-chef-67879\",\"sn\":\"\",\"idxP\":0},{\"mq\":\"Mayrand Chef\",\"nm\":\"Papier d'aluminium r\u00E9gulier 45cm x 100m\",\"nme\":\"45cm x 100m Regular Aluminum Foil\",\"attr\":\"\",\"sku\":\"67877\",\"l2\":\"Pellicule, papier alimentaire\",\"sl\":\"papier-daluminium-flexible-45cm-x-100m-mayrand-chef-67877\",\"sn\":\"\",\"idxP\":0},{\"mq\":\"Mayrand Chef\",\"nm\":\"Pellicule de plastique 11\\\" x 2500'\",\"nme\":\"11\\\" x 2500' Plastic Food Wrap\",\"attr\":\"\",\"sku\":\"67878\",\"l2\":\"Pellicule, papier alimentaire\",\"sl\":\"pellicule-de-plastique-11-x-2500-mayrand-chef-67878\",\"sn\":\"\",\"idxP\":0},{\"mq\":\"Mayrand Chef\",\"nm\":\"Papier d'aluminium robuste 30cm x 200m\",\"nme\":\"30cm x 200m Heavy Duty Aluminum Foil\",\"attr\":\"\",\"sku\":\"67881\",\"l2\":\"Pellicule, papier alimentaire\",\"sl\":\"papier-daluminium-robuste-30cm-x-200m-mayrand-chef-67881\",\"sn\":\"\",\"idxP\":0},{\"mq\":\"Mayrand Chef\",\"nm\":\"Pellicule de plastique 17\\\" x 2500'\",\"nme\":\"17\\\" x 2500' Plastic Food Wrap\",\"attr\":\"\",\"sku\":\"67880\",\"l2\":\"Pellicule, papier alimentaire\",\"sl\":\"pellicule-de-plastique-17-x-2500-mayrand-chef-67880\",\"sn\":\"\",\"idxP\":0},{\"mq\":\"Titan\",\"nm\":\"Papier damier noir 12x12\",\"nme\":\"Black Checkered Paper 12x12\",\"attr\":\"\",\"sku\":\"67882\",\"l2\":\"Pellicule, papier alimentaire\",\"sl\":\"papier-damier-noir-12x12-titan-67882\",\"sn\":\"\",\"idxP\":0},{\"mq\":\"Mi-Ma Pack\",\"nm\":\"Contenant portion pliss\u00E9 0.75 oz\",\"nme\":\"0.75 oz Pleated Paper Container\",\"attr\":\"\",\"sku\":\"70266\",\"l2\":\"Contenant jetable\",\"sl\":\"contenant-portion-plisse-0.75-oz-mi-ma-pack-70266\",\"sn\":\"\",\"idxP\":17},{\"mq\":\"Mi-Ma Pack\",\"nm\":\"Contenant portion pliss\u00E9 1.25 oz\",\"nme\":\"1.25 oz Pleated Paper Container\",\"attr\":\"\",\"sku\":\"12012\",\"l2\":\"Contenant jetable\",\"sl\":\"contenant-portion-plisse-1.25-oz-mi-ma-pack-12012\",\"sn\":\"\",\"idxP\":0},{\"mq\":\"Mi-Ma Pack\",\"nm\":\"Contenant portion pliss\u00E9 3.25 oz\",\"nme\":\"3.25 oz Pleated Paper Container\",\"attr\":\"\",\"sku\":\"70269\",\"l2\":\"Contenant jetable\",\"sl\":\"contenant-portion-plisse-3.25-oz-mi-ma-pack-70269\",\"sn\":\"\",\"idxP\":0},{\"mq\":\"Mi-Ma Pack\",\"nm\":\"Contenant portion pliss\u00E9 1 oz\",\"nme\":\"1 oz Pleated Paper Container\",\"attr\":\"\",\"sku\":\"70267\",\"l2\":\"Contenant jetable\",\"sl\":\"contenant-portion-plisse-1-oz-mi-ma-pack-70267\",\"sn\":\"\",\"idxP\":0},{\"mq\":\"Mi-Ma Pack\",\"nm\":\"Manchon carton kraft 90mm\",\"nme\":\"90mm Kraft Carboard Sleeve\",\"attr\":\"\",\"sku\":\"12072\",\"l2\":\"Vaisselle jetable\",\"sl\":\"manchon-carton-kraft-90mm-mi-ma-pack-12072\",\"sn\":\"\",\"idxP\":0},{\"mq\":\"Titan\",\"nm\":\"Sacs \u00E0 fermeture vari\u00E9s\",\"nme\":\"Assorted Zipper Bags\",\"attr\":\"\",\"sku\":\"12037\",\"l2\":\"Sac \u00E0 emballage\",\"sl\":\"sacs-a-fermeture-varies-conglom-12037\",\"sn\":\"\",\"idxP\":93},{\"mq\":\"RM \u00C9co\",\"nm\":\"Pailles en papier cocktail noire 6mm 5.9\\\"\",\"nme\":\"5.9\\\" 6mm Paper Cocktail Straws\",\"attr\":\"\",\"sku\":\"12325\",\"l2\":\"Contenant jetable\",\"sl\":\"pailles-en-papier-cocktail-noire-6mm-5.9-rm-eco-12325\",\"sn\":\"\",\"idxP\":0},{\"mq\":\"Mi-Ma Pack\",\"nm\":\"Contenant aluminium avec couvercle dome PET large\",\"nme\":\"Large Aluminum Container with PET Dome Lid\",\"attr\":\"\",\"sku\":\"12346\",\"l2\":\"Contenant jetable\",\"sl\":\"contenant-aluminium-avec-couvercle-dome-pet-large-mi-ma-pack-12346\",\"sn\":\"\",\"idxP\":0},{\"mq\":\"Mi-Ma Pack\",\"nm\":\"Contenant aluminium avec couvercle dome PET moyen\",\"nme\":\"Medium Aluminum Container with PET Dome Lid\",\"attr\":\"\",\"sku\":\"12347\",\"l2\":\"Contenant jetable\",\"sl\":\"12341-12342-12343-12344-12346-12347-mi-ma-pack-12347\",\"sn\":\"\",\"idxP\":0},{\"mq\":\"Mi-Ma Pack\",\"nm\":\"Contenant aluminium avec couvercle dome PET petit\",\"nme\":\"Small Aluminum Container with PET Dome Lid\",\"attr\":\"\",\"sku\":\"12344\",\"l2\":\"Contenant jetable\",\"sl\":\"contenant-aluminium-avec-couvercle-dome-pet-petit-mi-ma-pack-12344\",\"sn\":\"\",\"idxP\":0},{\"mq\":\"Slypak\",\"nm\":\"Couvercle plastique 8oz\",\"nme\":\"Plastic lid 8oz\",\"attr\":\"\",\"sku\":\"02761\",\"l2\":\"Contenant jetable\",\"sl\":\"couvercle-plastique-8oz-02761\",\"sn\":\"\",\"idxP\":33},{\"mq\":\"Slypak\",\"nm\":\"Couvercle plastique 12-16oz\",\"nme\":\"Plastic lid 12-16oz\",\"attr\":\"\",\"sku\":\"02762\",\"l2\":\"Contenant jetable\",\"sl\":\"couvercle-plastique-12-16oz-02762\",\"sn\":\"\",\"idxP\":33},{\"mq\":\"Slypak\",\"nm\":\"Couvercle plastique 4oz\",\"nme\":\"Plastic lid 4oz\",\"attr\":\"\",\"sku\":\"02763\",\"l2\":\"Contenant jetable\",\"sl\":\"couvercle-plastique-4oz-02763\",\"sn\":\"\",\"idxP\":33},{\"mq\":\"Caf\u00E9 Express\",\"nm\":\"Contenant couvercle rectangle transparent 16oz\",\"nme\":\"Clear Rectangular Container and Lid 16oz\",\"attr\":\"\",\"sku\":\"03540\",\"l2\":\"Contenant jetable\",\"sl\":\"contenant-couvercle-rectangle-transparent-16oz-03540\",\"sn\":\"transparent\",\"idxP\":33},{\"mq\":\"J.E.T. napkins\",\"nm\":\"Serviette \u00E0 d\u00EEner blanche 2 plis\",\"nme\":\"2 ply White Dinner Napkin\",\"attr\":\"\",\"sku\":\"67128\",\"l2\":\"Serviettes et nappes jetables\",\"sl\":\"serviette-a-diner-blanche-2-plis-67128\",\"sn\":\"\",\"idxP\":33},{\"mq\":\"Mi-Ma Pack\",\"nm\":\"Cabaret carton 4 verres\",\"nme\":\"4 Cup Cardboard Holder\",\"attr\":\"\",\"sku\":\"12587\",\"l2\":\"Contenant jetable\",\"sl\":\"cabaret-carton-4-verres-12587\",\"sn\":\"plateau, tray\",\"idxP\":8},{\"mq\":\"Mi-Ma Pack\",\"nm\":\"Verre conique papier blanc 118ml\",\"nme\":\"118ml White Cone Paper Cup\",\"attr\":\"\",\"sku\":\"12588\",\"l2\":\"Vaisselle jetable\",\"sl\":\"verre-conique-papier-blanc-118ml-12588\",\"sn\":\"\",\"idxP\":33},{\"mq\":\"J.E.T\",\"nm\":\"Serviette d\u00EEner 2 plis noire\",\"nme\":\"2 Ply Black Napkin\",\"attr\":\"\",\"sku\":\"12665\",\"l2\":\"Serviettes et nappes jetables\",\"sl\":\"serviette-diner-2-plis-noire-12665\",\"sn\":\"\",\"idxP\":0},{\"mq\":\"Titan\",\"nm\":\"Contenant ultra demi profond aluminium\",\"nme\":\"Ultra Half Deep Aluminum Container\",\"attr\":\"\",\"sku\":\"12673\",\"l2\":\"Contenant jetable\",\"sl\":\"contenant-ultra-demi-profond-aluminium-12673\",\"sn\":\"\",\"idxP\":0},{\"mq\":\"MPC\",\"nm\":\"Sac BBQ aluminium 6x3.5x12\\\"\",\"nme\":\"6x3.5x12\\\" BBQ Aluminum Bag\",\"attr\":\"\",\"sku\":\"68217\",\"l2\":\"Sac \u00E0 emballage\",\"sl\":\"sac-bbq-aluminium-6x35x12-68217\",\"sn\":\"\",\"idxP\":3},{\"mq\":\"Titan\",\"nm\":\"Contenant aluminium mi-profond ultra\",\"nme\":\"Ultra Half-Depth Aluminum Container\",\"attr\":\"\",\"sku\":\"12781\",\"l2\":\"Contenant jetable\",\"sl\":\"contenant-aluminium-mi-profond-ultra-12781\",\"sn\":\"\",\"idxP\":0},{\"mq\":\"Party Couture\",\"nm\":\"Fourchette mini claire\",\"nme\":\"Clear Mini Fork\",\"attr\":\"\",\"sku\":\"12886\",\"l2\":\"Vaisselle jetable\",\"sl\":\"fourchette-mini-claire-12886\",\"sn\":\"transparent\",\"idxP\":0},{\"mq\":\"Party Couture\",\"nm\":\"Verre shooter clair 1oz\",\"nme\":\"1oz Clear Shooter Cup\",\"attr\":\"\",\"sku\":\"12887\",\"l2\":\"Vaisselle jetable\",\"sl\":\"verre-shooter-clair-1oz-12887\",\"sn\":\"transparent\",\"idxP\":0},{\"mq\":\"Party Couture\",\"nm\":\"Verre plastique clair\",\"nme\":\"Clear Plastic Cup\",\"attr\":\"\",\"sku\":\"12893\",\"l2\":\"Vaisselle jetable\",\"sl\":\"verre-plastique-clair-12893\",\"sn\":\"transparent\",\"idxP\":0},{\"mq\":\"Party Couture\",\"nm\":\"Assiette dessert rectangle blanche 7.5\\\"\",\"nme\":\"7.5\\\" White Rectangle Dessert Plate\",\"attr\":\"\",\"sku\":\"12894\",\"l2\":\"Vaisselle jetable\",\"sl\":\"assiette-dessert-rectangle-blanche-75-12894\",\"sn\":\"\",\"idxP\":0},{\"mq\":\"Party Couture\",\"nm\":\"Assiette dessert rectangle blanche 12.75\\\"\",\"nme\":\"12.75\\\" White Rectangle Dessert Plate\",\"attr\":\"\",\"sku\":\"12895\",\"l2\":\"Vaisselle jetable\",\"sl\":\"assiette-dessert-rectangle-blanche-1275-12895\",\"sn\":\"\",\"idxP\":0},{\"mq\":\"Party Couture\",\"nm\":\"Assiette carr\u00E9e blanche 6.5\\\"\",\"nme\":\"6.5\\\" White Square Plate\",\"attr\":\"\",\"sku\":\"12901\",\"l2\":\"Vaisselle jetable\",\"sl\":\"assiette-carree-blanche-65-12901\",\"sn\":\"\",\"idxP\":0},{\"mq\":\"Party Couture\",\"nm\":\"Assiette claire bande or 13\\\"\",\"nme\":\"13\\\" Gold Rim Clear Plate\",\"attr\":\"\",\"sku\":\"12904\",\"l2\":\"Vaisselle jetable\",\"sl\":\"assiette-claire-bande-or-13-12904\",\"sn\":\"transparent\",\"idxP\":0},{\"mq\":\"Party Couture\",\"nm\":\"Assiette carr\u00E9e blanche 8\\\"\",\"nme\":\"8\\\" White Square Plate\",\"attr\":\"\",\"sku\":\"12905\",\"l2\":\"Vaisselle jetable\",\"sl\":\"assiette-carree-blanche-8-12905\",\"sn\":\"\",\"idxP\":0},{\"mq\":\"Party Couture\",\"nm\":\"Assiette carr\u00E9e blanche 10.25\\\"\",\"nme\":\"10.25\\\" White Square Plate\",\"attr\":\"\",\"sku\":\"12906\",\"l2\":\"Vaisselle jetable\",\"sl\":\"assiette-carree-blanche-1025-12906\",\"sn\":\"\",\"idxP\":0},{\"mq\":\"Party Couture\",\"nm\":\"Verre carr\u00E9 12oz\",\"nme\":\"12oz Square Cup\",\"attr\":\"\",\"sku\":\"12907\",\"l2\":\"Vaisselle jetable\",\"sl\":\"verre-carre-12oz-12907\",\"sn\":\"\",\"idxP\":0},{\"mq\":\"Party Couture\",\"nm\":\"Bol clair bande or 16oz\",\"nme\":\"16oz Gold Trim Clear Bowl\",\"attr\":\"\",\"sku\":\"12909\",\"l2\":\"Vaisselle jetable\",\"sl\":\"bol-clair-bande-or-16oz-12909\",\"sn\":\"transparent\",\"idxP\":0},{\"mq\":\"Party Couture\",\"nm\":\"Cuill\u00E8re \u00E0 th\u00E9 grande claire\",\"nme\":\"Large Clear Teaspoon\",\"attr\":\"\",\"sku\":\"12914\",\"l2\":\"Vaisselle jetable\",\"sl\":\"cuillere-a-the-grande-claire-12914\",\"sn\":\"transparent\",\"idxP\":0},{\"mq\":\"Party Couture\",\"nm\":\"Fourchette grande claire\",\"nme\":\"Large Clear Fork\",\"attr\":\"\",\"sku\":\"12915\",\"l2\":\"Vaisselle jetable\",\"sl\":\"fourchette-grande-claire-12915\",\"sn\":\"transparent\",\"idxP\":0},{\"mq\":\"Party Couture\",\"nm\":\"Cuill\u00E8re \u00E0 soupe grande claire\",\"nme\":\"Large Clear Tablespoon\",\"attr\":\"\",\"sku\":\"12918\",\"l2\":\"Vaisselle jetable\",\"sl\":\"cuillere-a-soupe-grande-claire-12918\",\"sn\":\"transparent\",\"idxP\":0},{\"mq\":\"Party Couture\",\"nm\":\"Couteau grand clair\",\"nme\":\"Large Clear Knife\",\"attr\":\"\",\"sku\":\"12921\",\"l2\":\"Vaisselle jetable\",\"sl\":\"couteau-grand-clair-12921\",\"sn\":\"transparent\",\"idxP\":0},{\"mq\":\"Stellar\",\"nm\":\"Couteau plastique argent\",\"nme\":\"Plastic Silver Knife\",\"attr\":\"\",\"sku\":\"12929\",\"l2\":\"Vaisselle jetable\",\"sl\":\"couteau-plastique-argent-12929\",\"sn\":\"\",\"idxP\":0},{\"mq\":\"Stellar\",\"nm\":\"Cuill\u00E8re \u00E0 soupe plastique argent\",\"nme\":\"Plastic Silver Tablespoon\",\"attr\":\"\",\"sku\":\"12930\",\"l2\":\"Vaisselle jetable\",\"sl\":\"cuillere-a-soupe-plastique-argent-12930\",\"sn\":\"\",\"idxP\":0},{\"mq\":\"Stellar\",\"nm\":\"Fourchette plastique argent\",\"nme\":\"Plastic Silver Fork\",\"attr\":\"\",\"sku\":\"12932\",\"l2\":\"Vaisselle jetable\",\"sl\":\"fourchette-plastique-argent-12932\",\"sn\":\"\",\"idxP\":0},{\"mq\":\"Stellar\",\"nm\":\"Cuill\u00E8re \u00E0 th\u00E9 plastique argent\",\"nme\":\"Plastic Silver Teaspoon\",\"attr\":\"\",\"sku\":\"12933\",\"l2\":\"Vaisselle jetable\",\"sl\":\"cuillere-a-the-plastique-argent-12933\",\"sn\":\"\",\"idxP\":0},{\"mq\":\"Party Couture\",\"nm\":\"Plateau service clair rectangle 12x18\\\"\",\"nme\":\"12x18\\\" Clear Rectangle Service Tray\",\"attr\":\"\",\"sku\":\"12974\",\"l2\":\"Contenant jetable\",\"sl\":\"plateau-service-clair-rectangle-12x18-12974\",\"sn\":\"transparent, plateau\",\"idxP\":0},{\"mq\":\"Party Couture\",\"nm\":\"Plateau service clair ovale 14x25\\\"\",\"nme\":\"14x25\\\" Clear Oval Service Tray\",\"attr\":\"\",\"sku\":\"12975\",\"l2\":\"Contenant jetable\",\"sl\":\"plateau-service-clair-ovale-14x25-12975\",\"sn\":\"transparent, plateau\",\"idxP\":0},{\"mq\":\"Party Couture\",\"nm\":\"Plateau service clair ovale 11x16\\\"\",\"nme\":\"11x16\\\" Clear Oval Service Tray\",\"attr\":\"\",\"sku\":\"12976\",\"l2\":\"Contenant jetable\",\"sl\":\"plateau-service-clair-ovale-11x16-12976\",\"sn\":\"transparent, plateau\",\"idxP\":0},{\"mq\":\"Party Couture\",\"nm\":\"Plateau service clair rectangle 4 compartiments\",\"nme\":\"4 Compartments Clear Rectangle Service Tray\",\"attr\":\"\",\"sku\":\"12977\",\"l2\":\"Contenant jetable\",\"sl\":\"plateau-service-clair-rectangle-4-compartiments-12977\",\"sn\":\"transparent, plateau\",\"idxP\":0},{\"mq\":\"Party Couture\",\"nm\":\"Plateau service clair rectangle 9x13\\\"\",\"nme\":\"9x13\\\" Clear Rectangle Service Tray\",\"attr\":\"\",\"sku\":\"12978\",\"l2\":\"Contenant jetable\",\"sl\":\"plateau-service-clair-rectangle-9x13-12978\",\"sn\":\"transparent, plateau\",\"idxP\":0},{\"mq\":\"Party Couture\",\"nm\":\"Plateau service clair rectangle 11x16\\\"\",\"nme\":\"11x16\\\" Clear Rectangle Service Tray\",\"attr\":\"\",\"sku\":\"12979\",\"l2\":\"Contenant jetable\",\"sl\":\"plateau-service-clair-rectangle-11x16-12979\",\"sn\":\"transparent, plateau\",\"idxP\":0},{\"mq\":\"Party Couture\",\"nm\":\"Plateau service blanc rectangle 9x13\\\"\",\"nme\":\"9x13\\\" White Rectangle Service Tray\",\"attr\":\"\",\"sku\":\"12980\",\"l2\":\"Contenant jetable\",\"sl\":\"plateau-service-blanc-rectangle-9x13-12980\",\"sn\":\"plateau\",\"idxP\":0},{\"mq\":\"Party Couture\",\"nm\":\"Plateau service blanc rectangle 11x16\\\"\",\"nme\":\"11x16\\\" White Rectangle Service Tray\",\"attr\":\"\",\"sku\":\"12981\",\"l2\":\"Contenant jetable\",\"sl\":\"plateau-service-blanc-rectangle-11x16-12981\",\"sn\":\"plateau\",\"idxP\":0},{\"mq\":\"Party Couture\",\"nm\":\"Assiette blanche carr\u00E9e 9.5\\\"\",\"nme\":\"9.2\\\" White Square Plate\",\"attr\":\"\",\"sku\":\"12983\",\"l2\":\"Vaisselle jetable\",\"sl\":\"assiette-blanche-carree-95-12983\",\"sn\":\"\",\"idxP\":0},{\"mq\":\"Party Couture\",\"nm\":\"Bol dessert clair fleur\",\"nme\":\"Flower Clear Dessert Bowl\",\"attr\":\"\",\"sku\":\"12984\",\"l2\":\"Vaisselle jetable\",\"sl\":\"bol-dessert-clair-fleur-12984\",\"sn\":\"transparent\",\"idxP\":0},{\"mq\":\"Party Couture\",\"nm\":\"Bol avec couvercle clair moyen carr\u00E9\",\"nme\":\"Square Clear Medium Bowl with Lid\",\"attr\":\"\",\"sku\":\"12985\",\"l2\":\"Vaisselle jetable\",\"sl\":\"bol-avec-couvercle-clair-moyen-carre-12985\",\"sn\":\"transparent\",\"idxP\":0},{\"mq\":\"Party Couture\",\"nm\":\"Fourchette service claire\",\"nme\":\"Clear Service Fork\",\"attr\":\"\",\"sku\":\"12986\",\"l2\":\"Vaisselle jetable\",\"sl\":\"fourchette-service-claire-12986\",\"sn\":\"transparent\",\"idxP\":0},{\"mq\":\"Party Couture\",\"nm\":\"Verre dessert carr\u00E9 inclin\u00E9\",\"nme\":\"Tilted Square Dessert Cup\",\"attr\":\"\",\"sku\":\"12989\",\"l2\":\"Vaisselle jetable\",\"sl\":\"verre-dessert-carre-incline-12989\",\"sn\":\"\",\"idxP\":0},{\"mq\":\"Party Couture\",\"nm\":\"Verrine carr\u00E9e avec couvercle 2.3oz\",\"nme\":\"2.3oz Square Mousse Cup with Lid\",\"attr\":\"\",\"sku\":\"12991\",\"l2\":\"Vaisselle jetable\",\"sl\":\"verrine-carree-avec-couvercle-23oz-12991\",\"sn\":\"verrines\",\"idxP\":0},{\"mq\":\"Party Couture\",\"nm\":\"Verre vin clair bande or 12oz\",\"nme\":\"12oz Gold Rim Clear Wine Cup\",\"attr\":\"\",\"sku\":\"12993\",\"l2\":\"Vaisselle jetable\",\"sl\":\"verre-vin-clair-bande-or-12oz-12993\",\"sn\":\"transparent\",\"idxP\":0},{\"mq\":\"Party Couture\",\"nm\":\"Coupe mousse carr\u00E9e claire\",\"nme\":\"Clear Square Mouuse Cup\",\"attr\":\"\",\"sku\":\"12995\",\"l2\":\"Vaisselle jetable\",\"sl\":\"coupe-mousse-carree-claire-12995\",\"sn\":\"transparent\",\"idxP\":0},{\"mq\":\"Party Couture\",\"nm\":\"Coupe mousse torsade claire\",\"nme\":\"Clear Twisted Mouuse Cup\",\"attr\":\"\",\"sku\":\"12996\",\"l2\":\"Vaisselle jetable\",\"sl\":\"coupe-mousse-torsade-claire-12996\",\"sn\":\"transparent\",\"idxP\":0},{\"mq\":\"Chef Elite\",\"nm\":\"Papier cir\u00E9 rouleau 12\\\"x300'\",\"nme\":\"12\\\"x300' Wax Paper Roll\",\"attr\":\"\",\"sku\":\"13008\",\"l2\":\"Pellicule, papier alimentaire\",\"sl\":\"papier-cire-rouleau-12x300-13008\",\"sn\":\"\",\"idxP\":0},{\"mq\":\"Chef Elite\",\"nm\":\"Papier parchemin rouleau 15\\\"x164'\",\"nme\":\"15\\\"x164' Parchment Roll\",\"attr\":\"\",\"sku\":\"13009\",\"l2\":\"Pellicule, papier alimentaire\",\"sl\":\"papier-parchemin-rouleau-15x164-13009\",\"sn\":\"\",\"idxP\":0},{\"mq\":\"Mi-Ma Pack\",\"nm\":\"Assiette \u00E0 tarte aluminium 6\\\"\",\"nme\":\"6\\\" Aluminum Pie Plate\",\"attr\":\"\",\"sku\":\"13010\",\"l2\":\"Vaisselle jetable\",\"sl\":\"assiette-a-tarte-aluminium-6-13010\",\"sn\":\"\",\"idxP\":0},{\"mq\":\"Mi-Ma Pack\",\"nm\":\"Sac livraison papier kraft 10x6x16\\\"\",\"nme\":\"10x6x16\\\" Delivery Kraft Paper Bag\",\"attr\":\"\",\"sku\":\"13011\",\"l2\":\"Sac \u00E0 emballage\",\"sl\":\"sac-livraison-papier-kraft-10x6x16-13011\",\"sn\":\"\",\"idxP\":0},{\"mq\":\"Talthi\",\"nm\":\"Plateau festif combo 16x16\\\"\",\"nme\":\"16x16\\\" Combo Party Tray\",\"attr\":\"\",\"sku\":\"13137\",\"l2\":\"Contenant jetable\",\"sl\":\"plateau-festif-combo-16x16-13137\",\"sn\":\"plateau\",\"idxP\":0},{\"mq\":\"Slypak\",\"nm\":\"Bo\u00EEte \u00E0 pizza bistro brune 8\\\"x8\\\"\",\"nme\":\"8\\\"x8\\\" Bistro Brown Pizza Box\",\"attr\":\"\",\"sku\":\"13212\",\"l2\":\"Boite carton\",\"sl\":\"boite-a-pizza-bistro-brune-8x8-13212\",\"sn\":\"\",\"idxP\":0},{\"mq\":\"Slypak\",\"nm\":\"Bo\u00EEte \u00E0 pizza bistro brune 10\\\"x10\\\"\",\"nme\":\"10\\\"x10\\\" Bistro Brown Pizza Box\",\"attr\":\"\",\"sku\":\"13213\",\"l2\":\"Boite carton\",\"sl\":\"boite-a-pizza-bistro-brune-10x10-13213\",\"sn\":\"\",\"idxP\":0},{\"mq\":\"Slypak\",\"nm\":\"Bo\u00EEte \u00E0 pizza bistro brune 12\\\"x12\\\"\",\"nme\":\"12\\\"x12\\\" Bistro Brown Pizza Box\",\"attr\":\"\",\"sku\":\"13214\",\"l2\":\"Boite carton\",\"sl\":\"boite-a-pizza-bistro-brune-12x12-13214\",\"sn\":\"\",\"idxP\":0},{\"mq\":\"Slypak\",\"nm\":\"Bo\u00EEte \u00E0 pizza bistro brune 14\\\"x14\\\"\",\"nme\":\"14\\\"x14\\\" Bistro Brown Pizza Box\",\"attr\":\"\",\"sku\":\"13215\",\"l2\":\"Boite carton\",\"sl\":\"boite-a-pizza-bistro-brune-14x14-13215\",\"sn\":\"\",\"idxP\":0},{\"mq\":\"Slypak\",\"nm\":\"Bo\u00EEte \u00E0 pizza bistro brune 18\\\"x18\\\"\",\"nme\":\"18\\\"x18\\\" Bistro Brown Pizza Box\",\"attr\":\"\",\"sku\":\"13218\",\"l2\":\"Boite carton\",\"sl\":\"boite-a-pizza-bistro-brune-18x18-13218\",\"sn\":\"\",\"idxP\":0},{\"mq\":\"Slypak\",\"nm\":\"Bo\u00EEte \u00E0 pizza blanche 10\\\"x10\\\"\",\"nme\":\"10\\\"x10\\\" White Pizza Box\",\"attr\":\"\",\"sku\":\"13220\",\"l2\":\"Boite carton\",\"sl\":\"boite-a-pizza-blanche-10x10-13220\",\"sn\":\"\",\"idxP\":0},{\"mq\":\"Slypak\",\"nm\":\"Bo\u00EEte \u00E0 pizza blanche 12\\\"x12\\\"\",\"nme\":\"12\\\"x12\\\" White Pizza Box\",\"attr\":\"\",\"sku\":\"13221\",\"l2\":\"Boite carton\",\"sl\":\"boite-a-pizza-blanche-12x12-13221\",\"sn\":\"\",\"idxP\":0},{\"mq\":\"Slypak\",\"nm\":\"Bo\u00EEte \u00E0 pizza blanche 14\\\"x14\\\"\",\"nme\":\"14\\\"x14\\\" White Pizza Box\",\"attr\":\"\",\"sku\":\"13222\",\"l2\":\"Boite carton\",\"sl\":\"boite-a-pizza-blanche-14x14-13222\",\"sn\":\"\",\"idxP\":0},{\"mq\":\"Slypak\",\"nm\":\"Bo\u00EEte \u00E0 pizza blanche 16\\\"x16\\\"\",\"nme\":\"16\\\"x16\\\" White Pizza Box\",\"attr\":\"\",\"sku\":\"13224\",\"l2\":\"Boite carton\",\"sl\":\"boite-a-pizza-blanche-16x16-13224\",\"sn\":\"\",\"idxP\":0},{\"mq\":\"Slypak\",\"nm\":\"Bo\u00EEte \u00E0 pizza blanche 18\\\"x18\\\"\",\"nme\":\"18\\\"x18\\\" White Pizza Box\",\"attr\":\"\",\"sku\":\"13225\",\"l2\":\"Boite carton\",\"sl\":\"boite-a-pizza-blanche-18x18-13225\",\"sn\":\"\",\"idxP\":0},{\"mq\":\"Graphic\",\"nm\":\"Bo\u00EEte \u00E0 g\u00E2teau 5\\\"x5\\\"x2.5\\\"\",\"nme\":\"5\\\"x5\\\"x2.5\\\" Cake Box\",\"attr\":\"\",\"sku\":\"13750\",\"l2\":\"Boite carton\",\"sl\":\"boite-a-gateau-5x5x25-13750\",\"sn\":\"\",\"idxP\":0},{\"mq\":\"Graphic\",\"nm\":\"Bo\u00EEte \u00E0 g\u00E2teau 5\\\"x5\\\"x3.5\\\"\",\"nme\":\"5\\\"x5\\\"x3.5\\\" Cake Box\",\"attr\":\"\",\"sku\":\"13752\",\"l2\":\"Boite carton\",\"sl\":\"boite-a-gateau-5x5x35-13752\",\"sn\":\"\",\"idxP\":0},{\"mq\":\"Graphic\",\"nm\":\"Bo\u00EEte \u00E0 g\u00E2teau couvercle simple 6.5\\\"x4.5\\\"x3.5\\\"\",\"nme\":\"6.5\\\"x4.5\\\"x3.5\\\" Single Lid Cake Box\",\"attr\":\"\",\"sku\":\"13760\",\"l2\":\"Boite carton\",\"sl\":\"boite-a-gateau-couvercle-simple-65x45x35-13760\",\"sn\":\"\",\"idxP\":0},{\"mq\":\"Graphic\",\"nm\":\"Bo\u00EEte \u00E0 g\u00E2teau double couvercle 7\\\"x7\\\"x3.5\\\"\",\"nme\":\"7\\\"x7\\\"x3.5\\\" Double Lid Cake Box\",\"attr\":\"\",\"sku\":\"13762\",\"l2\":\"Boite carton\",\"sl\":\"boite-a-gateau-double-couvercle-7x7x35-13762\",\"sn\":\"\",\"idxP\":0},{\"mq\":\"Graphic\",\"nm\":\"Bo\u00EEte \u00E0 g\u00E2teau double couvercle 8\\\"x5.5\\\"x2.5\\\"\",\"nme\":\"8\\\"x5.5\\\"x2.5\\\" Double Lid Cake Box\",\"attr\":\"\",\"sku\":\"13765\",\"l2\":\"Boite carton\",\"sl\":\"boite-a-gateau-double-couvercle-8x55x25-13765\",\"sn\":\"\",\"idxP\":0},{\"mq\":\"Graphic\",\"nm\":\"Bo\u00EEte \u00E0 g\u00E2teau couvercle simple 8\\\"x5.5\\\"x3.5\\\"\",\"nme\":\"8\\\"x5.5\\\"x3.5\\\" Single Lid Cake Box\",\"attr\":\"\",\"sku\":\"13766\",\"l2\":\"Boite carton\",\"sl\":\"boite-a-gateau-couvercle-simple-8x55x35-13766\",\"sn\":\"\",\"idxP\":0},{\"mq\":\"Graphic\",\"nm\":\"Bo\u00EEte \u00E0 g\u00E2teau double couvercle 8\\\"x8\\\"x3.5\\\"\",\"nme\":\"8\\\"x8\\\"x3.5\\\" Double Lid Cake Box\",\"attr\":\"\",\"sku\":\"13767\",\"l2\":\"Boite carton\",\"sl\":\"boite-a-gateau-double-couvercle-8x8x35-13767\",\"sn\":\"\",\"idxP\":0},{\"mq\":\"Graphic\",\"nm\":\"Bo\u00EEte \u00E0 g\u00E2teau double couvercle 8\\\"x8\\\"x5\\\"\",\"nme\":\"8\\\"x8\\\"x5\\\" Double Lid Cake Box\",\"attr\":\"\",\"sku\":\"13768\",\"l2\":\"Boite carton\",\"sl\":\"boite-a-gateau-double-couvercle-8x8x5-13768\",\"sn\":\"\",\"idxP\":0},{\"mq\":\"Graphic\",\"nm\":\"Bo\u00EEte \u00E0 g\u00E2teau double couvercle 9\\\"x6\\\"x2.5\\\"\",\"nme\":\"9\\\"x6\\\"x2.5\\\" Double Lid Cake Box\",\"attr\":\"\",\"sku\":\"13769\",\"l2\":\"Boite carton\",\"sl\":\"boite-a-gateau-double-couvercle-9x6x25-13769\",\"sn\":\"\",\"idxP\":0},{\"mq\":\"Graphic\",\"nm\":\"Bo\u00EEte \u00E0 g\u00E2teau double couvercle 9\\\"x9\\\"x2.5\\\"\",\"nme\":\"9\\\"x9\\\"x2.5\\\" Double Lid Cake Box\",\"attr\":\"\",\"sku\":\"13771\",\"l2\":\"Boite carton\",\"sl\":\"boite-a-gateau-double-couvercle-9x9x25-13771\",\"sn\":\"\",\"idxP\":0},{\"mq\":\"Graphic\",\"nm\":\"Bo\u00EEte \u00E0 g\u00E2teau double couvercle 9\\\"x9\\\"x3.5\\\"\",\"nme\":\"9\\\"x9\\\"x3.5\\\" Double Lid Cake Box\",\"attr\":\"\",\"sku\":\"13773\",\"l2\":\"Boite carton\",\"sl\":\"boite-a-gateau-double-couvercle-9x9x35-13773\",\"sn\":\"\",\"idxP\":0},{\"mq\":\"Graphic\",\"nm\":\"Bo\u00EEte \u00E0 g\u00E2teau 10\\\"x6\\\"x3.5\\\"\",\"nme\":\"10\\\"x6\\\"x3.5\\\" Cake Box\",\"attr\":\"\",\"sku\":\"13775\",\"l2\":\"Boite carton\",\"sl\":\"boite-a-gateau-10x6x35-13775\",\"sn\":\"\",\"idxP\":0},{\"mq\":\"Graphic\",\"nm\":\"Bo\u00EEte \u00E0 g\u00E2teau double couvercle 10\\\"x10\\\"x2.5\\\"\",\"nme\":\"10\\\"x10\\\"x2.5\\\" Double Lid Cake Box\",\"attr\":\"\",\"sku\":\"13776\",\"l2\":\"Boite carton\",\"sl\":\"boite-a-gateau-double-couvercle-10x10x25-13776\",\"sn\":\"\",\"idxP\":0},{\"mq\":\"Graphic\",\"nm\":\"Bo\u00EEte \u00E0 g\u00E2teau double couvercle 10\\\"x10\\\"x3.5\\\"\",\"nme\":\"10\\\"x10\\\"x3.5\\\" Double Lid Cake Box\",\"attr\":\"\",\"sku\":\"13780\",\"l2\":\"Boite carton\",\"sl\":\"boite-a-gateau-double-couvercle-10x10x35-13780\",\"sn\":\"\",\"idxP\":0},{\"mq\":\"Graphic\",\"nm\":\"Bo\u00EEte \u00E0 g\u00E2teau 12\\\"x12\\\"x3\\\"\",\"nme\":\"12\\\"x12\\\"x3\\\" Cake Box\",\"attr\":\"\",\"sku\":\"13781\",\"l2\":\"Boite carton\",\"sl\":\"boite-a-gateau-12x12x3-13781\",\"sn\":\"\",\"idxP\":0},{\"mq\":\"Graphic\",\"nm\":\"Bo\u00EEte \u00E0 g\u00E2teau double couvercle 12\\\"x12\\\"x5\\\"\",\"nme\":\"12\\\"x12\\\"x5\\\" Double Lid Cake Box\",\"attr\":\"\",\"sku\":\"13783\",\"l2\":\"Boite carton\",\"sl\":\"boite-a-gateau-double-couvercle-12x12x5-13783\",\"sn\":\"\",\"idxP\":0},{\"mq\":\"Graphic\",\"nm\":\"Bo\u00EEte \u00E0 g\u00E2teau double couvercle 12\\\"x12\\\"x6\\\"\",\"nme\":\"12\\\"x12\\\"x6\\\" Double Lid Cake Box\",\"attr\":\"\",\"sku\":\"13784\",\"l2\":\"Boite carton\",\"sl\":\"boite-a-gateau-double-couvercle-12x12x6-13784\",\"sn\":\"\",\"idxP\":0},{\"mq\":\"Graphic\",\"nm\":\"Bo\u00EEte \u00E0 g\u00E2teau double couvercle 15\\\"x11\\\"x4\\\"\",\"nme\":\"15\\\"x11\\\"x4\\\" Double Lid Cake Box\",\"attr\":\"\",\"sku\":\"13791\",\"l2\":\"Boite carton\",\"sl\":\"boite-a-gateau-double-couvercle-15x11x4-13791\",\"sn\":\"\",\"idxP\":0},{\"mq\":\"Graphic\",\"nm\":\"Bo\u00EEte \u00E0 g\u00E2teau double couvercle 16\\\"x16\\\"x6\\\"\",\"nme\":\"16\\\"x16\\\"x6\\\" Double Lid Cake Box\",\"attr\":\"\",\"sku\":\"13792\",\"l2\":\"Boite carton\",\"sl\":\"boite-a-gateau-double-couvercle-16x16x6-13792\",\"sn\":\"\",\"idxP\":0},{\"mq\":\"Graphic\",\"nm\":\"Bo\u00EEte \u00E0 g\u00E2teau double couvercle 17\\\"x12\\\"x6\\\"\",\"nme\":\"17\\\"x12\\\"x6\\\" Double Lid Cake Box\",\"attr\":\"\",\"sku\":\"13793\",\"l2\":\"Boite carton\",\"sl\":\"boite-a-gateau-double-couvercle-17x12x6-13793\",\"sn\":\"\",\"idxP\":0},{\"mq\":\"Graphic\",\"nm\":\"Bo\u00EEte \u00E0 g\u00E2teau double couvercle 21\\\"x15\\\"x4\\\"\",\"nme\":\"21\\\"x15\\\"x4\\\" Double Lid Cake Box\",\"attr\":\"\",\"sku\":\"13796\",\"l2\":\"Boite carton\",\"sl\":\"boite-a-gateau-double-couvercle-21x15x4-13796\",\"sn\":\"\",\"idxP\":0},{\"mq\":\"Graphic\",\"nm\":\"Bo\u00EEte \u00E0 g\u00E2teau avec fen\u00EAtre 8\\\"x8\\\"x2.5\\\"\",\"nme\":\"8\\\"x8\\\"x2.5\\\" Window Cake Box\",\"attr\":\"\",\"sku\":\"13798\",\"l2\":\"Boite carton\",\"sl\":\"boite-a-gateau-avec-fenetre-8x8x25-13798\",\"sn\":\"\",\"idxP\":0},{\"mq\":\"Graphic\",\"nm\":\"Bo\u00EEte \u00E0 g\u00E2teau avec fen\u00EAtre 9\\\"x6\\\"x2.5\\\"\",\"nme\":\"9\\\"x6\\\"x2.5\\\" Window Cake Box\",\"attr\":\"\",\"sku\":\"13800\",\"l2\":\"Boite carton\",\"sl\":\"boite-a-gateau-avec-fenetre-9x6x25-13800\",\"sn\":\"\",\"idxP\":0},{\"mq\":\"Graphic\",\"nm\":\"Bo\u00EEte \u00E0 g\u00E2teau avec fen\u00EAtre 9\\\"x9\\\"x2.5\\\"\",\"nme\":\"9\\\"x9\\\"x2.5\\\" Window Cake Box\",\"attr\":\"\",\"sku\":\"13801\",\"l2\":\"Boite carton\",\"sl\":\"boite-a-gateau-avec-fenetre-9x9x25-13801\",\"sn\":\"\",\"idxP\":0},{\"mq\":\"Graphic\",\"nm\":\"Bo\u00EEte \u00E0 g\u00E2teau avec fen\u00EAtre 10\\\"x10\\\"x2.5\\\"\",\"nme\":\"10\\\"10\\\"x2.5\\\" Window Cake Box\",\"attr\":\"\",\"sku\":\"13803\",\"l2\":\"Boite carton\",\"sl\":\"boite-a-gateau-avec-fenetre-10x10x25-13803\",\"sn\":\"\",\"idxP\":0},{\"mq\":\"Graphic\",\"nm\":\"Bo\u00EEte \u00E0 g\u00E2teau avec fen\u00EAtre 10\\\"x10\\\"x5\\\"\",\"nme\":\"10\\\"10\\\"x5\\\" Window Cake Box\",\"attr\":\"\",\"sku\":\"13807\",\"l2\":\"Boite carton\",\"sl\":\"boite-a-gateau-avec-fenetre-10x10x5-13807\",\"sn\":\"\",\"idxP\":0},{\"mq\":\"Graphic\",\"nm\":\"Bo\u00EEte \u00E0 tarte 5\\\"x5\\\"x1.5\\\"\",\"nme\":\"5\\\"x5\\\"x1.5\\\" Pie Box\",\"attr\":\"\",\"sku\":\"13808\",\"l2\":\"Boite carton\",\"sl\":\"boite-a-tarte-5x5x15-13808\",\"sn\":\"\",\"idxP\":0},{\"mq\":\"Graphic\",\"nm\":\"Bo\u00EEte \u00E0 tarte 6\\\"x6\\\"x1.5\\\"\",\"nme\":\"6\\\"x6\\\"x1.5\\\" Pie Box\",\"attr\":\"\",\"sku\":\"13809\",\"l2\":\"Boite carton\",\"sl\":\"boite-a-tarte-6x6x15-13809\",\"sn\":\"\",\"idxP\":0},{\"mq\":\"Graphic\",\"nm\":\"Bo\u00EEtes \u00E0 tarte 8\\\"x8\\\"x1.5\\\"\",\"nme\":\"8\\\"x8\\\"x1.5\\\" Pie Box\",\"attr\":\"\",\"sku\":\"13810\",\"l2\":\"Boite carton\",\"sl\":\"boites-a-tarte-8x8x15-13810\",\"sn\":\"\",\"idxP\":0},{\"mq\":\"Graphic\",\"nm\":\"Bo\u00EEtes \u00E0 tarte 8\\\"x8\\\"x1.75\\\"\",\"nme\":\"8\\\"x8\\\"x1.75\\\" Pie Box\",\"attr\":\"\",\"sku\":\"13812\",\"l2\":\"Boite carton\",\"sl\":\"boites-a-tarte-8x8x175-13812\",\"sn\":\"\",\"idxP\":0},{\"mq\":\"Graphic\",\"nm\":\"Bo\u00EEtes \u00E0 tarte 9\\\"x9\\\"x1.5\\\"\",\"nme\":\"9\\\"x9\\\"x1.5\\\" Pie Box\",\"attr\":\"\",\"sku\":\"13813\",\"l2\":\"Boite carton\",\"sl\":\"boites-a-tarte-9x9x15-13813\",\"sn\":\"\",\"idxP\":1},{\"mq\":\"Graphic\",\"nm\":\"Bo\u00EEtes \u00E0 tarte 10\\\"x10\\\"x1.75\\\"\",\"nme\":\"10\\\"x10\\\"x1.75\\\" Pie Box\",\"attr\":\"\",\"sku\":\"13814\",\"l2\":\"Boite carton\",\"sl\":\"boites-a-tarte-10x10x175-13814\",\"sn\":\"\",\"idxP\":0},{\"mq\":\"Graphic\",\"nm\":\"Bo\u00EEte \u00E0 pizza 16\\\"x16\\\"x1.5\\\"\",\"nme\":\"16\\\"x16\\\"x1.5\\\" Pizza Box\",\"attr\":\"\",\"sku\":\"13815\",\"l2\":\"Boite carton\",\"sl\":\"boite-a-pizza-16x16x15-13815\",\"sn\":\"\",\"idxP\":0},{\"mq\":\"Graphic\",\"nm\":\"Casseau \u00E0 frites 1oz 1.75\\\"x1.75\\\"x2.25\\\"\",\"nme\":\"1.75\\\"x1.75\\\"x2.25\\\" 1oz Fries Tray\",\"attr\":\"\",\"sku\":\"13816\",\"l2\":\"Boite carton\",\"sl\":\"casseau-a-frites-1oz-175x175x225-13816\",\"sn\":\"plateau\",\"idxP\":3},{\"mq\":\"Graphic\",\"nm\":\"Casseau \u00E0 hot dog 5\\\"x1\\\"x1\\\"\",\"nme\":\"5\\\"x1\\\"x1\\\" Hot Dog Tray\",\"attr\":\"\",\"sku\":\"13817\",\"l2\":\"Boite carton\",\"sl\":\"casseau-a-hot-dog-5x1x1-13817\",\"sn\":\"plateau\",\"idxP\":0},{\"mq\":\"Graphic\",\"nm\":\"Casseau \u00E0 hot dog 6\\\"\",\"nme\":\"6\\\" Hot Dog Tray\",\"attr\":\"\",\"sku\":\"13819\",\"l2\":\"Boite carton\",\"sl\":\"casseau-a-hot-dog-6-13819\",\"sn\":\"plateau\",\"idxP\":0},{\"mq\":\"Graphic\",\"nm\":\"Bo\u00EEte pour emporter 8.75\\\"x6.75\\\"x2.13\\\"\",\"nme\":\"8.75\\\"x6.75\\\"x2.13\\\" Take-Out Box\",\"attr\":\"\",\"sku\":\"13821\",\"l2\":\"Boite carton\",\"sl\":\"boite-pour-emporter-875x675x213-13821\",\"sn\":\"\",\"idxP\":0},{\"mq\":\"Graphic\",\"nm\":\"Manchon pour breuvage chaud\",\"nme\":\"Hot Beverage Cup Sleeve\",\"attr\":\"\",\"sku\":\"13823\",\"l2\":\"Vaisselle jetable\",\"sl\":\"manchon-pour-breuvage-chaud-13823\",\"sn\":\"liqueur\",\"idxP\":0},{\"mq\":\"Graphic\",\"nm\":\"Casseau \u00E0 sous-marin 8\\\"x4\\\"x2.5\\\"\",\"nme\":\"8\\\"x4\\\"x2.5\\\" Sub Tray\",\"attr\":\"\",\"sku\":\"13824\",\"l2\":\"Boite carton\",\"sl\":\"casseau-a-sous-marin-8x4x25-13824\",\"sn\":\"plateau\",\"idxP\":0},{\"mq\":\"Graphic\",\"nm\":\"Casseau \u00E0 sous-marin 11.5\\\"x4\\\"x2.5\\\"\",\"nme\":\"11.5\\\"x4\\\"x2.5\\\" Sub Tray\",\"attr\":\"\",\"sku\":\"13825\",\"l2\":\"Boite carton\",\"sl\":\"casseau-a-sous-marin-115x4x25-13825\",\"sn\":\"plateau\",\"idxP\":0},{\"mq\":\"Graphic\",\"nm\":\"Bo\u00EEte \u00E0 poulet pour emporter 8.69\\\"x8.69\\\"x3.5\\\"\",\"nme\":\"8.69\\\"x8.69\\\"x3.5\\\" Chicken Take-Out Box\",\"attr\":\"\",\"sku\":\"13826\",\"l2\":\"Boite carton\",\"sl\":\"boite-a-poulet-pour-emporter-869x869x35-13826\",\"sn\":\"\",\"idxP\":0},{\"mq\":\"Graphic\",\"nm\":\"Bo\u00EEte pour club sandwich imprim\u00E9e 8\\\"x6.5\\\"x2.5\\\"\",\"nme\":\"8\\\"x6.5\\\"x2.5\\\" Printed Club Sandwich Box\",\"attr\":\"\",\"sku\":\"13828\",\"l2\":\"Boite carton\",\"sl\":\"boite-pour-club-sandwich-imprimee-8x65x25-13828\",\"sn\":\"\",\"idxP\":0},{\"mq\":\"Graphic\",\"nm\":\"Bo\u00EEte pour BBQ imprim\u00E9e 9\\\"x9\\\"x3.5\\\"\",\"nme\":\"9\\\"x9\\\"x3.5\\\" Printed BBQ Box\",\"attr\":\"\",\"sku\":\"13829\",\"l2\":\"Boite carton\",\"sl\":\"boite-pour-bbq-imprimee-9x9x35-13829\",\"sn\":\"\",\"idxP\":0},{\"mq\":\"Slypak\",\"nm\":\"Sac papier kraft #1\",\"nme\":\"#1 Kraft Paper Bag\",\"attr\":\"\",\"sku\":\"13872\",\"l2\":\"Sac \u00E0 emballage\",\"sl\":\"sac-papier-kraft-1-13872\",\"sn\":\"\",\"idxP\":0},{\"mq\":\"Slypak\",\"nm\":\"Sac papier kraft #2\",\"nme\":\"#2 Kraft Paper Bag\",\"attr\":\"\",\"sku\":\"13874\",\"l2\":\"Sac \u00E0 emballage\",\"sl\":\"sac-papier-kraft-2-13874\",\"sn\":\"\",\"idxP\":0},{\"mq\":\"Slypak\",\"nm\":\"Sac papier kraft #3\",\"nme\":\"#3 Kraft Paper Bag\",\"attr\":\"\",\"sku\":\"13875\",\"l2\":\"Sac \u00E0 emballage\",\"sl\":\"sac-papier-kraft-3-13875\",\"sn\":\"\",\"idxP\":0},{\"mq\":\"Slypak\",\"nm\":\"Sac papier kraft #5\",\"nme\":\"#5 Kraft Paper Bag\",\"attr\":\"\",\"sku\":\"13878\",\"l2\":\"Sac \u00E0 emballage\",\"sl\":\"sac-papier-kraft-5-13878\",\"sn\":\"\",\"idxP\":0},{\"mq\":\"Slypak\",\"nm\":\"Sac papier kraft #6\",\"nme\":\"#6 Kraft Paper Bag\",\"attr\":\"\",\"sku\":\"13880\",\"l2\":\"Sac \u00E0 emballage\",\"sl\":\"sac-papier-kraft-6-13880\",\"sn\":\"\",\"idxP\":0},{\"mq\":\"Slypak\",\"nm\":\"Sac papier kraft #7\",\"nme\":\"#7 Kraft Paper Bag\",\"attr\":\"\",\"sku\":\"13881\",\"l2\":\"Sac \u00E0 emballage\",\"sl\":\"sac-papier-kraft-7-13881\",\"sn\":\"\",\"idxP\":0},{\"mq\":\"Slypak\",\"nm\":\"Sac papier kraft #8\",\"nme\":\"#8 Kraft Paper Bag\",\"attr\":\"\",\"sku\":\"13882\",\"l2\":\"Sac \u00E0 emballage\",\"sl\":\"sac-papier-kraft-8-13882\",\"sn\":\"\",\"idxP\":0},{\"mq\":\"Slypak\",\"nm\":\"Sac papier kraft #10\",\"nme\":\"#10 Kraft Paper Bag\",\"attr\":\"\",\"sku\":\"13885\",\"l2\":\"Sac \u00E0 emballage\",\"sl\":\"sac-papier-kraft-10-13885\",\"sn\":\"\",\"idxP\":0},{\"mq\":\"Slypak\",\"nm\":\"Sac papier kraft #12\",\"nme\":\"#12 Kraft Paper Bag\",\"attr\":\"\",\"sku\":\"13886\",\"l2\":\"Sac \u00E0 emballage\",\"sl\":\"sac-papier-kraft-12-13886\",\"sn\":\"\",\"idxP\":0},{\"mq\":\"Slypak\",\"nm\":\"Sac papier kraft #14\",\"nme\":\"#14 Kraft Paper Bag\",\"attr\":\"\",\"sku\":\"13887\",\"l2\":\"Sac \u00E0 emballage\",\"sl\":\"sac-papier-kraft-14-13887\",\"sn\":\"\",\"idxP\":0},{\"mq\":\"Slypak\",\"nm\":\"Sac papier kraft #20\",\"nme\":\"#20 Kraft Paper Bag\",\"attr\":\"\",\"sku\":\"13888\",\"l2\":\"Sac \u00E0 emballage\",\"sl\":\"sac-papier-kraft-20-13888\",\"sn\":\"\",\"idxP\":0},{\"mq\":\"Leolight\",\"nm\":\"Porte chandelle rustique\",\"nme\":\"Rustic Candle Holder\",\"attr\":\"\",\"sku\":\"25459\",\"l2\":\"Combustible\",\"sl\":\"porte-chandelle-rustique-leolight-25459\",\"sn\":\"bougie, chandelle\",\"idxP\":5},{\"mq\":\"Leolight\",\"nm\":\"Porte chandelle gla\u00E7on stalactite\",\"nme\":\"Icecicle Candle Holder\",\"attr\":\"\",\"sku\":\"25456\",\"l2\":\"Combustible\",\"sl\":\"porte-chandelle-glacon-stalactite-leolight-25456\",\"sn\":\"bougie, chandelle\",\"idxP\":20},{\"mq\":\"Leolight\",\"nm\":\"Chandelle \u00E0 l'huile LiquidLight 8hrs\",\"nme\":\"LiquidLight Fuel Cells Candle Tall 8 hrs\",\"attr\":\"\",\"sku\":\"25434\",\"l2\":\"Combustible\",\"sl\":\"chandelle-a-lhuile-liquidlight-8hrs-leolight-25434\",\"sn\":\"bougie, chandelle\",\"idxP\":85},{\"mq\":\"Leolight\",\"nm\":\"Porte chandelle carr\u00E9 transparent\",\"nme\":\"Clear Square Candle Holder\",\"attr\":\"\",\"sku\":\"25452\",\"l2\":\"Combustible\",\"sl\":\"porte-chandelle-carre-transparent-leolight-25452\",\"sn\":\"transparent, bougie, chandelle\",\"idxP\":10},{\"mq\":\"Leolight\",\"nm\":\"Combustible liquide m\u00E8che 4hrs\",\"nme\":\"Liquid Wick Chafing Fuel 4 hrs\",\"attr\":\"\",\"sku\":\"25439\",\"l2\":\"Combustible\",\"sl\":\"combustible-liquide-meche-4hrs-leolight-25439\",\"sn\":\"\",\"idxP\":71},{\"mq\":\"Leolight\",\"nm\":\"Chandelles LED ambr\u00E9es rechargeables 2\\\"\",\"nme\":\"Rechargeable Amber LED Candles 2\\\"\",\"attr\":\"\",\"sku\":\"25432\",\"l2\":\"Combustible\",\"sl\":\"chandelles-led-ambrees-rechargeables-2-leolight-25432\",\"sn\":\"bougie, chandelle\",\"idxP\":4},{\"mq\":\"Leolight\",\"nm\":\"Chandelle \u00E0 l'huile LiquidLight 12 h\",\"nme\":\"LiquidLight Fuel Cells Candle Tall 12 hrs\",\"attr\":\"\",\"sku\":\"25463\",\"l2\":\"Combustible\",\"sl\":\"chandelle-a-lhuile-liquidlight-12-h-leolight-25463\",\"sn\":\"bougie, chandelle\",\"idxP\":90},{\"mq\":\"Leolight\",\"nm\":\"Porte chandelle carr\u00E9 givr\u00E9\",\"nme\":\"Frosted Square Candle Holder\",\"attr\":\"\",\"sku\":\"25453\",\"l2\":\"Combustible\",\"sl\":\"porte-chandelle-carre-givre-leolight-25453\",\"sn\":\"bougie, chandelle\",\"idxP\":0},{\"mq\":\"Leolight\",\"nm\":\"Porte chandelle cube de glace\",\"nme\":\"Ice Cube Candle Holder\",\"attr\":\"\",\"sku\":\"25458\",\"l2\":\"Combustible\",\"sl\":\"porte-chandelle-cube-de-glace-leolight-25458\",\"sn\":\"bougie, chandelle\",\"idxP\":10},{\"mq\":\"Leolight\",\"nm\":\"Porte chandelle avec brillant\",\"nme\":\"Sprinkled Candle Holder\",\"attr\":\"\",\"sku\":\"25449\",\"l2\":\"Combustible\",\"sl\":\"porte-chandelle-avec-brillant-leolight-25449\",\"sn\":\"bougie, chandelle\",\"idxP\":1},{\"mq\":\"Wipeco\",\"nm\":\"Serviette blanche ratine zip 14\\\"x17\\\" 4 lb\",\"nme\":\"White Terry Towel Zip 14\\\"x17\\\" 4 lb\",\"attr\":\"\",\"sku\":\"25963\",\"l2\":\"Article d'entretien\",\"sl\":\"serviette-blanche-ratine-zip-14x17-4-lb-wipeco-25963\",\"sn\":\"\",\"idxP\":15},{\"mq\":\"Wipeco\",\"nm\":\"Chiffon bleu paquet e-z\",\"nme\":\"E-Z Blue Cloth Pack\",\"attr\":\"\",\"sku\":\"38799\",\"l2\":\"Article d'entretien\",\"sl\":\"chiffon-bleu-paquet-e-z-wipeco-38799\",\"sn\":\"\",\"idxP\":93},{\"mq\":\"Mayrand Chef\",\"nm\":\"D\u00E9tergent liquide vaisselle rose\",\"nme\":\"Pink Dishwashing Detergent\",\"attr\":\"\",\"sku\":\"21202\",\"l2\":\"Savon \u00E0 vaisselle\",\"sl\":\"detergent-liquide-vaisselle-rose-mayrand-chef-21202\",\"sn\":\"\",\"idxP\":97},{\"mq\":\"Mayrand Chef\",\"nm\":\"D\u00E9tergent liquide vaisselle rose\",\"nme\":\"Pink Dishwashing Detergent\",\"attr\":\"\",\"sku\":\"91007\",\"l2\":\"Savon \u00E0 vaisselle\",\"sl\":\"detergent-liquide-vaisselle-rose-mayrand-chef-91007\",\"sn\":\"\",\"idxP\":76},{\"mq\":\"Mayrand Chef\",\"nm\":\"Sac \u00E0 ordure extra extra-fort noir 35\\\"x50\\\"\",\"nme\":\"Extra Extra Strong Black Garbage Bag 35\\\"x 50\\\"\",\"attr\":\"\",\"sku\":\"91911\",\"l2\":\"Sac \u00E0 ordure et poubelle\",\"sl\":\"sac-a-ordure-extra-extra-fort-noir-35x50-mayrand-chef-91911\",\"sn\":\"\",\"idxP\":71},{\"mq\":\"Mayrand Chef\",\"nm\":\"Super d\u00E9graisseur\",\"nme\":\"Super Degreaser\",\"attr\":\"\",\"sku\":\"91036\",\"l2\":\"Nettoyeur\",\"sl\":\"super-degraisseur-mayrand-chef-91036\",\"sn\":\"\",\"idxP\":92},{\"mq\":\"Mayrand Chef\",\"nm\":\"Sac \u00E0 ordure extra-fort noir 30\\\"x38\\\"\",\"nme\":\"Extra Strong Black Garbage Bag 30\\\"x38\\\"\",\"attr\":\"\",\"sku\":\"91896\",\"l2\":\"Sac \u00E0 ordure et poubelle\",\"sl\":\"sac-a-ordure-extra-fort-noir-30x38-mayrand-chef-91896\",\"sn\":\"\",\"idxP\":70},{\"mq\":\"M Net\",\"nm\":\"Nettoyant pour planchers finis\",\"nme\":\"Finished Floor Cleaner\",\"attr\":\"\",\"sku\":\"31289\",\"l2\":\"Nettoyeur\",\"sl\":\"nettoyant-pour-planchers-finis-m-net-31289\",\"sn\":\"nettoyeur\",\"idxP\":63},{\"mq\":\"Extra\",\"nm\":\"Eau de javel HE\",\"nme\":\"HE Liquid Bleach\",\"attr\":\"\",\"sku\":\"34677\",\"l2\":\"Lessive\",\"sl\":\"eau-de-javel-he-extra-34677\",\"sn\":\"\",\"idxP\":100},{\"mq\":\"Mayrand Chef\",\"nm\":\"Sac \u00E0 ordure extra-fort noir 35\\\" x 50\\\"\",\"nme\":\"Black Garbage Bags extra strong 35\\\" x 50\\\"\",\"attr\":\"\",\"sku\":\"93167\",\"l2\":\"Sac \u00E0 ordure et poubelle\",\"sl\":\"sac-a-ordure-extra-fort-noir-35-x-50-mayrand-chef-93167\",\"sn\":\"\",\"idxP\":74},{\"mq\":\"Mayrand Chef\",\"nm\":\"Sac \u00E0 ordure fort noir 26\\\"x36\\\"\",\"nme\":\"Strong Black Garbage Bag 26\\\"x36\\\"\",\"attr\":\"\",\"sku\":\"91900\",\"l2\":\"Sac \u00E0 ordure et poubelle\",\"sl\":\"sac-a-ordure-fort-noir-26x36-mayrand-chef-91900\",\"sn\":\"\",\"idxP\":71},{\"mq\":\"Mayrand Chef\",\"nm\":\"Sac \u00E0 ordure fort noir 35\\\"x50\\\"\",\"nme\":\"Strong Black Garbage Bags 35\\\"x50\\\"\",\"attr\":\"\",\"sku\":\"91902\",\"l2\":\"Sac \u00E0 ordure et poubelle\",\"sl\":\"sac-a-ordure-fort-noir-35x50-mayrand-chef-91902\",\"sn\":\"\",\"idxP\":69},{\"mq\":\"Easy off\",\"nm\":\"Nettoyant vaporisateur sur puissant pour four\",\"nme\":\"Oven Heavy Duty Cleaner\",\"attr\":\"\",\"sku\":\"01546\",\"l2\":\"Nettoyeur\",\"sl\":\"nettoyant-vaporisateur-sur-puissant-pour-four-easy-off-01546\",\"sn\":\"nettoyeur\",\"idxP\":100},{\"mq\":\"Purex\",\"nm\":\"D\u00E9tergent liquide \u00E0 lessive\",\"nme\":\"Laundry Liquid Detergent\",\"attr\":\"\",\"sku\":\"21200\",\"l2\":\"Lessive\",\"sl\":\"detergent-liquide-a-lessive-purex-21200\",\"sn\":\"\",\"idxP\":56},{\"mq\":\"Tradition\",\"nm\":\"Bougies chauffe-plat non parfum\u00E9es\",\"nme\":\"Yummi Unscented Tea Lights\",\"attr\":\"\",\"sku\":\"14394\",\"l2\":\"Combustible\",\"sl\":\"bougies-chauffe-plat-non-parfumees-tradition-14394\",\"sn\":\"chandelle\",\"idxP\":63},{\"mq\":\"Shout\",\"nm\":\"D\u00E9tachant \u00E0 lessive\",\"nme\":\"Laundry Stain Remover\",\"attr\":\"\",\"sku\":\"07207\",\"l2\":\"Lessive\",\"sl\":\"detachant-a-lessive-shout-07207\",\"sn\":\"\",\"idxP\":21},{\"mq\":\"Cascades\",\"nm\":\"Papier hygi\u00E9nique fluff enviro\",\"nme\":\"Toilet Paper Fluff 2 Ply\",\"attr\":\"\u00C9cologique\",\"sku\":\"21233\",\"l2\":\"Papier et essuie-tout\",\"sl\":\"papier-hygienique-fluff-enviro-cascades-21233\",\"sn\":\"\",\"idxP\":100},{\"mq\":\"Cascades\",\"nm\":\"Essuie-tout jumbo Enviro\",\"nme\":\"Paper Towels Enviro\",\"attr\":\"\u00C9cologique\",\"sku\":\"21237\",\"l2\":\"Papier et essuie-tout\",\"sl\":\"essuie-tout-jumbo-enviro-cascades-21237\",\"sn\":\"\",\"idxP\":86},{\"mq\":\"Scotties\",\"nm\":\"Mouchoirs blancs 2 plis\",\"nme\":\"White Tissues 2 ply\",\"attr\":\"\",\"sku\":\"32483\",\"l2\":\"Papier et essuie-tout\",\"sl\":\"mouchoirs-blancs-2-plis-scotties-32483\",\"sn\":\"\",\"idxP\":82},{\"mq\":\"Murphy\",\"nm\":\"Nettoyant huile pour bois\",\"nme\":\"Wood Oil Soap Cleaner\",\"attr\":\"\",\"sku\":\"33727\",\"l2\":\"Nettoyeur\",\"sl\":\"nettoyant-huile-pour-bois-murphy-33727\",\"sn\":\"nettoyeur\",\"idxP\":33},{\"mq\":\"Mayrand Chef\",\"nm\":\"D\u00E9tergent liquide vaisselle citron\",\"nme\":\"Liquid Dishwashing lemon Detergent\",\"attr\":\"\",\"sku\":\"24872\",\"l2\":\"Savon \u00E0 vaisselle\",\"sl\":\"detergent-liquide-vaisselle-citron-mayrand-chef-24872\",\"sn\":\"\",\"idxP\":45},{\"nm\":\"Sac de recyclage \u00E0 canettes\",\"nme\":\"Cans Recycling Collector Bag\",\"attr\":\"\",\"sku\":\"16380\",\"l2\":\"Sac \u00E0 ordure et poubelle\",\"sl\":\"sac-de-recyclage-a-canettes-16380\",\"sn\":\"\",\"idxP\":58},{\"mq\":\"Mayrand Chef\",\"nm\":\"Sac \u00E0 ordure fort transparent 30\\\"x38\\\"\",\"nme\":\"Strong Clear Garbage Bag 30 po x 38 po\",\"attr\":\"\",\"sku\":\"34694\",\"l2\":\"Sac \u00E0 ordure et poubelle\",\"sl\":\"sac-a-ordure-fort-transparent-30x38-mayrand-chef-34694\",\"sn\":\"transparent\",\"idxP\":27},{\"mq\":\"Mayrand Chef\",\"nm\":\"D\u00E9tergent liquide lave-vaisselle\",\"nme\":\"Dishwasher Liquid Detergent\",\"attr\":\"\",\"sku\":\"91012\",\"l2\":\"Savon \u00E0 vaisselle\",\"sl\":\"detergent-liquide-lave-vaisselle-mayrand-chef-91012\",\"sn\":\"\",\"idxP\":68},{\"mq\":\"Tuff Guy\",\"nm\":\"Briquet pour barbecue\",\"nme\":\"BBQ Lighter\",\"attr\":\"\",\"sku\":\"21532\",\"l2\":\"Combustible\",\"sl\":\"briquet-pour-barbecue-tuff-guy-21532\",\"sn\":\"BBQ\",\"idxP\":53},{\"mq\":\"Mayrand Chef\",\"nm\":\"Sac \u00E0 ordure fort transparent 35\\\"x50\\\"\",\"nme\":\"Strong Clear Garbage Bag 35\\\"x50\\\"\",\"attr\":\"\",\"sku\":\"24795\",\"l2\":\"Sac \u00E0 ordure et poubelle\",\"sl\":\"sac-a-ordure-fort-transparent-35x50-mayrand-chef-24795\",\"sn\":\"transparent\",\"idxP\":52},{\"mq\":\"Mayrand Chef\",\"nm\":\"D\u00E9tergent liquide vaisselle vert\",\"nme\":\"Green Dishwashing Detergent\",\"attr\":\"\",\"sku\":\"91005\",\"l2\":\"Savon \u00E0 vaisselle\",\"sl\":\"detergent-liquide-vaisselle-vert-mayrand-chef-91005\",\"sn\":\"\",\"idxP\":95},{\"mq\":\"Mayrand Chef\",\"nm\":\"D\u00E9tergent poudre lave-vaisselle\",\"nme\":\"Dishwasher Powder Detergent\",\"attr\":\"\",\"sku\":\"90608\",\"l2\":\"Savon \u00E0 vaisselle\",\"sl\":\"detergent-poudre-lave-vaisselle-mayrand-chef-90608\",\"sn\":\"\",\"idxP\":8},{\"mq\":\"Mayrand Chef\",\"nm\":\"Sac \u00E0 ordure fort noir 30\\\"x38\\\"\",\"nme\":\"Strong Black Garbage Bag 30\\\"x38\\\"\",\"attr\":\"\",\"sku\":\"90167\",\"l2\":\"Sac \u00E0 ordure et poubelle\",\"sl\":\"sac-a-ordure-fort-noir-30x38-mayrand-chef-90167\",\"sn\":\"\",\"idxP\":43},{\"mq\":\"Mayrand Chef\",\"nm\":\"Nettoyant au pin pour plancher\",\"nme\":\"Pine Floor Cleaner\",\"attr\":\"\",\"sku\":\"91028\",\"l2\":\"Nettoyeur\",\"sl\":\"nettoyant-au-pin-pour-plancher-mayrand-chef-91028\",\"sn\":\"nettoyeur\",\"idxP\":90},{\"mq\":\"Mayrand Chef\",\"nm\":\"Sac \u00E0 ordure extra-fort noir 26\\\"x36\\\"\",\"nme\":\"Extra Strong Black Garbage Bag 26\\\"x36\\\"\",\"attr\":\"\",\"sku\":\"91897\",\"l2\":\"Sac \u00E0 ordure et poubelle\",\"sl\":\"sac-a-ordure-extra-fort-noir-26x36-mayrand-chef-91897\",\"sn\":\"\",\"idxP\":68},{\"mq\":\"Mayrand Chef\",\"nm\":\"Sac \u00E0 ordure r\u00E9gulier noir 20\\\"x22\\\"\",\"nme\":\"Black Regular Garbage Bag 20\\\"x22\\\"\",\"attr\":\"\",\"sku\":\"91895\",\"l2\":\"Sac \u00E0 ordure et poubelle\",\"sl\":\"sac-a-ordure-regulier-noir-20x22-mayrand-chef-91895\",\"sn\":\"\",\"idxP\":43},{\"mq\":\"Mayrand Chef\",\"nm\":\"D\u00E9tergent liquide vaisselle citron\",\"nme\":\"Lemon Liquid Dishwashing Detergent\",\"attr\":\"\",\"sku\":\"30738\",\"l2\":\"Savon \u00E0 vaisselle\",\"sl\":\"detergent-liquide-vaisselle-citron-mayrand-chef-30738\",\"sn\":\"citrons\",\"idxP\":86},{\"mq\":\"Mayrand Chef\",\"nm\":\"Nettoyant au pin pour plancher\",\"nme\":\"Pine Floor Cleaner\",\"attr\":\"\",\"sku\":\"91029\",\"l2\":\"Nettoyeur\",\"sl\":\"nettoyant-au-pin-pour-plancher-mayrand-chef-91029\",\"sn\":\"nettoyeur\",\"idxP\":50},{\"mq\":\"Mayrand Chef\",\"nm\":\"Additif de rin\u00E7age liquide pour lave-vaisselle\",\"nme\":\"Dishwasher Liquid Rinse Additif\",\"attr\":\"\",\"sku\":\"91014\",\"l2\":\"Savon \u00E0 vaisselle\",\"sl\":\"additif-de-rincage-liquide-pour-lave-vaisselle-mayrand-chef-91014\",\"sn\":\"\",\"idxP\":60},{\"mq\":\"Mayrand Chef\",\"nm\":\"Super d\u00E9graissant\",\"nme\":\"Super Degreaser\",\"attr\":\"\",\"sku\":\"91037\",\"l2\":\"Nettoyeur\",\"sl\":\"super-degraissant-mayrand-chef-91037\",\"sn\":\"\",\"idxP\":56},{\"mq\":\"Mayrand Chef\",\"nm\":\"Sac \u00E0 ordure r\u00E9gulier noir 22\\\"x24\",\"nme\":\"Regular Black Garbage Bags 22\\\"x24\\\"\",\"attr\":\"\",\"sku\":\"91901\",\"l2\":\"Sac \u00E0 ordure et poubelle\",\"sl\":\"sac-a-ordure-regulier-noir-22x24-mayrand-chef-91901\",\"sn\":\"\",\"idxP\":53},{\"mq\":\"Mayrand Chef\",\"nm\":\"Sac \u00E0 ordure fort noir 42\\\"x48\\\"\",\"nme\":\"Strong Black Garbage Bags 42\\\"x48\\\"\",\"attr\":\"\",\"sku\":\"91899\",\"l2\":\"Sac \u00E0 ordure et poubelle\",\"sl\":\"sac-a-ordure-fort-noir-42x48-mayrand-chef-91899\",\"sn\":\"\",\"idxP\":54},{\"mq\":\"Mayrand Chef\",\"nm\":\"D\u00E9tergent liquide vaisselle vert\",\"nme\":\"Green Liquid Diswashing Detergent\",\"attr\":\"\",\"sku\":\"30739\",\"l2\":\"Savon \u00E0 vaisselle\",\"sl\":\"detergent-liquide-vaisselle-vert-mayrand-chef-30739\",\"sn\":\"\",\"idxP\":50},{\"mq\":\"Mayrand Chef\",\"nm\":\"Savon \u00E0 mains cr\u00E8me avec triclosan\",\"nme\":\"Cream Hand Soap with Triclosan\",\"attr\":\"\",\"sku\":\"91053\",\"l2\":\"Nettoyeur\",\"sl\":\"savon-a-mains-creme-avec-triclosan-mayrand-chef-91053\",\"sn\":\"\",\"idxP\":64},{\"mq\":\"Mayrand Chef\",\"nm\":\"Sac \u00E0 ordure r\u00E9gulier transparent 26\\\"x36\\\"\",\"nme\":\"Clear Regular Garbage Bag 26\\\"x36\\\"\",\"attr\":\"\",\"sku\":\"91905\",\"l2\":\"Sac \u00E0 ordure et poubelle\",\"sl\":\"sac-a-ordure-regulier-transparent-26x36-mayrand-chef-91905\",\"sn\":\"transparent\",\"idxP\":40},{\"mq\":\"Mayrand Chef\",\"nm\":\"Nettoyant \u00E0 vitre\",\"nme\":\"Window Cleaner\",\"attr\":\"\",\"sku\":\"91023\",\"l2\":\"Nettoyeur\",\"sl\":\"nettoyant-a-vitre-mayrand-chef-91023\",\"sn\":\"nettoyeur\",\"idxP\":72},{\"mq\":\"Mayrand Chef\",\"nm\":\"Sac \u00E0 ordure r\u00E9gulier blanc 20\\\"x22\\\"\",\"nme\":\"White Regular Garbage Bags 20\\\"x22\\\"\",\"attr\":\"\",\"sku\":\"91906\",\"l2\":\"Sac \u00E0 ordure et poubelle\",\"sl\":\"sac-a-ordure-regulier-blanc-20x22-mayrand-chef-91906\",\"sn\":\"\",\"idxP\":39},{\"mq\":\"Mayrand Chef\",\"nm\":\"Savon \u00E0 mains cr\u00E8me avec triclosan\",\"nme\":\"Cream Hand Soap with Triclosan\",\"attr\":\"\",\"sku\":\"91054\",\"l2\":\"Nettoyeur\",\"sl\":\"savon-a-mains-creme-avec-triclosan-mayrand-chef-91054\",\"sn\":\"\",\"idxP\":24},{\"mq\":\"Scotties\",\"nm\":\"Mouchoirs blancs 2 \u00E9paisseurs\",\"nme\":\"2 Ply White Tissues\",\"attr\":\"\",\"sku\":\"13344\",\"l2\":\"Papier et essuie-tout\",\"sl\":\"mouchoirs-blancs-2-epaisseurs-scotties-13344\",\"sn\":\"\",\"idxP\":81},{\"mq\":\"Value+\",\"nm\":\"Savon lotion pour les mains\",\"nme\":\"Hand Soap Lotion\",\"attr\":\"\",\"sku\":\"14149\",\"l2\":\"Nettoyeur\",\"sl\":\"savon-lotion-pour-les-mains-value-14149\",\"sn\":\"\",\"idxP\":80},{\"mq\":\"Mayrand Chef\",\"nm\":\"Savon vert pour les mains\",\"nme\":\"Green Hand Soap\",\"attr\":\"\",\"sku\":\"91069\",\"l2\":\"Nettoyeur\",\"sl\":\"savon-vert-pour-les-mains-mayrand-chef-91069\",\"sn\":\"\",\"idxP\":51},{\"mq\":\"Mayrand Chef\",\"nm\":\"Sac \u00E0 ordure r\u00E9gulier transparent 20\\\"x22\\\"\",\"nme\":\"Regular Clear Garbage Bags 20\\\" x22\\\"\",\"attr\":\"\",\"sku\":\"34695\",\"l2\":\"Sac \u00E0 ordure et poubelle\",\"sl\":\"sac-a-ordure-regulier-transparent-20x22-mayrand-chef-34695\",\"sn\":\"transparent\",\"idxP\":26},{\"mq\":\"Palmolive\",\"nm\":\"Savon \u00E0 vaiselle liquide r\u00E9gulier\",\"nme\":\"Liquid Regular Dish Soap\",\"attr\":\"\",\"sku\":\"35826\",\"l2\":\"Savon \u00E0 vaisselle\",\"sl\":\"savon-a-vaiselle-liquide-regulier-palmolive-35826\",\"sn\":\"\",\"idxP\":52},{\"mq\":\"Rubbermaid\",\"nm\":\"Couvercle gris pour poubelle de 26 gallons\",\"nme\":\"Grey Trash Lid for 26 Gallon Bin\",\"attr\":\"\",\"sku\":\"24981\",\"l2\":\"Sac \u00E0 ordure et poubelle\",\"sl\":\"couvercle-gris-pour-poubelle-de-26-gallons-rubbermaid-24981\",\"sn\":\"\",\"idxP\":5},{\"mq\":\"Mann\",\"nm\":\"Bouteille avec vaporisateur\",\"nme\":\"Spray Bottle 24 oz\",\"attr\":\"\",\"sku\":\"27911\",\"l2\":\"Nettoyeur\",\"sl\":\"bouteille-avec-vaporisateur-mann-27911\",\"sn\":\"\",\"idxP\":33},{\"mq\":\"Klein\",\"nm\":\"Tampons verts \u00E0 r\u00E9curer\",\"nme\":\"Green Scouring Pad\",\"attr\":\"\",\"sku\":\"07953\",\"l2\":\"Article d'entretien\",\"sl\":\"tampons-verts-a-recurer-klein-07953\",\"sn\":\"\",\"idxP\":89},{\"mq\":\"Klein\",\"nm\":\"\u00C9ponges avec tampon \u00E0 r\u00E9curer\",\"nme\":\"Sponge with Scouring Tab\",\"attr\":\"\",\"sku\":\"15977\",\"l2\":\"Article d'entretien\",\"sl\":\"eponges-avec-tampon-a-recurer-klein-15977\",\"sn\":\"\",\"idxP\":80},{\"mq\":\"Klein\",\"nm\":\"Tampons de r\u00E9curage durable\",\"nme\":\"Heavy Duty Scouring Pads\",\"attr\":\"\",\"sku\":\"07954\",\"l2\":\"Article d'entretien\",\"sl\":\"tampons-de-recurage-durable-klein-07954\",\"sn\":\"\",\"idxP\":56},{\"mq\":\"Klein\",\"nm\":\"\u00C9ponges \u00E0 r\u00E9curer\",\"nme\":\"Scrubbing Sponge\",\"attr\":\"\",\"sku\":\"29912\",\"l2\":\"Article d'entretien\",\"sl\":\"eponges-a-recurer-klein-29912\",\"sn\":\"\",\"idxP\":94},{\"mq\":\"Klein\",\"nm\":\"Tampons rectangulaires \u00E0 r\u00E9curer en laine d'acier\",\"nme\":\"Steel Wool Rectangular Pads\",\"attr\":\"\",\"sku\":\"39101\",\"l2\":\"Article d'entretien\",\"sl\":\"tampons-rectangulaires-a-recurer-en-laine-dacier-klein-39101\",\"sn\":\"\",\"idxP\":54},{\"mq\":\"Klein\",\"nm\":\"Tampons de r\u00E9curage\",\"nme\":\"Scouring Pads\",\"attr\":\"\",\"sku\":\"10019\",\"l2\":\"Article d'entretien\",\"sl\":\"tampons-de-recurage-klein-10019\",\"sn\":\"\",\"idxP\":33},{\"mq\":\"Klein\",\"nm\":\"Tampons \u00E0 r\u00E9curer en laiton\",\"nme\":\"Brass Scrubber\",\"attr\":\"\",\"sku\":\"25158\",\"l2\":\"Article d'entretien\",\"sl\":\"tampons-a-recurer-en-laiton-klein-25158\",\"sn\":\"\",\"idxP\":44},{\"mq\":\"Browne\",\"nm\":\"Distributeur de serviettes en papier\",\"nme\":\"Stainless Steel Napkin Dispenser\",\"attr\":\"\",\"sku\":\"10498\",\"l2\":\"Papier et essuie-tout\",\"sl\":\"distributeur-de-serviettes-en-papier-browne-10498\",\"sn\":\"\",\"idxP\":9},{\"mq\":\"Xp-99\",\"nm\":\"Nettoyant ultra puissant pour four et grill\",\"nme\":\"Heavy Duty Oven and Grill Cleaner\",\"attr\":\"\",\"sku\":\"10347\",\"l2\":\"Nettoyeur\",\"sl\":\"nettoyant-ultra-puissant-pour-four-et-grill-xp-99-10347\",\"sn\":\"nettoyeur\",\"idxP\":62},{\"mq\":\"Mayrand Chef\",\"nm\":\"Nettoyeur neutre et d\u00E9sodorisant\",\"nme\":\"Neutral Cleaner and Deodorizer\",\"attr\":\"\",\"sku\":\"15847\",\"l2\":\"Nettoyeur\",\"sl\":\"nettoyeur-neutre-et-desodorisant-mayrand-chef-15847\",\"sn\":\"\",\"idxP\":63},{\"mq\":\"Vim\",\"nm\":\"Nettoyeur en cr\u00E8me javelisant\",\"nme\":\"Bleach Cream Cleaner\",\"attr\":\"\",\"sku\":\"13094\",\"l2\":\"Nettoyeur\",\"sl\":\"nettoyeur-en-creme-javelisant-vim-13094\",\"sn\":\"nettoyeur\",\"idxP\":60},{\"mq\":\"Vim\",\"nm\":\"Nettoyant cr\u00E8me citron\",\"nme\":\"Lemon Cream Cleaner\",\"attr\":\"\",\"sku\":\"09731\",\"l2\":\"Nettoyeur\",\"sl\":\"nettoyant-creme-citron-vim-09731\",\"sn\":\"citrons, nettoyeur\",\"idxP\":34},{\"mq\":\"Grill-x\",\"nm\":\"Nettoyant pour plaque de cuisson et friteuse\",\"nme\":\"Griddle and Fryer Cleaner\",\"attr\":\"\",\"sku\":\"18163\",\"l2\":\"Nettoyeur\",\"sl\":\"nettoyant-pour-plaque-de-cuisson-et-friteuse-grill-x-18163\",\"sn\":\"nettoyeur\",\"idxP\":100},{\"mq\":\"Hertel\",\"nm\":\"Nettoyant d\u00E9sinfectant et d\u00E9graissant Plus\",\"nme\":\"Plus Disinfectant and Degreaser Cleaner\",\"attr\":\"\",\"sku\":\"10770\",\"l2\":\"Nettoyeur\",\"sl\":\"nettoyant-desinfectant-et-degraissant-plus-hertel-10770\",\"sn\":\"nettoyeur\",\"idxP\":79},{\"mq\":\"Superbe\",\"nm\":\"Nettoyant \u00E0 calcaire N-103\",\"nme\":\"Calcareous Detergent\",\"attr\":\"\",\"sku\":\"13558\",\"l2\":\"Nettoyeur\",\"sl\":\"nettoyant-a-calcaire-n-103-superbe-13558\",\"sn\":\"nettoyeur\",\"idxP\":15},{\"mq\":\"Olympic\",\"nm\":\"D\u00E9tersif en poudre concentr\u00E9 citron\",\"nme\":\"Lemon Condensed Powder Detergent\",\"attr\":\"\",\"sku\":\"36358\",\"l2\":\"Lessive\",\"sl\":\"detersif-en-poudre-concentre-citron-olympic-36358\",\"sn\":\"citrons\",\"idxP\":60},{\"mq\":\"Bon Ami\",\"nm\":\"Nettoyant \u00E0 vitres\",\"nme\":\"Glass Cleaner\",\"attr\":\"\",\"sku\":\"38641\",\"l2\":\"Nettoyeur\",\"sl\":\"nettoyant-a-vitres-bon-ami-38641\",\"sn\":\"nettoyeur\",\"idxP\":37},{\"mq\":\"Scrubbing\",\"nm\":\"Nettoyant toilette gel javellisant\",\"nme\":\"Bleach Gel Toilet Cleaner\",\"attr\":\"\",\"sku\":\"25679\",\"l2\":\"Nettoyeur\",\"sl\":\"nettoyant-toilette-gel-javellisant-scrubbing-25679\",\"sn\":\"bathroom, hygienic, nettoyeur\",\"idxP\":36},{\"mq\":\"Mayrand Chef\",\"nm\":\"D\u00E9graissant puissant\",\"nme\":\"Heavy Duty Degreaser\",\"attr\":\"\",\"sku\":\"91263\",\"l2\":\"Nettoyeur\",\"sl\":\"degraissant-puissant-mayrand-chef-91263\",\"sn\":\"\",\"idxP\":100},{\"mq\":\"Mayrand Chef\",\"nm\":\"Nettoyant tout usage\",\"nme\":\"All Purpose Cleaner\",\"attr\":\"\",\"sku\":\"91035\",\"l2\":\"Nettoyeur\",\"sl\":\"nettoyant-tout-usage-mayrand-chef-91035\",\"sn\":\"nettoyeur\",\"idxP\":53},{\"mq\":\"Mayrand Chef\",\"nm\":\"Nettoyant tout usage\",\"nme\":\"All-Purpose Cleaner\",\"attr\":\"\",\"sku\":\"91034\",\"l2\":\"Nettoyeur\",\"sl\":\"nettoyant-tout-usage-mayrand-chef-91034\",\"sn\":\"nettoyeur\",\"idxP\":90},{\"mq\":\"Fantastik\",\"nm\":\"Nettoyant tout usage d\u00E9sinfectant\",\"nme\":\"Disinfectant Cleaner\",\"attr\":\"\",\"sku\":\"34122\",\"l2\":\"Nettoyeur\",\"sl\":\"nettoyant-tout-usage-desinfectant-fantastik-34122\",\"sn\":\"\",\"idxP\":24},{\"mq\":\"Mayrand Chef\",\"nm\":\"D\u00E9tergent pour lessive citron\",\"nme\":\"Lemon Laundry Cleaner\",\"attr\":\"\",\"sku\":\"93247\",\"l2\":\"Lessive\",\"sl\":\"detergent-pour-lessive-citron-mayrand-chef-93247\",\"sn\":\"citrons\",\"idxP\":51},{\"mq\":\"Windex\",\"nm\":\"Nettoyant \u00E0 vitres\",\"nme\":\"Windows Cleaner\",\"attr\":\"\",\"sku\":\"32495\",\"l2\":\"Nettoyeur\",\"sl\":\"nettoyant-a-vitres-windex-32495\",\"sn\":\"nettoyeur\",\"idxP\":32},{\"mq\":\"Lolitta\",\"nm\":\"Chiffon tout-usage\",\"nme\":\"All-Purpose Cloth\",\"attr\":\"\",\"sku\":\"12817\",\"l2\":\"Article d'entretien\",\"sl\":\"chiffon-tout-usage-lolitta-12817\",\"sn\":\"\",\"idxP\":40},{\"mq\":\"S.O.S\",\"nm\":\"Tampons d'acier \u00E0 r\u00E9curer\",\"nme\":\"Steel Wool Pads\",\"attr\":\"\",\"sku\":\"38036\",\"l2\":\"Article d'entretien\",\"sl\":\"tampons-dacier-a-recurer-s.o.s-38036\",\"sn\":\"\",\"idxP\":46},{\"mq\":\"Sagetra\",\"nm\":\"Distributeur de serviettes 7 1\\\/8\\\"x3 7\\\/8\\\"x4 3\\\/4''\",\"nme\":\"Napkin Dispensers 7 1\\\/8\\\" x 3 7\\\/8\\\" x 4 3\\\/4\\\"\",\"attr\":\"\",\"sku\":\"28342\",\"l2\":\"Papier et essuie-tout\",\"sl\":\"distributeur-de-serviettes-7-18x3-78x4-34-sagetra-28342\",\"sn\":\"\",\"idxP\":12},{\"mq\":\"Tradition\",\"nm\":\"Chandelle lampion recharge 60 heures\",\"nme\":\"Lantern Candle 60h Refill\",\"attr\":\"\",\"sku\":\"10043\",\"l2\":\"Combustible\",\"sl\":\"chandelle-lampion-recharge-60-heures-tradition-10043\",\"sn\":\"bougie, chandelle\",\"idxP\":94},{\"mq\":\"Tradition\",\"nm\":\"Chandelle lampion recharge 120h\",\"nme\":\"Lantern Candle refill 120 h\",\"attr\":\"\",\"sku\":\"16121\",\"l2\":\"Combustible\",\"sl\":\"chandelle-lampion-recharge-120h-tradition-16121\",\"sn\":\"bougie, chandelle\",\"idxP\":100},{\"mq\":\"Tradition\",\"nm\":\"Lampion bleu\",\"nme\":\"Blue Candle\",\"attr\":\"\",\"sku\":\"41762\",\"l2\":\"Combustible\",\"sl\":\"lampion-bleu-tradition-41762\",\"sn\":\"\",\"idxP\":37},{\"mq\":\"Tradition\",\"nm\":\"Chandelle blanche 10\\\"\",\"nme\":\"White Candle 10\\\"\",\"attr\":\"\",\"sku\":\"49358\",\"l2\":\"Combustible\",\"sl\":\"chandelle-blanche-10-tradition-49358\",\"sn\":\"bougie, chandelle\",\"idxP\":32},{\"mq\":\"Leolight\",\"nm\":\"Recharge pochette chauffante\",\"nme\":\"Safe Instant Steam Heat\",\"attr\":\"\",\"sku\":\"29477\",\"l2\":\"Combustible\",\"sl\":\"recharge-pochette-chauffante-leolight-29477\",\"sn\":\"\",\"idxP\":21},{\"mq\":\"Tradition\",\"nm\":\"Lampion rouge\",\"nme\":\"Red Candle\",\"attr\":\"\",\"sku\":\"41761\",\"l2\":\"Combustible\",\"sl\":\"lampion-rouge-tradition-41761\",\"sn\":\"\",\"idxP\":40},{\"mq\":\"Klein\",\"nm\":\"Tampons de r\u00E9curage x 10\",\"nme\":\"Scouring Pads\",\"attr\":\"\",\"sku\":\"29539\",\"l2\":\"Article d'entretien\",\"sl\":\"tampons-de-recurage-x-10-klein-29539\",\"sn\":\"\",\"idxP\":39},{\"mq\":\"Marino\",\"nm\":\"Seau et essoreuse 30 gal (grand bleu)\",\"nme\":\"30 Gal Bucket\",\"attr\":\"\",\"sku\":\"90265\",\"l2\":\"Lessive\",\"sl\":\"seau-et-essoreuse-30-gal-grand-bleu-marino-90265\",\"sn\":\"\",\"idxP\":18},{\"mq\":\"Cashmere\",\"nm\":\"Papier hygi\u00E9nique double 242 feuilles\",\"nme\":\"Double Bathroom Tissue 242 Sheets\",\"attr\":\"\",\"sku\":\"29155\",\"l2\":\"Papier et essuie-tout\",\"sl\":\"papier-hygienique-double-242-feuilles-cashmere-29155\",\"sn\":\"\",\"idxP\":44},{\"mq\":\"Vuenet\",\"nm\":\"Lave-vitre -40\u00B0C\",\"nme\":\"Windshield Washer -40\u00B0C\",\"attr\":\"\",\"sku\":\"33783\",\"l2\":\"Nettoyeur\",\"sl\":\"lave-vitre-40c-vuenet-33783\",\"sn\":\"\",\"idxP\":100},{\"mq\":\"Draco\",\"nm\":\"Combustible \u00E0 fondue en gel\",\"nme\":\"Gel Fondue Fuel\",\"attr\":\"\",\"sku\":\"33258\",\"l2\":\"Combustible\",\"sl\":\"combustible-a-fondue-en-gel-draco-33258\",\"sn\":\"\",\"idxP\":73},{\"mq\":\"Elite\",\"nm\":\"Combustible \u00E0 fondue\",\"nme\":\"Fondue Fuel\",\"attr\":\"\",\"sku\":\"33259\",\"l2\":\"Combustible\",\"sl\":\"combustible-a-fondue-elite-33259\",\"sn\":\"\",\"idxP\":74},{\"mq\":\"Lavo\",\"nm\":\"Eau de javel 6%\",\"nme\":\"Liquid Bleach 6%\",\"attr\":\"\",\"sku\":\"35457\",\"l2\":\"Lessive\",\"sl\":\"eau-de-javel-6-lavo-35457\",\"sn\":\"\",\"idxP\":100},{\"mq\":\"Lavo\",\"nm\":\"Eau de javel 12%\",\"nme\":\"Liquid Bleach 12%\",\"attr\":\"\",\"sku\":\"35466\",\"l2\":\"Lessive\",\"sl\":\"eau-de-javel-12-lavo-35466\",\"sn\":\"\",\"idxP\":100},{\"mq\":\"Kodiak\",\"nm\":\"Bouteille grand cou avec vaporisateur 32oz\",\"nme\":\"Wide mouth trigger spray bottle 32oz\",\"attr\":\"\",\"sku\":\"39320\",\"l2\":\"Nettoyeur\",\"sl\":\"bouteille-grand-cou-avec-vaporisateur-32oz-kodiak-39320\",\"sn\":\"\",\"idxP\":13},{\"mq\":\"Preference\",\"nm\":\"D\u00E9sinfectant assainisseur pr\u00E9-quat\",\"nme\":\"Disinfectant sanitizer pre-quat\",\"attr\":\"\",\"sku\":\"39321\",\"l2\":\"Nettoyeur\",\"sl\":\"desinfectant-assainisseur-pre-quat-preference-39321\",\"sn\":\"\",\"idxP\":14},{\"mq\":\"Tuff Guy\",\"nm\":\"Sac compostable pour d\u00E9chet organique 16.5x16.5\",\"nme\":\"Compostable Kitchen Organic Bag 17\\\"x16\\\"\",\"attr\":\"\",\"sku\":\"40332\",\"l2\":\"Sac \u00E0 ordure et poubelle\",\"sl\":\"sac-compostable-pour-dechet-organique-16.5x16.5-tuff-guy-40332\",\"sn\":\"biologique\",\"idxP\":92},{\"mq\":\"Tide\",\"nm\":\"D\u00E9tergent \u00E0 lessive HE original 107 brass\u00E9es\",\"nme\":\"HE Original fabric detergent 107 loads\",\"attr\":\"\",\"sku\":\"40887\",\"l2\":\"Lessive\",\"sl\":\"detergent-a-lessive-he-original-107-brassees-tide-40887\",\"sn\":\"\",\"idxP\":10},{\"mq\":\"Tide\",\"nm\":\"D\u00E9tergent \u00E0 lessive HE eau froide original\",\"nme\":\"HE cold water Original fabric detergent\",\"attr\":\"\",\"sku\":\"40892\",\"l2\":\"Lessive\",\"sl\":\"detergent-a-lessive-he-eau-froide-original-tide-40892\",\"sn\":\"\",\"idxP\":10},{\"mq\":\"Dawn\",\"nm\":\"D\u00E9tergent casserole liquide original profesionnel\",\"nme\":\"Professional original liquid pan soap\",\"attr\":\"\",\"sku\":\"40766\",\"l2\":\"Savon \u00E0 vaisselle\",\"sl\":\"detergent-casserole-liquide-original-profesionnel-dawn-40766\",\"sn\":\"commercial\",\"idxP\":44},{\"mq\":\"DawnUltra\",\"nm\":\"Savon \u00E0 vaisselle liquide ultra original\",\"nme\":\"Original ultra liquid dish soap\",\"attr\":\"\",\"sku\":\"01268\",\"l2\":\"Savon \u00E0 vaisselle\",\"sl\":\"savon-a-vaisselle-liquide-ultra-original-dawnultra-01268\",\"sn\":\"\",\"idxP\":41},{\"mq\":\"Cascades\",\"nm\":\"Essuie-tout Tuff enviro jumbo\",\"nme\":\"Tuff enviro jumbo paper towel\",\"attr\":\"\",\"sku\":\"01257\",\"l2\":\"Papier et essuie-tout\",\"sl\":\"essuie-tout-tuff-enviro-jumbo-cascades-01257\",\"sn\":\"\",\"idxP\":50},{\"mq\":\"Feuille d'\u00E9rable\",\"nm\":\"Bois de chauffage 1piedcube Bois franc 100%\",\"nme\":\"Firewood 1 cubic foot Hardwood 100%\",\"attr\":\"\",\"sku\":\"01457\",\"l2\":\"Combustible\",\"sl\":\"bois-de-chauffage-1piedcube-bois-franc-100-feuille-derable-01457\",\"sn\":\"\",\"idxP\":72},{\"mq\":\"Barbex\",\"nm\":\"Granules de fumage 100% bois de ch\u00EAne rouge\",\"nme\":\"Smoking pellets 100% red oak wood\",\"attr\":\"Produit local\",\"sku\":\"40412\",\"l2\":\"Combustible\",\"sl\":\"granules-de-fumage-100-bois-de-chene-rouge-barbex-40412\",\"sn\":\"\",\"idxP\":9},{\"mq\":\"Feuille d'\u00E9rable\",\"nm\":\"Briquette de charbon bois franc\",\"nme\":\"Hardwood charcoal briquette\",\"attr\":\"\",\"sku\":\"01458\",\"l2\":\"Combustible\",\"sl\":\"briquette-de-charbon-bois-franc-feuille-derable-01458\",\"sn\":\"\",\"idxP\":43},{\"mq\":\"Tide\",\"nm\":\"D\u00E9tergent lessive liquide 2xHE original 32brass\u00E9es\",\"nme\":\"Original 2xHE Liquid Laundry Detergent 32loads\",\"attr\":\"\",\"sku\":\"01563\",\"l2\":\"Lessive\",\"sl\":\"detergent-lessive-liquide-2xhe-original-32brassees-tide-01563\",\"sn\":\"\",\"idxP\":-1},{\"mq\":\"Tide\",\"nm\":\"Capsules d\u00E9tergent lessive HE 3en1 Spring Meadow\",\"nme\":\"Spring Meadow HE 3in1 Laundry Detergent pacs\",\"attr\":\"\",\"sku\":\"01575\",\"l2\":\"Lessive\",\"sl\":\"capsules-detergent-lessive-he-3en1-spring-meadow-tide-01575\",\"sn\":\"\",\"idxP\":4},{\"mq\":\"Tide\",\"nm\":\"Capsules d\u00E9tergent lessive HE 3en1 Original\",\"nme\":\"Original HE 3in1 Laundry Detergent pacs\",\"attr\":\"\",\"sku\":\"01576\",\"l2\":\"Lessive\",\"sl\":\"capsules-detergent-lessive-he-3en1-original-tide-01576\",\"sn\":\"\",\"idxP\":7},{\"mq\":\"Olympic\",\"nm\":\"Savon \u00E0 vaiselle liquide citron\",\"nme\":\"Lemon liquid dish soap\",\"attr\":\"\",\"sku\":\"01786\",\"l2\":\"Savon \u00E0 vaisselle\",\"sl\":\"savon-a-vaiselle-liquide-citron-olympic-01786\",\"sn\":\"citrons\",\"idxP\":100},{\"mq\":\"Gain\",\"nm\":\"Feuilles assouplissantes Original 250feuilles\",\"nme\":\"Original dryer sheets 250sheets\",\"attr\":\"\",\"sku\":\"02286\",\"l2\":\"Lessive\",\"sl\":\"feuilles-assouplissantes-original-250feuilles-gain-02286\",\"sn\":\"\",\"idxP\":21},{\"mq\":\"Leolight\",\"nm\":\"Combustible liquide \u00E0 m\u00E8che 6 hrs\",\"nme\":\"Wick Chafing Fuel 6 hrs\",\"attr\":\"\",\"sku\":\"25438\",\"l2\":\"Combustible\",\"sl\":\"combustible-liquide-a-meche-6-hrs-leolight-25438\",\"sn\":\"\",\"idxP\":72},{\"mq\":\"Leolight\",\"nm\":\"Combustible liquide \u00E0 m\u00E8che\",\"nme\":\"Wick Chafing Fuel\",\"attr\":\"\",\"sku\":\"25437\",\"l2\":\"Combustible\",\"sl\":\"combustible-liquide-a-meche-leolight-25437\",\"sn\":\"\",\"idxP\":87},{\"mq\":\"Pine-sol\",\"nm\":\"Nettoyant tout-usage lavande\",\"nme\":\"Lavender all purpose cleaner\",\"attr\":\"\",\"sku\":\"03030\",\"l2\":\"Nettoyeur\",\"sl\":\"nettoyant-tout-usage-lavande-pine-sol-03030\",\"sn\":\"nettoyeur\",\"idxP\":74},{\"mq\":\"Bounty\",\"nm\":\"Essuie-tout simple plus 74 feuilles\",\"nme\":\"Select a size paper towel\",\"attr\":\"\",\"sku\":\"66508\",\"l2\":\"Papier et essuie-tout\",\"sl\":\"essuie-tout-simple-plus-74-feuilles-bounty-66508\",\"sn\":\"\",\"idxP\":0},{\"mq\":\"J.E.T. papers\",\"nm\":\"Papier hygi\u00E9nique 2 pli 600'\",\"nme\":\"2 ply toilet paperb600'\",\"attr\":\"\",\"sku\":\"66855\",\"l2\":\"Papier et essuie-tout\",\"sl\":\"papier-hygienique-2-pli-600-j.e.t.-papers-66855\",\"sn\":\"\",\"idxP\":0},{\"mq\":\"Mayrand Chef\",\"nm\":\"Nettoyant \u00E0 plaque\",\"nme\":\"Grill cleaner\",\"attr\":\"\",\"sku\":\"92095\",\"l2\":\"Nettoyeur\",\"sl\":\"nettoyant-a-plaque-mayrand-chef-92095\",\"sn\":\"nettoyeur\",\"idxP\":97},{\"mq\":\"J.E.T. Collection\",\"nm\":\"Essuie-main brun 8\\\"x350'\",\"nme\":\"Brown roll hand towel 8\\\"x350'\",\"attr\":\"\",\"sku\":\"67006\",\"l2\":\"Papier et essuie-tout\",\"sl\":\"essuie-main-brun-8x350-j.e.t.-collection-67006\",\"sn\":\"\",\"idxP\":100},{\"mq\":\"J.E.T. Collection\",\"nm\":\"Essuie-main rouleau blanc 8\\\"x350\\\"\",\"nme\":\"8\\\" White Hand Towel Roll\",\"attr\":\"\",\"sku\":\"11163\",\"l2\":\"Papier et essuie-tout\",\"sl\":\"essuie-main-rouleau-blanc-8x350-j.e.t.-collection-11163\",\"sn\":\"\",\"idxP\":43},{\"mq\":\"Downy\",\"nm\":\"Assouplisseur textile fraicheur avril (150br.)\",\"nme\":\"April fresh fabric softener 150 load\",\"attr\":\"\",\"sku\":\"67327\",\"l2\":\"Lessive\",\"sl\":\"assouplisseur-textile-fraicheur-avril-150br.-downy-67327\",\"sn\":\"\",\"idxP\":0},{\"mq\":\"Mayrand Chef\",\"nm\":\"Sac \u00E0 ordure r\u00E9gulier transparent 30\\\"x38\\\"\",\"nme\":\"Regular Clear Garbage Bag 30 po x 38 po\",\"attr\":\"\",\"sku\":\"08725\",\"l2\":\"Sac \u00E0 ordure et poubelle\",\"sl\":\"sac-a-ordure-regulier-transparent-30x38-mayrand-chef-08725\",\"sn\":\"transparent\",\"idxP\":33},{\"mq\":\"J.E.T. Collection\",\"nm\":\"Essuie-main pli simple kraft\",\"nme\":\"Single fold kraft hand paper towel\",\"attr\":\"\",\"sku\":\"67364\",\"l2\":\"Papier et essuie-tout\",\"sl\":\"essuie-main-pli-simple-kraft-j.e.t.-collection-67364\",\"sn\":\"\",\"idxP\":0},{\"mq\":\"J.E.T\",\"nm\":\"Papier Hygi\u00E9nique 420 feuilles\",\"nme\":\"420 Sheets Bathroom Tissue\",\"attr\":\"\",\"sku\":\"67337\",\"l2\":\"Papier et essuie-tout\",\"sl\":\"papier-hygienique-420-feuilles-j.e.t-67337\",\"sn\":\"\",\"idxP\":0},{\"mq\":\"J.E.T. Collection\",\"nm\":\"Essuie-main pli simple blanc\",\"nme\":\"Single fold white hand paper towel\",\"attr\":\"\",\"sku\":\"11379\",\"l2\":\"Papier et essuie-tout\",\"sl\":\"essuie-main-pli-simple-blanc-j.e.t.-collection-11379\",\"sn\":\"\",\"idxP\":0},{\"mq\":\"Leolight\",\"nm\":\"Gel methanol bleu 2,5 h\",\"nme\":\"Methanol Blue Gel 2.5 hrs\",\"attr\":\"\",\"sku\":\"25471\",\"l2\":\"Combustible\",\"sl\":\"gel-methanol-bleu-25-h-leolight-25471\",\"sn\":\"\",\"idxP\":60},{\"mq\":\"J.E.T\",\"nm\":\"Chiffon bleu pour service alimentaire\",\"nme\":\"Blue Food Service Rag\",\"attr\":\"\",\"sku\":\"70271\",\"l2\":\"Article d'entretien\",\"sl\":\"chiffon-bleu-pour-service-alimentaire-j.e.t-70271\",\"sn\":\"\",\"idxP\":30},{\"mq\":\"Mayrand CHEF\",\"nm\":\"D\u00E9tergent \u00E0 vaisselle professionel avec pompe\",\"nme\":\"Professonal Dish Detergent With Pump\",\"attr\":\"\",\"sku\":\"67666\",\"l2\":\"Savon \u00E0 vaisselle\",\"sl\":\"detergent-a-vaisselle-professionel-avec-pompe-mayrand-chef-67666\",\"sn\":\"commercial\",\"idxP\":100},{\"mq\":\"Xylo-Carbone\",\"nm\":\"Charbon de bois\",\"nme\":\"Charcoal\",\"attr\":\"\",\"sku\":\"11611\",\"l2\":\"Combustible\",\"sl\":\"charbon-de-bois-xylo-carbone-11611\",\"sn\":\"\",\"idxP\":0},{\"mq\":\"Preference\",\"nm\":\"D\u00E9tergent industriel lave-vaisselle sans chlore\",\"nme\":\"Chlorine Free Industrial Dishwasher Detergent\",\"attr\":\"\",\"sku\":\"70273\",\"l2\":\"Savon \u00E0 vaisselle\",\"sl\":\"detergent-industriel-lave-vaisselle-sans-chlore-preference-70273\",\"sn\":\"\",\"idxP\":42},{\"mq\":\"Preference\",\"nm\":\"Agent de rin\u00E7age lave-vaisselle industriel\",\"nme\":\"Industrial Dishwasher Rince Additive\",\"attr\":\"\",\"sku\":\"70274\",\"l2\":\"Savon \u00E0 vaisselle\",\"sl\":\"agent-de-rincage-lave-vaisselle-industriel-preference-70274\",\"sn\":\"\",\"idxP\":0},{\"mq\":\"J.E.T. Collection\",\"nm\":\"Essuie-main papier brun 12x600'\",\"nme\":\"12x600' Brown Hand Towel\",\"attr\":\"\",\"sku\":\"68109\",\"l2\":\"Papier et essuie-tout\",\"sl\":\"essuie-main-papier-brun-12x600-j.e.t.-collection-68109\",\"sn\":\"\",\"idxP\":0}], [{\"mq\":\"J.E.T. Collection\",\"nm\":\"Essuie-main papier blanc12x600'\",\"nme\":\"12x600' White Hand Towel\",\"attr\":\"\",\"sku\":\"12054\",\"l2\":\"Papier et essuie-tout\",\"sl\":\"essuie-main-papier-blanc12x600-j.e.t.-collection-12054\",\"sn\":\"\",\"idxP\":0},{\"mq\":\"Scotties\",\"nm\":\"Mouchoirs blancs 3 \u00E9paisseurs\",\"nme\":\"3 Ply White Facial Tissues\",\"attr\":\"\",\"sku\":\"68149\",\"l2\":\"Papier et essuie-tout\",\"sl\":\"mouchoirs-blancs-3-epaisseurs-scotties-68149\",\"sn\":\"\",\"idxP\":0},{\"mq\":\"Grampa Willies\",\"nm\":\"Bois d'allumage 0.3 pi.cu.\",\"nme\":\"Kindling wood 0.3 cu. ft\",\"attr\":\"\",\"sku\":\"12143\",\"l2\":\"Combustible\",\"sl\":\"bois-dallumage-0.3-pi.cu.-grampa-willies-12143\",\"sn\":\"\",\"idxP\":0},{\"mq\":\"Grampa Willies\",\"nm\":\"Bois de chauffage 0.75 pi.cu.\",\"nme\":\"Fire Wood 0.75 cu. ft\",\"attr\":\"\",\"sku\":\"12144\",\"l2\":\"Combustible\",\"sl\":\"bois-de-chauffage-0.75-pi.cu.-grampa-willies-12144\",\"sn\":\"\",\"idxP\":0},{\"mq\":\"Grampa Willies\",\"nm\":\"Allume-feu en cubes\",\"nme\":\"Fire Starter Cubes\",\"attr\":\"\",\"sku\":\"12148\",\"l2\":\"Combustible\",\"sl\":\"allume-feu-en-cubes-grampa-willies-12148\",\"sn\":\"\",\"idxP\":0},{\"mq\":\"Leolight\",\"nm\":\"Chandelle paraffine blanche 15hrs\",\"nme\":\"White Votive Candle 15hrs\",\"attr\":\"\",\"sku\":\"12281\",\"l2\":\"Combustible\",\"sl\":\"chandelle-paraffine-blanche-15hrs-leolight-12281\",\"sn\":\"bougie, chandelle\",\"idxP\":0},{\"mq\":\"Sponge Towels\",\"nm\":\"Essuie-tout ultra 3=6\",\"nme\":\"3=6 Ultra Paper Towels\",\"attr\":\"\",\"sku\":\"68368\",\"l2\":\"Papier et essuie-tout\",\"sl\":\"essuie-tout-ultra-36-sponge-towels-68368\",\"sn\":\"\",\"idxP\":0},{\"mq\":\"Sponge Towels\",\"nm\":\"Essuie-tout ultra 6=12\",\"nme\":\"6=12 Ultra Paper Towels\",\"attr\":\"\",\"sku\":\"68367\",\"l2\":\"Papier et essuie-tout\",\"sl\":\"essuie-tout-ultra-612-sponge-towels-68367\",\"sn\":\"\",\"idxP\":0},{\"mq\":\"Cashmere\",\"nm\":\"Papier hygi\u00E9nique triple 363 feuilles\",\"nme\":\"363 Sheets Triple Ply Toilet Paper\",\"attr\":\"\",\"sku\":\"68370\",\"l2\":\"Papier et essuie-tout\",\"sl\":\"papier-hygienique-triple-363-feuilles-cashmere-68370\",\"sn\":\"bathroom, hygienic\",\"idxP\":0},{\"mq\":\"Cashmere\",\"nm\":\"Papier hygi\u00E9nique double 242 feuilles\",\"nme\":\"242 Sheets Double Ply Toilet Paper\",\"attr\":\"\",\"sku\":\"68369\",\"l2\":\"Papier et essuie-tout\",\"sl\":\"papier-hygienique-double-242-feuilles-cashmere-68369\",\"sn\":\"bathroom, hygienic\",\"idxP\":0},{\"mq\":\"Martin\",\"nm\":\"Bonbonne de butane\",\"nme\":\"Butane Canister\",\"attr\":\"\",\"sku\":\"12468\",\"l2\":\"Combustible\",\"sl\":\"bonbonne-de-butane-martin-12468\",\"sn\":\"\",\"idxP\":0},{\"mq\":\"Old Dutch\",\"nm\":\"D\u00E9tergent liquide \u00E0 lessive fra\u00EEcheur d'\u00E9t\u00E9\",\"nme\":\"Liquid Laundry Detergent 4 L\",\"attr\":\"\",\"sku\":\"22932\",\"l2\":\"Lessive\",\"sl\":\"detergent-liquide-a-lessive-fraicheur-dete-22932\",\"sn\":\"\",\"idxP\":33},{\"mq\":\"Old Dutch\",\"nm\":\"D\u00E9tergent liquide \u00E0 lessive brise matinale\",\"nme\":\"Liquid Laundry Detergent 4 L\",\"attr\":\"\",\"sku\":\"22933\",\"l2\":\"Lessive\",\"sl\":\"detergent-liquide-a-lessive-brise-matinale-22933\",\"sn\":\"\",\"idxP\":33},{\"mq\":\"Mayrand Chef\",\"nm\":\"Nettoyant tout usage\",\"nme\":\"All Purpose Cleaner\",\"attr\":\"\",\"sku\":\"12600\",\"l2\":\"Nettoyeur\",\"sl\":\"nettoyant-tout-usage-12600\",\"sn\":\"nettoyeur\",\"idxP\":33},{\"mq\":\"Mayrand Chef\",\"nm\":\"Nettoyant \u00E0 vitre parfum\u00E9\",\"nme\":\"Scented Glass Cleaner\",\"attr\":\"\",\"sku\":\"12601\",\"l2\":\"Nettoyeur\",\"sl\":\"nettoyant-a-vitre-parfume-12601\",\"sn\":\"nettoyeur\",\"idxP\":33},{\"mq\":\"Mayrand Chef\",\"nm\":\"Savon \u00E0 mains avec triclosan\",\"nme\":\"Hand Soap with Triclosan\",\"attr\":\"\",\"sku\":\"12602\",\"l2\":\"Nettoyeur\",\"sl\":\"savon-a-mains-avec-triclosan-12602\",\"sn\":\"\",\"idxP\":33},{\"mq\":\"Mayrand Chef\",\"nm\":\"D\u00E9tergent \u00E0 vaisselle au citron\",\"nme\":\"Lemon Dish Soap\",\"attr\":\"\",\"sku\":\"12603\",\"l2\":\"Savon \u00E0 vaisselle\",\"sl\":\"detergent-a-vaisselle-au-citron-12603\",\"sn\":\"citrons\",\"idxP\":33},{\"mq\":\"MiMi\",\"nm\":\"Papier mouchoir de poche 2 plis\",\"nme\":\"2 Ply Pocket Facial Tissues\",\"attr\":\"\",\"sku\":\"12676\",\"l2\":\"Papier et essuie-tout\",\"sl\":\"papier-mouchoir-de-poche-2-plis-12676\",\"sn\":\"\",\"idxP\":0},{\"mq\":\"La Parisienne\",\"nm\":\"D\u00E9tergent lessive Inspira 200 brass\u00E9es\",\"nme\":\"200 Loads Inspira Laundry Detergent\",\"attr\":\"\",\"sku\":\"68708\",\"l2\":\"Lessive\",\"sl\":\"detergent-lessive-inspira-200-brassees-68708\",\"sn\":\"\",\"idxP\":33},{\"mq\":\"Cuisinart\",\"nm\":\"Grattoir plaque cuisson robuste\",\"nme\":\"Heavy Duty Griddle Scraper\",\"attr\":\"\",\"sku\":\"12738\",\"l2\":\"Article d'entretien\",\"sl\":\"grattoir-plaque-cuisson-robuste-12738\",\"sn\":\"\",\"idxP\":0},{\"mq\":\"Cascades\",\"nm\":\"Papier hygi\u00E9nique Fluff Excellence\",\"nme\":\"Fluff Excellence Toilet Paper\",\"attr\":\"\",\"sku\":\"12860\",\"l2\":\"Papier et essuie-tout\",\"sl\":\"papier-hygienique-fluff-excellence-12860\",\"sn\":\"bathroom, hygienic\",\"idxP\":0},{\"mq\":\"Victoria\",\"nm\":\"Tampon \u00E0 r\u00E9curer maille\",\"nme\":\"Chainmail Scrubber\",\"attr\":\"\",\"sku\":\"12950\",\"l2\":\"Article d'entretien\",\"sl\":\"tampon-a-recurer-maille-12950\",\"sn\":\"\",\"idxP\":0},{\"mq\":\"Joseph Joseph\",\"nm\":\"Recharge \u00E9ponge\",\"nme\":\"Sponge Refill\",\"attr\":\"\",\"sku\":\"12957\",\"l2\":\"Article d'entretien\",\"sl\":\"recharge-eponge-12957\",\"sn\":\"\",\"idxP\":0},{\"mq\":\"Joseph Joseph\",\"nm\":\"Porte essuie-tout\",\"nme\":\"Kitchen Roll Holder\",\"attr\":\"\",\"sku\":\"12961\",\"l2\":\"Article d'entretien\",\"sl\":\"porte-essuie-tout-12961\",\"sn\":\"\",\"idxP\":0},{\"mq\":\"Old Dutch\",\"nm\":\"Assouplisseur fra\u00EEcheur printemps\",\"nme\":\"Spring Freshness Fabric Softener\",\"attr\":\"\",\"sku\":\"68756\",\"l2\":\"Lessive\",\"sl\":\"assouplisseur-fraicheur-printemps-68756\",\"sn\":\"\",\"idxP\":0},{\"mq\":\"Cashmere\",\"nm\":\"Papier hygi\u00E9nique 3 plis\",\"nme\":\"3 Ply Toilet Paper\",\"attr\":\"\",\"sku\":\"13110\",\"l2\":\"Papier et essuie-tout\",\"sl\":\"papier-hygienique-3-plis-13110\",\"sn\":\"bathroom, hygienic\",\"idxP\":0},{\"mq\":\"Titan\",\"nm\":\"Poubelle grise 20G\\\/75L\",\"nme\":\"20G\\\/75L Grey Waste Bin\",\"attr\":\"\",\"sku\":\"13416\",\"l2\":\"Sac \u00E0 ordure et poubelle\",\"sl\":\"poubelle-grise-20g75l-13416\",\"sn\":\"\",\"idxP\":0},{\"mq\":\"Titan\",\"nm\":\"Poubelle grise 32G\\\/121L\",\"nme\":\"32G\\\/121L Grey Waste Bin\",\"attr\":\"\",\"sku\":\"13417\",\"l2\":\"Sac \u00E0 ordure et poubelle\",\"sl\":\"poubelle-grise-32g121l-13417\",\"sn\":\"\",\"idxP\":0},{\"mq\":\"Titan\",\"nm\":\"Couvercle poubelle grise 20G\\\/75L\",\"nme\":\"20G\\\/75L Grey Waste Bin Lid\",\"attr\":\"\",\"sku\":\"13419\",\"l2\":\"Sac \u00E0 ordure et poubelle\",\"sl\":\"couvercle-poubelle-grise-20g75l-13419\",\"sn\":\"\",\"idxP\":0},{\"mq\":\"Titan\",\"nm\":\"Couvercle poubelle grise 32G\\\/121L\",\"nme\":\"32G\\\/121L Grey Waste Bin Lid\",\"attr\":\"\",\"sku\":\"13421\",\"l2\":\"Sac \u00E0 ordure et poubelle\",\"sl\":\"couvercle-poubelle-grise-32g121l-13421\",\"sn\":\"\",\"idxP\":0},{\"mq\":\"Grizzly\",\"nm\":\"Seau jaune avec essoreuse 30L\",\"nme\":\"30L Yellow Side-Press Bucket\",\"attr\":\"\",\"sku\":\"13422\",\"l2\":\"Article d'entretien\",\"sl\":\"seau-jaune-avec-essoreuse-30l-13422\",\"sn\":\"\",\"idxP\":0},{\"mq\":\"Junior\",\"nm\":\"Seau jaune avec essoreuse 20L\",\"nme\":\"20L Yellow Side-Press Bucket\",\"attr\":\"\",\"sku\":\"13424\",\"l2\":\"Article d'entretien\",\"sl\":\"seau-jaune-avec-essoreuse-20l-13424\",\"sn\":\"\",\"idxP\":0},{\"nm\":\"Seau jaune avec essoreuse 24.5L\",\"nme\":\"24.5L Yellow Side-Press Bucket\",\"attr\":\"\",\"sku\":\"13428\",\"l2\":\"Article d'entretien\",\"sl\":\"seau-jaune-avec-essoreuse-245l-13428\",\"sn\":\"\",\"idxP\":0},{\"mq\":\"Galaxy\",\"nm\":\"Balai et porte-poussi\u00E8re\",\"nme\":\"Broom and Dust Pan\",\"attr\":\"\",\"sku\":\"13431\",\"l2\":\"Article d'entretien\",\"sl\":\"balai-et-porte-poussiere-13431\",\"sn\":\"\",\"idxP\":0},{\"nm\":\"Balai et porte-poussi\u00E8re rouge\",\"nme\":\"Red Broom and Dust Pan\",\"attr\":\"\",\"sku\":\"13433\",\"l2\":\"Article d'entretien\",\"sl\":\"balai-et-porte-poussiere-rouge-13433\",\"sn\":\"\",\"idxP\":0},{\"nm\":\"Porte-poussi\u00E8re noir 12\\\"\",\"nme\":\"12\\\" Black Dust Pan\",\"attr\":\"\",\"sku\":\"13434\",\"l2\":\"Article d'entretien\",\"sl\":\"porte-poussiere-noir-12-13434\",\"sn\":\"\",\"idxP\":0},{\"mq\":\"Synray\",\"nm\":\"Vadrouille t\u00EAte 16oz\",\"nme\":\"16oz Wet Mop\",\"attr\":\"\",\"sku\":\"13437\",\"l2\":\"Article d'entretien\",\"sl\":\"vadrouille-tete-16oz-13437\",\"sn\":\"serpilli\u00E8re\",\"idxP\":0},{\"mq\":\"Synray\",\"nm\":\"Vadrouille t\u00EAte 20oz\",\"nme\":\"20oz Wet Mop\",\"attr\":\"\",\"sku\":\"13441\",\"l2\":\"Article d'entretien\",\"sl\":\"vadrouille-tete-20oz-13441\",\"sn\":\"serpilli\u00E8re\",\"idxP\":0},{\"mq\":\"Synray\",\"nm\":\"Vadrouille t\u00EAte 24oz\",\"nme\":\"24oz Wet Mop\",\"attr\":\"\",\"sku\":\"13442\",\"l2\":\"Article d'entretien\",\"sl\":\"vadrouille-tete-24oz-13442\",\"sn\":\"serpilli\u00E8re\",\"idxP\":0},{\"mq\":\"Synray\",\"nm\":\"Vadrouille t\u00EAte 32oz\",\"nme\":\"32oz Wet Mop\",\"attr\":\"\",\"sku\":\"13443\",\"l2\":\"Article d'entretien\",\"sl\":\"vadrouille-tete-32oz-13443\",\"sn\":\"serpilli\u00E8re\",\"idxP\":0},{\"mq\":\"Synray\",\"nm\":\"Vadrouille yacht manche bois 8oz\",\"nme\":\"8oz Wooden Handle Yacht Mop\",\"attr\":\"\",\"sku\":\"13444\",\"l2\":\"Article d'entretien\",\"sl\":\"vadrouille-yacht-manche-bois-8oz-13444\",\"sn\":\"serpilli\u00E8re\",\"idxP\":0},{\"mq\":\"Synray\",\"nm\":\"Vadrouille yacht manche bois 12oz\",\"nme\":\"12oz Wooden Handle Yacht Mop\",\"attr\":\"\",\"sku\":\"13445\",\"l2\":\"Article d'entretien\",\"sl\":\"vadrouille-yacht-manche-bois-12oz-13445\",\"sn\":\"serpilli\u00E8re\",\"idxP\":0},{\"mq\":\"Synray\",\"nm\":\"Vadrouille yacht manche bois 16oz\",\"nme\":\"16oz Wooden Handle Yacht Mop\",\"attr\":\"\",\"sku\":\"13446\",\"l2\":\"Article d'entretien\",\"sl\":\"vadrouille-yacht-manche-bois-16oz-13446\",\"sn\":\"serpilli\u00E8re\",\"idxP\":0},{\"mq\":\"Synray\",\"nm\":\"Vadrouille yacht manche bois 20oz\",\"nme\":\"20oz Wooden Handle Yacht Mop\",\"attr\":\"\",\"sku\":\"13447\",\"l2\":\"Article d'entretien\",\"sl\":\"vadrouille-yacht-manche-bois-20oz-13447\",\"sn\":\"serpilli\u00E8re\",\"idxP\":0},{\"mq\":\"Snap-2-Go\",\"nm\":\"Manche vadrouille fibre verre 60\\\"\",\"nme\":\"60\\\" Fiberglass Mop Handle\",\"attr\":\"\",\"sku\":\"13448\",\"l2\":\"Article d'entretien\",\"sl\":\"manche-vadrouille-fibre-verre-60-13448\",\"sn\":\"serpilli\u00E8re\",\"idxP\":0},{\"mq\":\"ProMop\",\"nm\":\"Vadrouille moyenne manche m\u00E9tal bleu\",\"nme\":\"Medium Blue Metal Handle Mop\",\"attr\":\"\",\"sku\":\"13450\",\"l2\":\"Article d'entretien\",\"sl\":\"vadrouille-moyenne-manche-metal-bleu-13450\",\"sn\":\"serpilli\u00E8re\",\"idxP\":0},{\"mq\":\"Static-H\",\"nm\":\"Vadrouille poussi\u00E8re bleue 36\\\"\",\"nme\":\"36\\\" Blue Dust Mop\",\"attr\":\"\",\"sku\":\"13452\",\"l2\":\"Article d'entretien\",\"sl\":\"vadrouille-poussiere-bleue-36-13452\",\"sn\":\"serpilli\u00E8re\",\"idxP\":0},{\"mq\":\"G-Stat\",\"nm\":\"Vadrouille poussi\u00E8re bleue 36\\\"\",\"nme\":\"36\\\" Blue Dust Mop\",\"attr\":\"\",\"sku\":\"13454\",\"l2\":\"Article d'entretien\",\"sl\":\"vadrouille-poussiere-bleue-36-13454\",\"sn\":\"serpilli\u00E8re\",\"idxP\":0},{\"mq\":\"Cotton-Pro\",\"nm\":\"Vadrouille poussi\u00E8re universelle coton 36\\\"\",\"nme\":\"36\\\" Universal Cotton Dust Mop\",\"attr\":\"\",\"sku\":\"13461\",\"l2\":\"Article d'entretien\",\"sl\":\"vadrouille-poussiere-universelle-coton-36-13461\",\"sn\":\"serpilli\u00E8re\",\"idxP\":0},{\"nm\":\"Balai racle manche m\u00E9tal 24\\\"\",\"nme\":\"24\\\" Metal Handle Squeegee Push Broom\",\"attr\":\"\",\"sku\":\"13464\",\"l2\":\"Article d'entretien\",\"sl\":\"balai-racle-manche-metal-24-13464\",\"sn\":\"\",\"idxP\":0},{\"mq\":\"Hercules\",\"nm\":\"Balai angle manche m\u00E9tal 16\\\"\",\"nme\":\"16\\\" Metal Handle Angle Broom\",\"attr\":\"\",\"sku\":\"13466\",\"l2\":\"Article d'entretien\",\"sl\":\"balai-angle-manche-metal-16-13466\",\"sn\":\"\",\"idxP\":0},{\"nm\":\"Balai angle manche m\u00E9tal 13\\\"\",\"nme\":\"13\\\" Metal Handle Angle Broom\",\"attr\":\"\",\"sku\":\"13467\",\"l2\":\"Article d'entretien\",\"sl\":\"balai-angle-manche-metal-13-13467\",\"sn\":\"\",\"idxP\":0},{\"mq\":\"Mars\",\"nm\":\"Balai angle manche m\u00E9tal porte-poussi\u00E8re 10\\\"\",\"nme\":\"10\\\" Metal Handle Angle Broom with Dust Pan\",\"attr\":\"\",\"sku\":\"13469\",\"l2\":\"Article d'entretien\",\"sl\":\"balai-angle-manche-metal-porte-poussiere-10-13469\",\"sn\":\"\",\"idxP\":0},{\"mq\":\"Venus\",\"nm\":\"Balai large courb\u00E9 manche m\u00E9tal 48\\\"\",\"nme\":\"48\\\" Metal Handle Large Curved Broom\",\"attr\":\"\",\"sku\":\"13470\",\"l2\":\"Article d'entretien\",\"sl\":\"balai-large-courbe-manche-metal-48-13470\",\"sn\":\"\",\"idxP\":0},{\"mq\":\"Pluto\",\"nm\":\"Balai large plat manche m\u00E9tal 48\\\"\",\"nme\":\"48\\\" Metal Handle Large Flat Broom\",\"attr\":\"\",\"sku\":\"13471\",\"l2\":\"Article d'entretien\",\"sl\":\"balai-large-plat-manche-metal-48-13471\",\"sn\":\"\",\"idxP\":0},{\"mq\":\"Cupid\",\"nm\":\"Balai petit manche m\u00E9tal 48\\\"\",\"nme\":\"48\\\" Metal Handle Small Broom\",\"attr\":\"\",\"sku\":\"13472\",\"l2\":\"Article d'entretien\",\"sl\":\"balai-petit-manche-metal-48-13472\",\"sn\":\"\",\"idxP\":0},{\"nm\":\"Brosse BBQ grattoir 20\\\"\",\"nme\":\"20\\\" BBQ Brush with Scraper\",\"attr\":\"\",\"sku\":\"13473\",\"l2\":\"Article d'entretien\",\"sl\":\"brosse-bbq-grattoir-20-13473\",\"sn\":\"\",\"idxP\":0},{\"nm\":\"Brosse m\u00E9tallique grattoir manche plastique 12\\\"\",\"nme\":\"12\\\" Plastic Handle Wire Scratch Brush\",\"attr\":\"\",\"sku\":\"13474\",\"l2\":\"Article d'entretien\",\"sl\":\"brosse-metallique-grattoir-manche-plastique-12-13474\",\"sn\":\"\",\"idxP\":0},{\"mq\":\"Sani-Pro\",\"nm\":\"Linge micro-fibre vert 16x16\\\" 240 GSM\",\"nme\":\"16x16\\\" 240 GSM Green Microfiber Cloth\",\"attr\":\"\",\"sku\":\"13478\",\"l2\":\"Article d'entretien\",\"sl\":\"linge-micro-fibre-vert-16x16-240-gsm-13478\",\"sn\":\"\",\"idxP\":0},{\"mq\":\"Sani-Pro\",\"nm\":\"Linge micro-fibre bleu 14x14\\\" 240 GSM\",\"nme\":\"14x14\\\" 240 GSM Blue Microfiber Cloth\",\"attr\":\"\",\"sku\":\"13479\",\"l2\":\"Article d'entretien\",\"sl\":\"linge-micro-fibre-bleu-14x14-240-gsm-13479\",\"sn\":\"\",\"idxP\":0},{\"mq\":\"Sani-Pro\",\"nm\":\"Linge micro-fibre vert 14x14\\\" 240 GSM\",\"nme\":\"14x14\\\" 240 GSM Green Microfiber Cloth\",\"attr\":\"\",\"sku\":\"13480\",\"l2\":\"Article d'entretien\",\"sl\":\"linge-micro-fibre-vert-14x14-240-gsm-13480\",\"sn\":\"\",\"idxP\":0},{\"mq\":\"Sani-Pro\",\"nm\":\"Linge micro-fibre rouge 14x14\\\" 240 GSM\",\"nme\":\"14x14\\\" 240 GSM Red Microfiber Cloth\",\"attr\":\"\",\"sku\":\"13487\",\"l2\":\"Article d'entretien\",\"sl\":\"linge-micro-fibre-rouge-14x14-240-gsm-13487\",\"sn\":\"\",\"idxP\":0},{\"mq\":\"Sani-Pro\",\"nm\":\"Linge micro-fibre jaune 14x14\\\" 240 GSM\",\"nme\":\"14x14\\\" 240 GSM Yellow Microfiber Cloth\",\"attr\":\"\",\"sku\":\"13489\",\"l2\":\"Article d'entretien\",\"sl\":\"linge-micro-fibre-jaune-14x14-240-gsm-13489\",\"sn\":\"\",\"idxP\":0},{\"mq\":\"Sani-Pro\",\"nm\":\"Linge micro-fibre fen\u00EAtre bleu 14x14\\\" 320 GSM\",\"nme\":\"14x14\\\" 240 GSM Blue Window Microfiber Cloth\",\"attr\":\"\",\"sku\":\"13491\",\"l2\":\"Article d'entretien\",\"sl\":\"linge-micro-fibre-fenetre-bleu-14x14-320-gsm-13491\",\"sn\":\"\",\"idxP\":0},{\"nm\":\"Raclette pare-brise manche bois 10\\\"x24\\\"\",\"nme\":\"10\\\"x24\\\" Wooden Handle Windshield Squeegee\",\"attr\":\"\",\"sku\":\"13492\",\"l2\":\"Article d'entretien\",\"sl\":\"raclette-pare-brise-manche-bois-10x24-13492\",\"sn\":\"\",\"idxP\":0},{\"nm\":\"Tampon r\u00E9curer vert qualit\u00E9 sup\u00E9rieure\",\"nme\":\"Quality Green Scouring Pad\",\"attr\":\"\",\"sku\":\"13497\",\"l2\":\"Article d'entretien\",\"sl\":\"tampon-recurer-vert-qualite-superieure-13497\",\"sn\":\"\",\"idxP\":0},{\"nm\":\"\u00C9ponge avec tampon r\u00E9curer vert\",\"nme\":\"Sponge with Green Scouring Pad\",\"attr\":\"\",\"sku\":\"13498\",\"l2\":\"Article d'entretien\",\"sl\":\"eponge-avec-tampon-recurer-vert-13498\",\"sn\":\"\",\"idxP\":0},{\"nm\":\"\u00C9ponge effaceur\",\"nme\":\"Eraser Sponge\",\"attr\":\"\",\"sku\":\"13499\",\"l2\":\"Article d'entretien\",\"sl\":\"eponge-effaceur-13499\",\"sn\":\"\",\"idxP\":0},{\"nm\":\"\u00C9ponge effaceur paquet\",\"nme\":\"Eraser Sponge Pack\",\"attr\":\"\",\"sku\":\"13501\",\"l2\":\"Article d'entretien\",\"sl\":\"eponge-effaceur-paquet-13501\",\"sn\":\"\",\"idxP\":0},{\"mq\":\"Scour-Puff\",\"nm\":\"Tampon r\u00E9curer acier inoxydable\",\"nme\":\"Stainless Steel Scouring Pad\",\"attr\":\"\",\"sku\":\"13502\",\"l2\":\"Article d'entretien\",\"sl\":\"tampon-recurer-acier-inoxydable-13502\",\"sn\":\"\",\"idxP\":0},{\"mq\":\"Air-Mist\",\"nm\":\"Distributeur d\u00E9sodorisant a\u00E9rosol\",\"nme\":\"Aerosol Deodorizer Dispenser\",\"attr\":\"\",\"sku\":\"13503\",\"l2\":\"Purificateur et d\u00E9sodorisant\",\"sl\":\"distributeur-desodorisant-aerosol-13503\",\"sn\":\"\",\"idxP\":0},{\"mq\":\"Air-Mist\",\"nm\":\"Recharge d\u00E9sodorisant a\u00E9rosol Matin Oc\u00E9an\",\"nme\":\"Ocean Morning Aerosol Deodorizer Refill\",\"attr\":\"\",\"sku\":\"13508\",\"l2\":\"Purificateur et d\u00E9sodorisant\",\"sl\":\"recharge-desodorisant-aerosol-matin-ocean-13508\",\"sn\":\"\",\"idxP\":0},{\"mq\":\"Wave\",\"nm\":\"Tamis urinoir pomme \u00E9pic\u00E9e\",\"nme\":\"Spiced Apple Urinal Screen\",\"attr\":\"\",\"sku\":\"13511\",\"l2\":\"Purificateur et d\u00E9sodorisant\",\"sl\":\"tamis-urinoir-pomme-epicee-13511\",\"sn\":\"apples, pommes\",\"idxP\":0},{\"mq\":\"360 Degree\",\"nm\":\"Ensemble d\u00E9poussi\u00E8rage 5 recharges\",\"nme\":\"5 Refills Disposable Duster Kit\",\"attr\":\"\",\"sku\":\"13512\",\"l2\":\"Article d'entretien\",\"sl\":\"ensemble-depoussierage-5-recharges-13512\",\"sn\":\"\",\"idxP\":0},{\"mq\":\"Static Sweeper\",\"nm\":\"Ensemble d\u00E9poussi\u00E8rage plancher 5 recharges\",\"nme\":\"5 Refills Disposable Floor Duster Kit\",\"attr\":\"\",\"sku\":\"13513\",\"l2\":\"Article d'entretien\",\"sl\":\"ensemble-depoussierage-plancher-5-recharges-13513\",\"sn\":\"\",\"idxP\":0},{\"nm\":\"Pelle \u00E0 liti\u00E8re\",\"nme\":\"Litter Picker\",\"attr\":\"\",\"sku\":\"13514\",\"l2\":\"Article d'entretien\",\"sl\":\"pelle-a-litiere-13514\",\"sn\":\"\",\"idxP\":0},{\"mq\":\"Dura-Blend\",\"nm\":\"Vadrouille t\u00EAte 20oz\",\"nme\":\"20oz Wet Mop\",\"attr\":\"\",\"sku\":\"13519\",\"l2\":\"Article d'entretien\",\"sl\":\"vadrouille-tete-20oz-13519\",\"sn\":\"serpilli\u00E8re\",\"idxP\":0},{\"mq\":\"Synray\",\"nm\":\"Vadrouille t\u00EAte manche m\u00E9tal 20oz\",\"nme\":\"20oz Metal Handle Wet Mop\",\"attr\":\"\",\"sku\":\"13524\",\"l2\":\"Article d'entretien\",\"sl\":\"vadrouille-tete-manche-metal-20oz-13524\",\"sn\":\"serpilli\u00E8re\",\"idxP\":0},{\"mq\":\"Synray\",\"nm\":\"Vadrouille t\u00EAte manche m\u00E9tal 24oz\",\"nme\":\"24oz Metal Handle Wet Mop\",\"attr\":\"\",\"sku\":\"13525\",\"l2\":\"Article d'entretien\",\"sl\":\"vadrouille-tete-manche-metal-24oz-13525\",\"sn\":\"serpilli\u00E8re\",\"idxP\":0},{\"nm\":\"Balai poussi\u00E8re manche\",\"nme\":\"Dust Mop with Handle\",\"attr\":\"\",\"sku\":\"13526\",\"l2\":\"Article d'entretien\",\"sl\":\"balai-poussiere-manche-13526\",\"sn\":\"serpilli\u00E8re\",\"idxP\":0},{\"nm\":\"Brosse blanche 20\\\"\",\"nme\":\"20\\\" White Brush\",\"attr\":\"\",\"sku\":\"13527\",\"l2\":\"Article d'entretien\",\"sl\":\"brosse-blanche-20-13527\",\"sn\":\"\",\"idxP\":0},{\"nm\":\"Brosse bleue 9\\\"\",\"nme\":\"9\\\" Blue Brush\",\"attr\":\"\",\"sku\":\"13528\",\"l2\":\"Article d'entretien\",\"sl\":\"brosse-bleue-9-13528\",\"sn\":\"\",\"idxP\":0},{\"nm\":\"Brosse vaisselle\",\"nme\":\"Dish Brush\",\"attr\":\"\",\"sku\":\"13529\",\"l2\":\"Article d'entretien\",\"sl\":\"brosse-vaisselle-13529\",\"sn\":\"\",\"idxP\":0},{\"mq\":\"Titan\",\"nm\":\"Poubelle grise 32G\\\/121L couvercle entonnoir\",\"nme\":\"Funnel Lid 32G\\\/121L Grey Waste Bin\",\"attr\":\"\",\"sku\":\"14100\",\"l2\":\"Sac \u00E0 ordure et poubelle\",\"sl\":\"poubelle-grise-32g121l-couvercle-entonnoir-14100\",\"sn\":\"\",\"idxP\":0},{\"mq\":\"Fromagerie de l'Isle\",\"nm\":\"Fromage Cheval noir de l'Isle meule\",\"nme\":\"Cheval Noir de l'Isle Cheese Wheel\",\"attr\":\"Produit local\",\"sku\":\"25092\",\"l2\":\"Fromage\",\"sl\":\"fromage-cheval-noir-de-lisle-meule-fromagerie-de-lisle-25092\",\"sn\":\"\",\"idxP\":1},{\"mq\":\"Fromagerie de l'Isle\",\"nm\":\"Fromage Cur\u00E9 Quertier de l'Isle meule\",\"nme\":\"Cur\u00E9 Quertier de l'Isle Cheese Wheel\",\"attr\":\"Produit local\",\"sku\":\"25094\",\"l2\":\"Fromage\",\"sl\":\"fromage-cure-quertier-de-lisle-meule-fromagerie-de-lisle-25094\",\"sn\":\"\",\"idxP\":3},{\"mq\":\"Fromagerie de l'Isle\",\"nm\":\"La B\u00EAte-\u00E0-S\u00E9guin meule\",\"nme\":\"La B\u00EAte-\u00E0-S\u00E9guin Cheese Wheel\",\"attr\":\"Aliment du Qu\u00E9bec, Produit local\",\"sku\":\"25139\",\"l2\":\"Fromage\",\"sl\":\"la-bete-a-seguin-meule-la-bete-a-seguin-25139\",\"sn\":\"\",\"idxP\":9},{\"mq\":\"Pr\u00E9sident\",\"nm\":\"Fromage bleu Fourme d'Ambert meule\",\"nme\":\"Fourme d'Ambert Blue Cheese Wheel\",\"attr\":\"\",\"sku\":\"25148\",\"l2\":\"Fromage\",\"sl\":\"fromage-bleu-fourme-dambert-meule-president-25148\",\"sn\":\"\",\"idxP\":3},{\"mq\":\"Auricchio\",\"nm\":\"Provolone italien cacciocavallo\",\"nme\":\"Cacciocavallo Italian Provlone\",\"attr\":\"\",\"sku\":\"25388\",\"l2\":\"Fromage\",\"sl\":\"provolone-italien-cacciocavallo-auricchio-25388\",\"sn\":\"\",\"idxP\":4},{\"mq\":\"International Delight\",\"nm\":\"Colorant \u00E0 caf\u00E9 vanille sans gras\",\"nme\":\"Fat Free Vanilla Coffee Whitener\",\"attr\":\"\",\"sku\":\"15671\",\"l2\":\"Cr\u00E8me\",\"sl\":\"colorant-a-cafe-vanille-sans-gras-international-delight-15671\",\"sn\":\"\",\"idxP\":25},{\"mq\":\"Chalifoux\",\"nm\":\"Lait chocolat\",\"nme\":\"Chocolate Milk\",\"attr\":\"\",\"sku\":\"19292\",\"l2\":\"Lait\",\"sl\":\"lait-chocolat-chalifoux-19292\",\"sn\":\"\",\"idxP\":0},{\"mq\":\"International Delight\",\"nm\":\"Colorant \u00E0 caf\u00E9 au noisette\",\"nme\":\"Hazelnut Coffee Whitener\",\"attr\":\"\",\"sku\":\"15676\",\"l2\":\"Cr\u00E8me\",\"sl\":\"colorant-a-cafe-au-noisette-international-delight-15676\",\"sn\":\"\",\"idxP\":28},{\"mq\":\"Gay Lea\",\"nm\":\"Cr\u00E8me fouett\u00E9e a\u00E9rosol\",\"nme\":\"Whipped Cream Spray\",\"attr\":\"\",\"sku\":\"32011\",\"l2\":\"Cr\u00E8me\",\"sl\":\"creme-fouettee-aerosol-gay-lea-32011\",\"sn\":\"\",\"idxP\":99},{\"mq\":\"Gay Lea\",\"nm\":\"Cr\u00E8me fouett\u00E9e a\u00E9rosol\",\"nme\":\"Whipped Cream Spray\",\"attr\":\"\",\"sku\":\"32984\",\"l2\":\"Cr\u00E8me\",\"sl\":\"creme-fouettee-aerosol-gay-lea-32984\",\"sn\":\"\",\"idxP\":95},{\"mq\":\"Gay Lea\",\"nm\":\"Cr\u00E8me fouett\u00E9e noix de coco a\u00E9rosol\",\"nme\":\"Coconut Whipped Cream Spray\",\"attr\":\"\",\"sku\":\"35209\",\"l2\":\"Cr\u00E8me\",\"sl\":\"creme-fouettee-noix-de-coco-aerosol-gay-lea-35209\",\"sn\":\"\",\"idxP\":68},{\"mq\":\"Soya Sensationnel\",\"nm\":\"Boisson soya vanille biologique\",\"nme\":\"Organic vanilla soy beverage\",\"attr\":\"Sans gluten, Biologique, Sans lactose\",\"sku\":\"37706\",\"l2\":\"Boisson v\u00E9g\u00E9tale fraiche\",\"sl\":\"boisson-soya-vanille-biologique-soya-sensationnel-37706\",\"sn\":\"biologique, bio, organic, organique\",\"idxP\":0},{\"mq\":\"Soya Sensationnel\",\"nm\":\"Boisson soya originale biologique\",\"nme\":\"Organic Original Soy Beverage\",\"attr\":\"Sans gluten, Biologique, Sans lactose\",\"sku\":\"36869\",\"l2\":\"Boisson v\u00E9g\u00E9tale fraiche\",\"sl\":\"boisson-soya-originale-biologique-soya-sensationnel-36869\",\"sn\":\"biologique, bio, organic, organique\",\"idxP\":3},{\"mq\":\"Ferme Burnbrae\",\"nm\":\"Oeuf gros blanc poules en libert\u00E9\",\"nme\":\"Large Free Run White Egg\",\"attr\":\"\",\"sku\":\"26197\",\"l2\":\"Oeuf\",\"sl\":\"oeuf-gros-blanc-poules-en-liberte-nutri-oeuf-26197\",\"sn\":\"oeufs\",\"idxP\":93},{\"mq\":\"Saputo\",\"nm\":\"Bocconcini cocktail\",\"nme\":\"Cocktail Bocconcini\",\"attr\":\"Sans gluten, Aliment du Qu\u00E9bec, Produit local\",\"sku\":\"00187\",\"l2\":\"Fromage\",\"sl\":\"bocconcini-cocktail-saputo-00187\",\"sn\":\"boconccini\",\"idxP\":79},{\"mq\":\"Alexis de Portneuf\",\"nm\":\"Fromage brie Brise du Matin en meule\",\"nme\":\"Brise du Matin Brie Cheese Wheel\",\"attr\":\"Produit local\",\"sku\":\"04534\",\"l2\":\"Fromage\",\"sl\":\"fromage-brie-brise-du-matin-en-meule-alexis-de-portneuf-04534\",\"sn\":\"\",\"idxP\":16},{\"mq\":\"Switzerland\",\"nm\":\"Gruy\u00E8re switzerland meule\",\"nme\":\"Gruyere Switzerland Wheel\",\"attr\":\"\",\"sku\":\"00870\",\"l2\":\"Fromage\",\"sl\":\"gruyere-switzerland-meule-switzerland-00870\",\"sn\":\"\",\"idxP\":29},{\"mq\":\"Riviera\",\"nm\":\"Cheddar blanc doux en bloc\",\"nme\":\"Mild White Cheddar Block\",\"attr\":\"Produit local\",\"sku\":\"06549\",\"l2\":\"Fromage\",\"sl\":\"cheddar-blanc-doux-en-bloc-riviera-06549\",\"sn\":\"\",\"idxP\":64},{\"mq\":\"Pr\u00E9sident\",\"nm\":\"Bleu d'Auvergne meule\",\"nme\":\"Blue Cheese from Auvergne Wheel\",\"attr\":\"\",\"sku\":\"07121\",\"l2\":\"Fromage\",\"sl\":\"bleu-dauvergne-meule-president-07121\",\"sn\":\"\",\"idxP\":4},{\"mq\":\"L'Extra\",\"nm\":\"Camembert canadien meule\",\"nme\":\"Canadian Camembert Wheel\",\"attr\":\"Produit local\",\"sku\":\"06380\",\"l2\":\"Fromage\",\"sl\":\"camembert-canadien-meule-lextra-06380\",\"sn\":\"\",\"idxP\":6},{\"mq\":\"Jarlsberg\",\"nm\":\"Fromage Jarlsberg d'Autriche\",\"nme\":\"Jarlsberg Cheese from Austria\",\"attr\":\"\",\"sku\":\"07616\",\"l2\":\"Fromage\",\"sl\":\"fromage-jarlsberg-dautriche-jarlsberg-07616\",\"sn\":\"fromages\",\"idxP\":9},{\"mq\":\"Alexis de Portneuf\",\"nm\":\"Vacherin Alexis de Portneuf meule\",\"nme\":\"Alexis de Portneuf Vacherin Cheese Wheel\",\"attr\":\"Produit local\",\"sku\":\"07818\",\"l2\":\"Fromage\",\"sl\":\"vacherin-alexis-de-portneuf-meule-alexis-de-portneuf-07818\",\"sn\":\"\",\"idxP\":13},{\"mq\":\"\u00CEle aux Grues\",\"nm\":\"Cheddar medium meule\",\"nme\":\"Medium Cheddar Cheese Wheel\",\"attr\":\"Aliment du Qu\u00E9bec, Produit local\",\"sku\":\"07793\",\"l2\":\"Fromage\",\"sl\":\"cheddar-medium-meule-ile-aux-grues-07793\",\"sn\":\"\",\"idxP\":17},{\"mq\":\"Saputo\",\"nm\":\"Mini friulano\",\"nme\":\"Friulano Mini\",\"attr\":\"\",\"sku\":\"09906\",\"l2\":\"Fromage\",\"sl\":\"mini-friulano-saputo-09906\",\"sn\":\"\",\"idxP\":22},{\"mq\":\"Fromagerie Bergeron\",\"nm\":\"Gouda Le classique fum\u00E9 meule\",\"nme\":\"Gouda The classic smoked wheel\",\"attr\":\"Aliment du Qu\u00E9bec, Sans lactose, Produit local\",\"sku\":\"07739\",\"l2\":\"Fromage\",\"sl\":\"gouda-le-classique-fume-meule-fromagerie-bergeron-07739\",\"sn\":\"\",\"idxP\":10},{\"mq\":\"Cambozola\",\"nm\":\"Fromage bleu allemand meule\",\"nme\":\"German Blue Cheese Wheel\",\"attr\":\"\",\"sku\":\"13910\",\"l2\":\"Fromage\",\"sl\":\"fromage-bleu-allemand-meule-cambozola-13910\",\"sn\":\"\",\"idxP\":3},{\"mq\":\"Salerno\",\"nm\":\"Mascarpone\",\"nme\":\"Mascarpone\",\"attr\":\"\",\"sku\":\"16113\",\"l2\":\"Fromage\",\"sl\":\"mascarpone-salerno-16113\",\"sn\":\"\",\"idxP\":78},{\"mq\":\"Tre Stelle\",\"nm\":\"Mascarpone\",\"nme\":\"Mascarpone\",\"attr\":\"\",\"sku\":\"08976\",\"l2\":\"Fromage\",\"sl\":\"mascarpone-tre-stelle-08976\",\"sn\":\"\",\"idxP\":98},{\"mq\":\"Krinos\",\"nm\":\"Fromage feta de lait de brebis\",\"nme\":\"Sheep Milk Feta Cheese\",\"attr\":\"Sans gluten\",\"sku\":\"17055\",\"l2\":\"Fromage\",\"sl\":\"fromage-feta-de-lait-de-brebis-krinos-17055\",\"sn\":\"\",\"idxP\":56},{\"mq\":\"Saputo\",\"nm\":\"Feta\",\"nme\":\"Tradition Feta Cheese\",\"attr\":\"\",\"sku\":\"14801\",\"l2\":\"Fromage\",\"sl\":\"feta-saputo-14801\",\"sn\":\"\",\"idxP\":53},{\"mq\":\"Krinos\",\"nm\":\"Fromage feta dure en d\u00E9s\",\"nme\":\"Hard Feta Cheese Cubes\",\"attr\":\"Sans gluten\",\"sku\":\"17253\",\"l2\":\"Fromage\",\"sl\":\"fromage-feta-dure-en-des-krinos-17253\",\"sn\":\"\",\"idxP\":17},{\"mq\":\"Jarlsberg\",\"nm\":\"Fromage l\u00E9ger Jarlsberg de Norv\u00E8ge coup\u00E9\",\"nme\":\"Lite Jarlsberg Cheese from Norway Cut\",\"attr\":\"\",\"sku\":\"20896\",\"l2\":\"Fromage\",\"sl\":\"fromage-leger-jarlsberg-de-norvege-coupe-jarlsberg-20896\",\"sn\":\"fromages\",\"idxP\":16},{\"mq\":\"Dofino\",\"nm\":\"Gouda\",\"nme\":\"Gouda Cheese\",\"attr\":\"\",\"sku\":\"20304\",\"l2\":\"Fromage\",\"sl\":\"gouda-dofino-20304\",\"sn\":\"\",\"idxP\":36},{\"mq\":\"Saputo\",\"nm\":\"Bocconcini mini canadien\",\"nme\":\"Canadian Bocconcini Mini\",\"attr\":\"Aliment du Qu\u00E9bec, Produit local\",\"sku\":\"23116\",\"l2\":\"Fromage\",\"sl\":\"bocconcini-mini-canadien-saputo-23116\",\"sn\":\"boconccini\",\"idxP\":33},{\"mq\":\"Tre Stelle\",\"nm\":\"Bocconcini m\u00E9daillons en tranches\",\"nme\":\"Bocconcini Sliced Medallions\",\"attr\":\"\",\"sku\":\"16690\",\"l2\":\"Fromage\",\"sl\":\"bocconcini-medaillons-en-tranches-tre-stelle-16690\",\"sn\":\"boconccini\",\"idxP\":38},{\"mq\":\"Oka\",\"nm\":\"Fromage raclette meule\",\"nme\":\"Raclette Cheese Wheel\",\"attr\":\"Sans lactose, Produit local\",\"sku\":\"17866\",\"l2\":\"Fromage\",\"sl\":\"fromage-raclette-meule-oka-17866\",\"sn\":\"fromages\",\"idxP\":18},{\"mq\":\"St-Fid\u00E8le\",\"nm\":\"Fromage suisse canadien meule\",\"nme\":\"Canadian Swiss Cheese Wheel\",\"attr\":\"Sans lactose\",\"sku\":\"22848\",\"l2\":\"Fromage\",\"sl\":\"fromage-suisse-canadien-meule-st-fidele-22848\",\"sn\":\"fromages\",\"idxP\":15},{\"mq\":\"Frico\",\"nm\":\"Fromage edam doux boule entier\",\"nme\":\"Mild Edam Cheese Wheel\",\"attr\":\"\",\"sku\":\"15687\",\"l2\":\"Fromage\",\"sl\":\"fromage-edam-doux-boule-entier-frico-15687\",\"sn\":\"\",\"idxP\":15},{\"mq\":\"Perron\",\"nm\":\"Cheddar blanc extra fort entier\",\"nme\":\"White Extra Strong Cheddar Block\",\"attr\":\"Produit local\",\"sku\":\"22846\",\"l2\":\"Fromage\",\"sl\":\"cheddar-blanc-extra-fort-entier-perron-22846\",\"sn\":\"\",\"idxP\":15},{\"mq\":\"Krinos\",\"nm\":\"Fromage feta grecque\",\"nme\":\"Greek Feta Cheese\",\"attr\":\"Sans gluten\",\"sku\":\"23335\",\"l2\":\"Fromage\",\"sl\":\"fromage-feta-grecque-krinos-23335\",\"sn\":\"\",\"idxP\":42},{\"mq\":\"Riviera\",\"nm\":\"Cheddar marbr\u00E9 doux en bloc\",\"nme\":\"Mild Marbled Cheddar Block\",\"attr\":\"Sans lactose, Produit local\",\"sku\":\"22655\",\"l2\":\"Fromage\",\"sl\":\"cheddar-marbre-doux-en-bloc-riviera-22655\",\"sn\":\"\",\"idxP\":62},{\"mq\":\"Cogruet\",\"nm\":\"Fromage suisse coup\u00E9\",\"nme\":\"Swiss Cheese Cut\",\"attr\":\"Sans lactose\",\"sku\":\"24045\",\"l2\":\"Fromage\",\"sl\":\"fromage-suisse-coupe-cogruet-24045\",\"sn\":\"fromages\",\"idxP\":32},{\"mq\":\"Castello\",\"nm\":\"Fromage bleu gorgonzola meule\",\"nme\":\"Gorgonzola Blue Cheese Wheel\",\"attr\":\"\",\"sku\":\"08490\",\"l2\":\"Fromage\",\"sl\":\"fromage-bleu-gorgonzola-meule-castello-08490\",\"sn\":\"\",\"idxP\":16},{\"mq\":\"Chef Nutri\",\"nm\":\"Fromage tranch\u00E9 pour sub style cheddar blanc\",\"nme\":\"White Cheddar Style Sliced Sub Cheese\",\"attr\":\"\",\"sku\":\"17427\",\"l2\":\"Fromage\",\"sl\":\"fromage-tranche-pour-sub-style-cheddar-blanc-chef-nutri-17427\",\"sn\":\"\",\"idxP\":33},{\"mq\":\"Switzerland\",\"nm\":\"Gruy\u00E8re suisse coup\u00E9\",\"nme\":\"Swiss Gruyere Cheese Cut\",\"attr\":\"\",\"sku\":\"24255\",\"l2\":\"Fromage\",\"sl\":\"gruyere-suisse-coupe-switzerland-24255\",\"sn\":\"\",\"idxP\":38},{\"mq\":\"Krinos\",\"nm\":\"Fromage feta traditionnelle\",\"nme\":\"Traditional Feta Cheese\",\"attr\":\"Sans gluten\",\"sku\":\"17056\",\"l2\":\"Fromage\",\"sl\":\"fromage-feta-traditionnelle-krinos-17056\",\"sn\":\"\",\"idxP\":24},{\"mq\":\"Fromagerie du Presbyt\u00E8re\",\"nm\":\"Fromage Religieuse coup\u00E9\",\"nme\":\"Religieuse Cheese Cut\",\"attr\":\"Produit local\",\"sku\":\"24912\",\"l2\":\"Fromage\",\"sl\":\"fromage-religieuse-coupe-fromagerie-du-presbytere-24912\",\"sn\":\"\",\"idxP\":26},{\"mq\":\"Cur\u00E9 Hebert\",\"nm\":\"Fromage Cur\u00E9 H\u00E9bert meule\",\"nme\":\"Cur\u00E9 H\u00E9bert Cheese Wheel\",\"attr\":\"Aliment du Qu\u00E9bec, Produit local\",\"sku\":\"24287\",\"l2\":\"Fromage\",\"sl\":\"fromage-cure-hebert-meule-cure-hebert-24287\",\"sn\":\"fromages\",\"idxP\":3},{\"mq\":\"Tre Stelle\",\"nm\":\"Bocconcini\",\"nme\":\"Bocconcini\",\"attr\":\"\",\"sku\":\"26572\",\"l2\":\"Fromage\",\"sl\":\"bocconcini-tre-stelle-26572\",\"sn\":\"boconccini\",\"idxP\":50},{\"mq\":\"Saputo\",\"nm\":\"Fromage Brick\",\"nme\":\"Brick Cheese\",\"attr\":\"\",\"sku\":\"20605\",\"l2\":\"Fromage\",\"sl\":\"fromage-brick-saputo-20605\",\"sn\":\"fromages\",\"idxP\":31},{\"mq\":\"Fritz Kaiser\",\"nm\":\"Fromage Zurigo 18% coup\u00E9\",\"nme\":\"Zurigo Cheese 18% Cut\",\"attr\":\"Aliment du Qu\u00E9bec, Produit local\",\"sku\":\"29579\",\"l2\":\"Fromage\",\"sl\":\"fromage-zurigo-18-coupe-fritz-kaiser-29579\",\"sn\":\"\",\"idxP\":13},{\"mq\":\"Frico\",\"nm\":\"Gouda hollandais fum\u00E9 coup\u00E9\",\"nme\":\"Smoked Dutch Gouda Cut\",\"attr\":\"\",\"sku\":\"24785\",\"l2\":\"Fromage\",\"sl\":\"gouda-hollandais-fume-coupe-frico-24785\",\"sn\":\"\",\"idxP\":17},{\"mq\":\"Saputo\",\"nm\":\"Fromage feta traditionnel\",\"nme\":\"Traditional Feta Cheese\",\"attr\":\"\",\"sku\":\"32747\",\"l2\":\"Fromage\",\"sl\":\"fromage-feta-traditionnel-saputo-32747\",\"sn\":\"\",\"idxP\":94},{\"mq\":\"Switzerland\",\"nm\":\"Emmental coup\u00E9\",\"nme\":\"Emmentaler Switzerland Cut\",\"attr\":\"\",\"sku\":\"24257\",\"l2\":\"Fromage\",\"sl\":\"emmental-coupe-switzerland-24257\",\"sn\":\"\",\"idxP\":57},{\"mq\":\"Le Pont Tournant\",\"nm\":\"Fromage \u00E0 p\u00E2te molle et \u00E0 cro\u00FBte fleurie meule\",\"nme\":\"Soft Cheese with White Soft Rind Wheel\",\"attr\":\"\",\"sku\":\"24413\",\"l2\":\"Fromage\",\"sl\":\"fromage-a-pate-molle-et-a-croute-fleurie-meule-le-pont-tournant-24413\",\"sn\":\"\",\"idxP\":5},{\"mq\":\"Marie Kad\u00E9\",\"nm\":\"Fromage halloom halal\",\"nme\":\"Halloom Halal Cheese\",\"attr\":\"Produit local\",\"sku\":\"33180\",\"l2\":\"Fromage\",\"sl\":\"fromage-halloom-halal-marie-kade-33180\",\"sn\":\"fromages\",\"idxP\":18},{\"mq\":\"Krinos\",\"nm\":\"Fromage feta l\u00E9g\u00E8re\",\"nme\":\"Light Feta Cheese\",\"attr\":\"Sans gluten\",\"sku\":\"31973\",\"l2\":\"Fromage\",\"sl\":\"fromage-feta-legere-krinos-31973\",\"sn\":\"\",\"idxP\":20},{\"mq\":\"La Chaudi\u00E8re\",\"nm\":\"Cheddar blanc doux\",\"nme\":\"Mild White Cheddar\",\"attr\":\"Aliment du Qu\u00E9bec, Produit local\",\"sku\":\"33964\",\"l2\":\"Fromage\",\"sl\":\"cheddar-blanc-doux-la-chaudiere-33964\",\"sn\":\"\",\"idxP\":47},{\"mq\":\"Magie de madawa\",\"nm\":\"Fromage \u00E0 p\u00E2te molle \u00E0 cro\u00FBte lav\u00E9e meule\",\"nme\":\"Soft Cheese with Washed Rind Wheel\",\"attr\":\"\",\"sku\":\"24284\",\"l2\":\"Fromage\",\"sl\":\"fromage-a-pate-molle-a-croute-lavee-meule-magie-de-madawa-24284\",\"sn\":\"fromages\",\"idxP\":4},{\"mq\":\"Salerno\",\"nm\":\"Ricotta traditionnelle\",\"nme\":\"Traditional Ricotta\",\"attr\":\"\",\"sku\":\"29046\",\"l2\":\"Fromage\",\"sl\":\"ricotta-traditionnelle-salerno-29046\",\"sn\":\"\",\"idxP\":96},{\"mq\":\"Riviera\",\"nm\":\"Fromage emmental coup\u00E9\",\"nme\":\"Emmental Cheese Cut\",\"attr\":\"Aliment du Qu\u00E9bec, Produit local\",\"sku\":\"34018\",\"l2\":\"Fromage\",\"sl\":\"fromage-emmental-coupe-riviera-34018\",\"sn\":\"fromages\",\"idxP\":22},{\"mq\":\"Saputo\",\"nm\":\"Bocconcini en perle canadien\",\"nme\":\"Canadian Bocconcini Pearls\",\"attr\":\"Produit local\",\"sku\":\"32823\",\"l2\":\"Fromage\",\"sl\":\"bocconcini-en-perle-canadien-saputo-32823\",\"sn\":\"boconccini\",\"idxP\":55},{\"mq\":\"Fromagerie Bergeron\",\"nm\":\"Gouda Le Louis Cyr coup\u00E9\",\"nme\":\"Gouda Le Louis Cyr cut\",\"attr\":\"Sans lactose, Produit local\",\"sku\":\"35025\",\"l2\":\"Fromage\",\"sl\":\"gouda-le-louis-cyr-coupe-fromagerie-bergeron-35025\",\"sn\":\"\",\"idxP\":14},{\"mq\":\"Switzerland\",\"nm\":\"Fromage Appenzeller coup\u00E9\",\"nme\":\"Appenzeller Cheese Cut\",\"attr\":\"\",\"sku\":\"26379\",\"l2\":\"Fromage\",\"sl\":\"fromage-appenzeller-coupe-switzerland-26379\",\"sn\":\"fromages\",\"idxP\":27},{\"mq\":\"Saputo\",\"nm\":\"Ricotta r\u00E9guli\u00E8re\",\"nme\":\"Regular ricotta\",\"attr\":\"Aliment du Qu\u00E9bec\",\"sku\":\"31855\",\"l2\":\"Fromage\",\"sl\":\"ricotta-reguliere-saputo-31855\",\"sn\":\"\",\"idxP\":78},{\"mq\":\"Saputo\",\"nm\":\"Ricotta Fiorella l\u00E9g\u00E8re\",\"nme\":\"Light Fiorella Ricotta\",\"attr\":\"\",\"sku\":\"31863\",\"l2\":\"Fromage\",\"sl\":\"ricotta-fiorella-legere-saputo-31863\",\"sn\":\"\",\"idxP\":50},{\"mq\":\"Bella Casara\",\"nm\":\"Mozzarella buffala\",\"nme\":\"Buffalo Mozzarella\",\"attr\":\"\",\"sku\":\"35370\",\"l2\":\"Fromage\",\"sl\":\"mozzarella-buffala-bella-casara-35370\",\"sn\":\"\",\"idxP\":78},{\"mq\":\"La Chaudi\u00E8re\",\"nm\":\"Cheddar blanc medium\",\"nme\":\"Medium White Cheddar Wheel\",\"attr\":\"Aliment du Qu\u00E9bec, Produit local\",\"sku\":\"37542\",\"l2\":\"Fromage\",\"sl\":\"cheddar-blanc-medium-la-chaudiere-37542\",\"sn\":\"\",\"idxP\":41},{\"mq\":\"Alexis de Portneuf\",\"nm\":\"Fromage raclette coup\u00E9\",\"nme\":\"Raclette Cheese Cut\",\"attr\":\"Produit local\",\"sku\":\"36099\",\"l2\":\"Fromage\",\"sl\":\"fromage-raclette-coupe-alexis-de-portneuf-36099\",\"sn\":\"\",\"idxP\":15},{\"mq\":\"La Chaudi\u00E8re\",\"nm\":\"Cheddar blanc extra fort\",\"nme\":\"Extra Old White Cheddar Wheel\",\"attr\":\"Aliment du Qu\u00E9bec, Produit local\",\"sku\":\"37545\",\"l2\":\"Fromage\",\"sl\":\"cheddar-blanc-extra-fort-la-chaudiere-37545\",\"sn\":\"\",\"idxP\":62},{\"mq\":\"Saputo\",\"nm\":\"Havarti tranch\u00E9\",\"nme\":\"Sliced Havarti\",\"attr\":\"Sans lactose\",\"sku\":\"35201\",\"l2\":\"Fromage\",\"sl\":\"havarti-tranche-saputo-35201\",\"sn\":\"\",\"idxP\":81},{\"mq\":\"La Chaudi\u00E8re\",\"nm\":\"Cheddar blanc extra fort bloc long entier\",\"nme\":\"Extra Old White Cheddar Long Wheel\",\"attr\":\"Aliment du Qu\u00E9bec, Produit local\",\"sku\":\"37546\",\"l2\":\"Fromage\",\"sl\":\"cheddar-blanc-extra-fort-bloc-long-entier-la-chaudiere-37546\",\"sn\":\"\",\"idxP\":63},{\"mq\":\"Dofino\",\"nm\":\"Havarti fum\u00E9 coup\u00E9\",\"nme\":\"Smoked Havarti Cheese Cut\",\"attr\":\"\",\"sku\":\"35159\",\"l2\":\"Fromage\",\"sl\":\"havarti-fume-coupe-dofino-35159\",\"sn\":\"\",\"idxP\":13},{\"mq\":\"Switzerland\",\"nm\":\"Gruy\u00E8re suisse affin\u00E9 en grotte kaltbach coup\u00E9\",\"nme\":\"Swiss Cave-Aged Cut Gruyere Cheese Cut\",\"attr\":\"Sans lactose\",\"sku\":\"39096\",\"l2\":\"Fromage\",\"sl\":\"gruyere-suisse-affine-en-grotte-kaltbach-coupe-switzerland-39096\",\"sn\":\"\",\"idxP\":69},{\"mq\":\"Saputo\",\"nm\":\"Provolone tranch\u00E9\",\"nme\":\"Sliced Provolone\",\"attr\":\"\",\"sku\":\"35202\",\"l2\":\"Fromage\",\"sl\":\"provolone-tranche-saputo-35202\",\"sn\":\"\",\"idxP\":70},{\"mq\":\"Bella Casara\",\"nm\":\"Burrata\",\"nme\":\"Burrata Cheese\",\"attr\":\"\",\"sku\":\"35371\",\"l2\":\"Fromage\",\"sl\":\"burrata-bella-casara-35371\",\"sn\":\"\",\"idxP\":80},{\"mq\":\"Saputo\",\"nm\":\"Bocconcini cocktail\",\"nme\":\"Cocktail Bocconcini\",\"attr\":\"Aliment du Qu\u00E9bec, Produit local\",\"sku\":\"46417\",\"l2\":\"Fromage\",\"sl\":\"bocconcini-cocktail-saputo-46417\",\"sn\":\"boconccini\",\"idxP\":85},{\"mq\":\"Krinos\",\"nm\":\"Fromage feta au lait de vache et de ch\u00E8vre\",\"nme\":\"Cow and Goat Milk Feta Cheese\",\"attr\":\"Sans gluten\",\"sku\":\"49179\",\"l2\":\"Fromage\",\"sl\":\"fromage-feta-au-lait-de-vache-et-de-chevre-krinos-49179\",\"sn\":\"\",\"idxP\":46},{\"mq\":\"Marechal\",\"nm\":\"Fromage Le Mar\u00E9chal coup\u00E9\",\"nme\":\"Le Marechal Cheese Cut\",\"attr\":\"Sans lactose\",\"sku\":\"49973\",\"l2\":\"Fromage\",\"sl\":\"fromage-le-marechal-coupe-marechal-49973\",\"sn\":\"fromages\",\"idxP\":37},{\"mq\":\"Celebrity\",\"nm\":\"Fromage de ch\u00E8vre canneberge cannelle\",\"nme\":\"Cranberry Cinnamon Goat Cheese\",\"attr\":\"\",\"sku\":\"39196\",\"l2\":\"Fromage\",\"sl\":\"fromage-de-chevre-canneberge-cannelle-celebrity-39196\",\"sn\":\"fromages\",\"idxP\":28},{\"mq\":\"Celebrity\",\"nm\":\"Fromage de ch\u00E8vre aux herbes et ail\",\"nme\":\"Garlic and Herb Goat Cheese\",\"attr\":\"\",\"sku\":\"39200\",\"l2\":\"Fromage\",\"sl\":\"fromage-de-chevre-aux-herbes-et-ail-celebrity-39200\",\"sn\":\"fromages\",\"idxP\":29},{\"mq\":\"Saputo\",\"nm\":\"Edam coup\u00E9\",\"nme\":\"Edam Cheese Cut\",\"attr\":\"\",\"sku\":\"47064\",\"l2\":\"Fromage\",\"sl\":\"edam-coupe-saputo-47064\",\"sn\":\"\",\"idxP\":15},{\"mq\":\"Emmi\",\"nm\":\"Fromage raclette suisse coup\u00E9\",\"nme\":\"Switzerland Raclette Cheese Cut\",\"attr\":\"\",\"sku\":\"42935\",\"l2\":\"Fromage\",\"sl\":\"fromage-raclette-suisse-coupe-emmi-42935\",\"sn\":\"fromages\",\"idxP\":31},{\"mq\":\"Fritz Kaiser\",\"nm\":\"Fromage raclette canadienne coup\u00E9\",\"nme\":\"Canadian Raclette Cheese Cut\",\"attr\":\"Aliment du Qu\u00E9bec, Produit local\",\"sku\":\"32833\",\"l2\":\"Fromage\",\"sl\":\"fromage-raclette-canadienne-coupe-fritz-kaiser-32833\",\"sn\":\"\",\"idxP\":39},{\"mq\":\"Bon Alpi\",\"nm\":\"Edam autrichien meule\",\"nme\":\"Austrian Edam Cheese Wheel\",\"attr\":\"\",\"sku\":\"26359\",\"l2\":\"Fromage\",\"sl\":\"edam-autrichien-meule-bon-alpi-26359\",\"sn\":\"\",\"idxP\":24},{\"mq\":\"Tre Stelle\",\"nm\":\"Ricotta 12%\",\"nme\":\"12% Ricotta\",\"attr\":\"\",\"sku\":\"26422\",\"l2\":\"Fromage\",\"sl\":\"ricotta-12-tre-stelle-26422\",\"sn\":\"\",\"idxP\":62},{\"mq\":\"Oka\",\"nm\":\"Fromage Oka aux champignons et truffles meule\",\"nme\":\"Oka cheese with mushrooms and truffles wheel\",\"attr\":\"Produit local\",\"sku\":\"02598\",\"l2\":\"Fromage\",\"sl\":\"fromage-oka-aux-champignons-et-truffles-meule-oka-02598\",\"sn\":\"\",\"idxP\":12},{\"mq\":\"Oka\",\"nm\":\"Fromage Oka L'Artisan style suisse meule\",\"nme\":\"Oka cheese L'Artisan Swiss style wheel\",\"attr\":\"Produit local\",\"sku\":\"04466\",\"l2\":\"Fromage\",\"sl\":\"fromage-oka-lartisan-style-suisse-meule-oka-04466\",\"sn\":\"\",\"idxP\":7},{\"mq\":\"Switzerland\",\"nm\":\"Fromage emmental meule\",\"nme\":\"Emmental Cheese Wheel\",\"attr\":\"\",\"sku\":\"00869\",\"l2\":\"Fromage\",\"sl\":\"fromage-emmental-meule-switzerland-00869\",\"sn\":\"fromages\",\"idxP\":15},{\"mq\":\"Philadelphia\",\"nm\":\"Fromage \u00E0 la cr\u00E8me nature\",\"nme\":\"Original Cream Cheese\",\"attr\":\"\",\"sku\":\"00854\",\"l2\":\"Fromage\",\"sl\":\"fromage-a-la-creme-nature-philadelphia-00854\",\"sn\":\"fromages\",\"idxP\":98},{\"mq\":\"Kraft\",\"nm\":\"Cheddar jaune canadien\",\"nme\":\"Canadian Yellow Cheddar\",\"attr\":\"\",\"sku\":\"00862\",\"l2\":\"Fromage\",\"sl\":\"cheddar-jaune-canadien-kraft-00862\",\"sn\":\"fromages\",\"idxP\":54},{\"mq\":\"Kraft\",\"nm\":\"Fromage fondu jaune ruban\",\"nme\":\"Yellow Process Cheese\",\"attr\":\"\",\"sku\":\"00915\",\"l2\":\"Fromage\",\"sl\":\"fromage-fondu-jaune-ruban-kraft-00915\",\"sn\":\"fromages\",\"idxP\":77},{\"mq\":\"Notre Dame\",\"nm\":\"Fromage brie\",\"nme\":\"Brie Cheese\",\"attr\":\"Produit local\",\"sku\":\"04470\",\"l2\":\"Fromage\",\"sl\":\"fromage-brie-notre-dame-04470\",\"sn\":\"\",\"idxP\":76},{\"mq\":\"Fritz Kaiser\",\"nm\":\"Fromage L'Empereur meule\",\"nme\":\"L'Empereur Cheese Wheel\",\"attr\":\"Aliment du Qu\u00E9bec, Produit local\",\"sku\":\"04722\",\"l2\":\"Fromage\",\"sl\":\"fromage-lempereur-meule-fritz-kaiser-04722\",\"sn\":\"\",\"idxP\":12},{\"mq\":\"Champfleury\",\"nm\":\"Fromage \u00E0 p\u00E2te molle et cro\u00FBte lav\u00E9e\",\"nme\":\"Soft Cheese With Washed Rind\",\"attr\":\"Aliment du Qu\u00E9bec\",\"sku\":\"00137\",\"l2\":\"Fromage\",\"sl\":\"fromage-a-pate-molle-et-croute-lavee-champfleury-00137\",\"sn\":\"fromages\",\"idxP\":27},{\"mq\":\"Philadelphia\",\"nm\":\"Fromage \u00E0 la cr\u00E8me nature portion x200\",\"nme\":\"Original Cream Cheese Single Serve Portion\",\"attr\":\"\",\"sku\":\"00920\",\"l2\":\"Fromage\",\"sl\":\"fromage-a-la-creme-nature-portion-x200-philadelphia-00920\",\"sn\":\"fromages\",\"idxP\":19},{\"mq\":\"Castello\",\"nm\":\"Fromage bleu danois demi lune\",\"nme\":\"Danish Blue Cheese\",\"attr\":\"\",\"sku\":\"04518\",\"l2\":\"Fromage\",\"sl\":\"fromage-bleu-danois-demi-lune-castello-04518\",\"sn\":\"fromages\",\"idxP\":29},{\"mq\":\"Oka\",\"nm\":\"Fromage Oka aux champignons et truffles coup\u00E9\",\"nme\":\"Oka cheese with mushrooms and truffles cut\",\"attr\":\"Produit local\",\"sku\":\"02599\",\"l2\":\"Fromage\",\"sl\":\"fromage-oka-aux-champignons-et-truffles-coupe-oka-02599\",\"sn\":\"\",\"idxP\":26},{\"mq\":\"Oka\",\"nm\":\"Fromage Oka L'Artisan style suisse coup\u00E9\",\"nme\":\"L'Artisan Swiss Style Oka Cheese Cut\",\"attr\":\"Produit local\",\"sku\":\"04467\",\"l2\":\"Fromage\",\"sl\":\"fromage-oka-lartisan-style-suisse-coupe-oka-04467\",\"sn\":\"\",\"idxP\":21},{\"mq\":\"Saputo\",\"nm\":\"Fromage parmesan en copeaux\",\"nme\":\"Shaved Parmesan Cheese\",\"attr\":\"\",\"sku\":\"04531\",\"l2\":\"Fromage\",\"sl\":\"fromage-parmesan-en-copeaux-saputo-04531\",\"sn\":\"fromages\",\"idxP\":43},{\"mq\":\"Alexis de Portneuf\",\"nm\":\"Fromage brie Brise du Matin coup\u00E9\",\"nme\":\"Brise du Matin Brie Cheese Cut\",\"attr\":\"Aliment du Qu\u00E9bec, Produit local\",\"sku\":\"04535\",\"l2\":\"Fromage\",\"sl\":\"fromage-brie-brise-du-matin-coupe-alexis-de-portneuf-04535\",\"sn\":\"\",\"idxP\":13},{\"mq\":\"Saputo\",\"nm\":\"Caciocavallo canadien medium\",\"nme\":\"Medium Canadian Caciocavallo\",\"attr\":\"Aliment du Qu\u00E9bec, Produit local\",\"sku\":\"06531\",\"l2\":\"Fromage\",\"sl\":\"caciocavallo-canadien-medium-saputo-06531\",\"sn\":\"\",\"idxP\":51},{\"mq\":\"Stella\",\"nm\":\"Fromage asiago medium US meule\",\"nme\":\"Asiago US Cheese Wheel\",\"attr\":\"\",\"sku\":\"06522\",\"l2\":\"Fromage\",\"sl\":\"fromage-asiago-medium-us-meule-stella-06522\",\"sn\":\"fromages\",\"idxP\":6},{\"mq\":\"Saputo\",\"nm\":\"Mozzarella 15%\",\"nme\":\"15% Mozzarella Cheese\",\"attr\":\"\",\"sku\":\"06376\",\"l2\":\"Fromage\",\"sl\":\"mozzarella-15-saputo-06376\",\"sn\":\"\",\"idxP\":15},{\"mq\":\"Riviera\",\"nm\":\"Cheddar jaune doux en bloc\",\"nme\":\"Mild Yellow Cheddar Block\",\"attr\":\"Produit local\",\"sku\":\"06551\",\"l2\":\"Fromage\",\"sl\":\"cheddar-jaune-doux-en-bloc-riviera-06551\",\"sn\":\"\",\"idxP\":41},{\"mq\":\"Salerno\",\"nm\":\"Friulano canadien meule\",\"nme\":\"Canadian Friulano Cheese Wheel\",\"attr\":\"\",\"sku\":\"06545\",\"l2\":\"Fromage\",\"sl\":\"friulano-canadien-meule-salerno-06545\",\"sn\":\"\",\"idxP\":48},{\"mq\":\"Golosini\",\"nm\":\"Fromage parmesan r\u00E2p\u00E9\",\"nme\":\"Grated Parmesan Cheese\",\"attr\":\"\",\"sku\":\"06815\",\"l2\":\"Fromage\",\"sl\":\"fromage-parmesan-rape-golosini-06815\",\"sn\":\"fromages\",\"idxP\":64},{\"mq\":\"Le Rustique\",\"nm\":\"Camembert Le Rustique\",\"nme\":\"Le Rustique Camembert Cheese\",\"attr\":\"\",\"sku\":\"06910\",\"l2\":\"Fromage\",\"sl\":\"camembert-le-rustique-le-rustique-06910\",\"sn\":\"\",\"idxP\":61},{\"mq\":\"Krinos\",\"nm\":\"Fromage feta \u00E9miett\u00E9e\",\"nme\":\"Crumbled Feta Cheese\",\"attr\":\"Sans gluten\",\"sku\":\"06011\",\"l2\":\"Fromage\",\"sl\":\"fromage-feta-emiettee-krinos-06011\",\"sn\":\"\",\"idxP\":46},{\"mq\":\"Golosini\",\"nm\":\"Fromage r\u00E2p\u00E9 romano\",\"nme\":\"Romano Grated Cheese\",\"attr\":\"\",\"sku\":\"06814\",\"l2\":\"Fromage\",\"sl\":\"fromage-rape-romano-golosini-06814\",\"sn\":\"fromages\",\"idxP\":47},{\"mq\":\"Woolwich\",\"nm\":\"Fromage de ch\u00E8vre nature b\u00FBche\",\"nme\":\"Plain Goat Cheese Log\",\"attr\":\"Produit local\",\"sku\":\"04835\",\"l2\":\"Fromage\",\"sl\":\"fromage-de-chevre-nature-buche-woolwich-04835\",\"sn\":\"fromages\",\"idxP\":62},{\"mq\":\"Kingsey\",\"nm\":\"Fromage en grain\",\"nme\":\"Grain Cheese\",\"attr\":\"\",\"sku\":\"06650\",\"l2\":\"Fromage\",\"sl\":\"fromage-en-grain-kingsey-06650\",\"sn\":\"fromages\",\"idxP\":86},{\"mq\":\"Golosini\",\"nm\":\"Romano r\u00E2p\u00E9\",\"nme\":\"Grated Romano\",\"attr\":\"\",\"sku\":\"06813\",\"l2\":\"Fromage\",\"sl\":\"romano-rape-golosini-06813\",\"sn\":\"\",\"idxP\":31},{\"mq\":\"Golosini\",\"nm\":\"Fromage romano r\u00E2p\u00E9 80%\",\"nme\":\"Grated Romano Cheese 80%\",\"attr\":\"\",\"sku\":\"06811\",\"l2\":\"Fromage\",\"sl\":\"fromage-romano-rape-80-golosini-06811\",\"sn\":\"fromages\",\"idxP\":33},{\"mq\":\"Golosini\",\"nm\":\"Fromage parmesan 80% r\u00E2p\u00E9\",\"nme\":\"Grated Parmesan 80% Cheese\",\"attr\":\"\",\"sku\":\"06818\",\"l2\":\"Fromage\",\"sl\":\"fromage-parmesan-80-rape-golosini-06818\",\"sn\":\"fromages\",\"idxP\":30},{\"mq\":\"La Station\",\"nm\":\"Fromage Chemin Hatley biologique meule\",\"nme\":\"Chemin Hatley Organic Farm Firm Cheese Wheel\",\"attr\":\"Biologique, Produit local\",\"sku\":\"07455\",\"l2\":\"Fromage\",\"sl\":\"fromage-chemin-hatley-biologique-meule-la-station-07455\",\"sn\":\"biologique, bio, organic, organique\",\"idxP\":9},{\"mq\":\"La Station\",\"nm\":\"Fromage Chemin Hatley biologique coup\u00E9\",\"nme\":\"Chemin Hatley Organic Farm Firm Cheese Cut\",\"attr\":\"Biologique, Produit local\",\"sku\":\"07456\",\"l2\":\"Fromage\",\"sl\":\"fromage-chemin-hatley-biologique-coupe-la-station-07456\",\"sn\":\"biologique, bio, organic, organique\",\"idxP\":9},{\"mq\":\"Golosini\",\"nm\":\"Fromage parmesan r\u00E2p\u00E9\",\"nme\":\"Grated Parmesan Cheese\",\"attr\":\"\",\"sku\":\"06819\",\"l2\":\"Fromage\",\"sl\":\"fromage-parmesan-rape-golosini-06819\",\"sn\":\"fromages\",\"idxP\":48},{\"mq\":\"P'tit Basque\",\"nm\":\"Fromage fran\u00E7ais de brebis meule\",\"nme\":\"Sheep Milk French Cheese Wheel\",\"attr\":\"\",\"sku\":\"07766\",\"l2\":\"Fromage\",\"sl\":\"fromage-francais-de-brebis-meule-petit-basque-07766\",\"sn\":\"fromages\",\"idxP\":53},{\"mq\":\"Chevaliers de la Table Ronde\",\"nm\":\"Fromage Galette de la table ronde\",\"nme\":\"Galette de la table ronde Cheese\",\"attr\":\"Biologique, Produit local\",\"sku\":\"07457\",\"l2\":\"Fromage\",\"sl\":\"fromage-galette-de-la-table-ronde-chevaliers-de-la-table-ronde-07457\",\"sn\":\"\",\"idxP\":13},{\"mq\":\"Arla\",\"nm\":\"Provolone tranch\u00E9\",\"nme\":\"Sliced Provolone\",\"attr\":\"\",\"sku\":\"07930\",\"l2\":\"Fromage\",\"sl\":\"provolone-tranche-arla-07930\",\"sn\":\"\",\"idxP\":29},{\"mq\":\"Nouvelle France\",\"nm\":\"Fromage de brebis La Madelaine meule\",\"nme\":\"Sheep Milk Soft Cheese Wheel\",\"attr\":\"Produit local\",\"sku\":\"07715\",\"l2\":\"Fromage\",\"sl\":\"fromage-de-brebis-la-madelaine-meule-nouvelle-france-07715\",\"sn\":\"fromages\",\"idxP\":11},{\"mq\":\"Black Diamond\",\"nm\":\"Pr\u00E9paration fromage fondu pr\u00E9coup\u00E9 color\u00E9\",\"nme\":\"Pre-cut coloured processed  cheese\",\"attr\":\"\",\"sku\":\"07945\",\"l2\":\"Fromage\",\"sl\":\"preparation-fromage-fondu-precoupe-colore-black-diamond-07945\",\"sn\":\"fromages\",\"idxP\":62},{\"mq\":\"Racolli\",\"nm\":\"Mozzarella rap\u00E9e 21%\",\"nme\":\"21% Grated Mozzarella\",\"attr\":\"\",\"sku\":\"09114\",\"l2\":\"Fromage\",\"sl\":\"mozzarella-rapee-21-racolli-09114\",\"sn\":\"\",\"idxP\":97},{\"mq\":\"Skotidakis\",\"nm\":\"Fromage feta au lait de vache et de ch\u00E8vre\",\"nme\":\"Cow and Goat Milk Feta Cheese\",\"attr\":\"\",\"sku\":\"10218\",\"l2\":\"Fromage\",\"sl\":\"fromage-feta-au-lait-de-vache-et-de-chevre-skotidakis-10218\",\"sn\":\"\",\"idxP\":56},{\"mq\":\"Brie de Meaux\",\"nm\":\"Fromage brie de Meaux coup\u00E9\",\"nme\":\"Imported Brie Cheese from Meaux Cut\",\"attr\":\"\",\"sku\":\"07984\",\"l2\":\"Fromage\",\"sl\":\"fromage-brie-de-meaux-coupe-brie-de-meaux-07984\",\"sn\":\"fromages\",\"idxP\":41},{\"mq\":\"Tre Stelle\",\"nm\":\"Ricotta traditionnelle\",\"nme\":\"Traditional Ricotta\",\"attr\":\"\",\"sku\":\"09219\",\"l2\":\"Fromage\",\"sl\":\"ricotta-traditionnelle-tre-stelle-09219\",\"sn\":\"\",\"idxP\":40},{\"mq\":\"Philadelphia\",\"nm\":\"Fromage \u00E0 la cr\u00E8me nature brique\",\"nme\":\"Original Cream Cheese\",\"attr\":\"\",\"sku\":\"10424\",\"l2\":\"Fromage\",\"sl\":\"fromage-a-la-creme-nature-brique-philadelphia-10424\",\"sn\":\"fromages\",\"idxP\":94},{\"mq\":\"Cambozola\",\"nm\":\"Fromage bleu allemand\",\"nme\":\"German Blue Cheese\",\"attr\":\"\",\"sku\":\"08486\",\"l2\":\"Fromage\",\"sl\":\"fromage-bleu-allemand-cambozola-08486\",\"sn\":\"\",\"idxP\":11},{\"mq\":\"Pecorino\",\"nm\":\"Romano pecorino r\u00E2p\u00E9 en pot\",\"nme\":\"Grated Romano Pecorino Cheese\",\"attr\":\"\",\"sku\":\"12223\",\"l2\":\"Fromage\",\"sl\":\"romano-pecorino-rape-en-pot-pecorino-12223\",\"sn\":\"\",\"idxP\":42},{\"mq\":\"Fromagerie du Presbyt\u00E8re\",\"nm\":\"Fromage Louis d'Or meule\",\"nme\":\"Louis d'Or Cheese Wheel\",\"attr\":\"Produit local\",\"sku\":\"14593\",\"l2\":\"Fromage\",\"sl\":\"fromage-louis-dor-meule-fromagerie-du-presbytere-14593\",\"sn\":\"fromages\",\"idxP\":6},{\"mq\":\"Castello\",\"nm\":\"Fromage bleu gorgonzola coup\u00E9\",\"nme\":\"Gorgonzola Blue Cheese Cut\",\"attr\":\"\",\"sku\":\"08491\",\"l2\":\"Fromage\",\"sl\":\"fromage-bleu-gorgonzola-coupe-castello-08491\",\"sn\":\"\",\"idxP\":32},{\"mq\":\"Golosini\",\"nm\":\"Fromage r\u00E2p\u00E9 parmesan 80%\",\"nme\":\"Grated Parmesan Cheese 80%\",\"attr\":\"\",\"sku\":\"06817\",\"l2\":\"Fromage\",\"sl\":\"fromage-rape-parmesan-80-golosini-06817\",\"sn\":\"fromages\",\"idxP\":48},{\"mq\":\"Reggiano\",\"nm\":\"Parmesan reggiano 16 mois r\u00E2p\u00E9 dans un pot\",\"nme\":\"Shredded Parmegiano Reggiano 16-Month in a jar\",\"attr\":\"\",\"sku\":\"12203\",\"l2\":\"Fromage\",\"sl\":\"parmesan-reggiano-16-mois-rape-dans-un-pot-reggiano-12203\",\"sn\":\"\",\"idxP\":41},{\"mq\":\"Riviera\",\"nm\":\"Fromage suisse canadien doux coup\u00E9\",\"nme\":\"Mild Canadian Swiss Cheese Cut\",\"attr\":\"Aliment du Qu\u00E9bec, Sans lactose, Produit local\",\"sku\":\"15058\",\"l2\":\"Fromage\",\"sl\":\"fromage-suisse-canadien-doux-coupe-riviera-15058\",\"sn\":\"fromages\",\"idxP\":23},{\"mq\":\"Skotidakis\",\"nm\":\"Fromage feta en d\u00E9s\",\"nme\":\"Feta Cheese Cubes\",\"attr\":\"\",\"sku\":\"16434\",\"l2\":\"Fromage\",\"sl\":\"fromage-feta-en-des-skotidakis-16434\",\"sn\":\"\",\"idxP\":62},{\"mq\":\"Armstrong\",\"nm\":\"Cheddar jaune doux r\u00E2p\u00E9\",\"nme\":\"Grated Mild Yellow Cheddar\",\"attr\":\"\",\"sku\":\"10342\",\"l2\":\"Fromage\",\"sl\":\"cheddar-jaune-doux-rape-armstrong-10342\",\"sn\":\"\",\"idxP\":47},{\"mq\":\"Saputo\",\"nm\":\"Ricotta Italiana\",\"nme\":\"Italian Ricotta\",\"attr\":\"Aliment du Qu\u00E9bec, Produit local\",\"sku\":\"12590\",\"l2\":\"Fromage\",\"sl\":\"ricotta-italiana-saputo-12590\",\"sn\":\"\",\"idxP\":80},{\"mq\":\"Chef Nutri\",\"nm\":\"Fromage tranch\u00E9 pour burger style cheddar\",\"nme\":\"Cheddar Style Burger Sliced Cheese\",\"attr\":\"\",\"sku\":\"17410\",\"l2\":\"Fromage\",\"sl\":\"fromage-tranche-pour-burger-style-cheddar-chef-nutri-17410\",\"sn\":\"\",\"idxP\":60},{\"mq\":\"Cracker Barrel\",\"nm\":\"Cheddar jaune doux\",\"nme\":\"Mild Yellow Cheedar\",\"attr\":\"\",\"sku\":\"14788\",\"l2\":\"Fromage\",\"sl\":\"cheddar-jaune-doux-cracker-barrel-14788\",\"sn\":\"\",\"idxP\":18},{\"mq\":\"Kiri\",\"nm\":\"Fromage fondu lait de vache\",\"nme\":\"Cow Milk Processed Cheese\",\"attr\":\"\",\"sku\":\"16499\",\"l2\":\"Fromage\",\"sl\":\"fromage-fondu-lait-de-vache-kiri-16499\",\"sn\":\"fromages\",\"idxP\":82},{\"mq\":\"Krinos\",\"nm\":\"Fromage feta dure\",\"nme\":\"Hard Feta Cheese\",\"attr\":\"Sans gluten\",\"sku\":\"19838\",\"l2\":\"Fromage\",\"sl\":\"fromage-feta-dure-krinos-19838\",\"sn\":\"\",\"idxP\":27},{\"mq\":\"Oka\",\"nm\":\"Fromage Oka coup\u00E9\",\"nme\":\"Oka Cheese Cut\",\"attr\":\"Produit local\",\"sku\":\"13117\",\"l2\":\"Fromage\",\"sl\":\"fromage-oka-coupe-oka-13117\",\"sn\":\"fromages\",\"idxP\":30},{\"mq\":\"Racolli\",\"nm\":\"Mozzarella racolli r\u00E2p\u00E9 27%\",\"nme\":\"Grated Racolli Mozarella 27%\",\"attr\":\"\",\"sku\":\"14363\",\"l2\":\"Fromage\",\"sl\":\"mozzarella-racolli-rape-27-racolli-14363\",\"sn\":\"fromages\",\"idxP\":60},{\"mq\":\"Armstrong\",\"nm\":\"Fromage fondu suisse tranch\u00E9\",\"nme\":\"Sliced Swiss Cheese Process\",\"attr\":\"\",\"sku\":\"16626\",\"l2\":\"Fromage\",\"sl\":\"fromage-fondu-suisse-tranche-armstrong-16626\",\"sn\":\"fromages\",\"idxP\":21},{\"mq\":\"Armstrong\",\"nm\":\"Fromage fondu jaune tranch\u00E9\",\"nme\":\"Sliced Yellow Process Cheese\",\"attr\":\"\",\"sku\":\"16625\",\"l2\":\"Fromage\",\"sl\":\"fromage-fondu-jaune-tranche-armstrong-16625\",\"sn\":\"fromages\",\"idxP\":40},{\"mq\":\"Chef Nutri\",\"nm\":\"Fromage garniture pizza m\u00E9lange analogue cheddar\",\"nme\":\"Pizza Cheddar Analog Cheese Mix\",\"attr\":\"\",\"sku\":\"17818\",\"l2\":\"Fromage\",\"sl\":\"fromage-garniture-pizza-melange-analogue-cheddar-chef-nutri-17818\",\"sn\":\"\",\"idxP\":93},{\"mq\":\"Chef Nutri\",\"nm\":\"Fromage tranch\u00E9 ruban cheddar\",\"nme\":\"Sliced Ribbon Cheddar Cheese\",\"attr\":\"\",\"sku\":\"17451\",\"l2\":\"Fromage\",\"sl\":\"fromage-tranche-ruban-cheddar-chef-nutri-17451\",\"sn\":\"\",\"idxP\":47},{\"mq\":\"Krinos\",\"nm\":\"Fromage feta au lait de ch\u00E8vre\",\"nme\":\"Goat Milk Feta Cheese\",\"attr\":\"Sans gluten\",\"sku\":\"17054\",\"l2\":\"Fromage\",\"sl\":\"fromage-feta-au-lait-de-chevre-krinos-17054\",\"sn\":\"\",\"idxP\":35},{\"mq\":\"Black Diamond\",\"nm\":\"Pr\u00E9paration fromage fondu pr\u00E9coup\u00E9 suisse\",\"nme\":\"Pre-cut swiss processed  cheese\",\"attr\":\"\",\"sku\":\"19668\",\"l2\":\"Fromage\",\"sl\":\"preparation-fromage-fondu-precoupe-suisse-black-diamond-19668\",\"sn\":\"fromages\",\"idxP\":14},{\"mq\":\"Saputo\",\"nm\":\"Caciocavallo fum\u00E9\",\"nme\":\"Smoked Caciacavallo\",\"attr\":\"Aliment du Qu\u00E9bec, Produit local\",\"sku\":\"17566\",\"l2\":\"Fromage\",\"sl\":\"caciocavallo-fume-saputo-17566\",\"sn\":\"\",\"idxP\":73},{\"mq\":\"Auricchio\",\"nm\":\"Provolone Bocce meule\",\"nme\":\"Provolone Bocce\",\"attr\":\"\",\"sku\":\"28221\",\"l2\":\"Fromage\",\"sl\":\"provolone-bocce-meule-auricchio-28221\",\"sn\":\"\",\"idxP\":7},{\"mq\":\"Chef Nutri\",\"nm\":\"Fromage tranch\u00E9 ruban style suisse\",\"nme\":\"Swiss Style Sliced Ribbon Cheese\",\"attr\":\"\",\"sku\":\"22954\",\"l2\":\"Fromage\",\"sl\":\"fromage-tranche-ruban-style-suisse-chef-nutri-22954\",\"sn\":\"\",\"idxP\":78},{\"mq\":\"Skotidakis\",\"nm\":\"Fromage feta l\u00E9g\u00E8re en d\u00E9s\",\"nme\":\"Light Feta Cheese Cubes\",\"attr\":\"\",\"sku\":\"16435\",\"l2\":\"Fromage\",\"sl\":\"fromage-feta-legere-en-des-skotidakis-16435\",\"sn\":\"\",\"idxP\":52},{\"mq\":\"Emmi\",\"nm\":\"Raclette suisse au poivre coup\u00E9\",\"nme\":\"Swiss Pepper Raclette Cut\",\"attr\":\"\",\"sku\":\"20185\",\"l2\":\"Fromage\",\"sl\":\"raclette-suisse-au-poivre-coupe-emmi-20185\",\"sn\":\"\",\"idxP\":7},{\"mq\":\"Saputo\",\"nm\":\"Bocconcini canadien 3 kg\",\"nme\":\"Canadian Bocconcini\",\"attr\":\"Aliment du Qu\u00E9bec, Produit local\",\"sku\":\"29131\",\"l2\":\"Fromage\",\"sl\":\"bocconcini-canadien-3-kg-saputo-29131\",\"sn\":\"boconccini\",\"idxP\":43},{\"mq\":\"Saputo\",\"nm\":\"Mozzarella 15%\",\"nme\":\"15% Mozzarella Cheese\",\"attr\":\"Aliment du Qu\u00E9bec\",\"sku\":\"25411\",\"l2\":\"Fromage\",\"sl\":\"mozzarella-15-saputo-25411\",\"sn\":\"\",\"idxP\":39},{\"mq\":\"Saputo\",\"nm\":\"Caciocavallo fum\u00E9 petit boule\",\"nme\":\"Smoked Caciocavallo Small Ball\",\"attr\":\"Aliment du Qu\u00E9bec, Produit local\",\"sku\":\"30694\",\"l2\":\"Fromage\",\"sl\":\"caciocavallo-fume-petit-boule-saputo-30694\",\"sn\":\"\",\"idxP\":47},{\"mq\":\"Auricchio\",\"nm\":\"Provolone italien doux salamino\",\"nme\":\"Mild Italian Salamino Provolone\",\"attr\":\"\",\"sku\":\"17926\",\"l2\":\"Fromage\",\"sl\":\"provolone-italien-doux-salamino-auricchio-17926\",\"sn\":\"\",\"idxP\":3},{\"mq\":\"Arla\",\"nm\":\"Fromage feta dans l'huile Apetina\",\"nme\":\"Apetina Feta Cheese in Oil 265 g\",\"attr\":\"\",\"sku\":\"30602\",\"l2\":\"Fromage\",\"sl\":\"fromage-feta-dans-lhuile-apetina-arla-30602\",\"sn\":\"\",\"idxP\":34},{\"mq\":\"Saputo\",\"nm\":\"Ricotta italienne\",\"nme\":\"Italian Ricotta Cheese\",\"attr\":\"\",\"sku\":\"17319\",\"l2\":\"Fromage\",\"sl\":\"ricotta-italienne-saputo-17319\",\"sn\":\"\",\"idxP\":71},{\"mq\":\"Polenghi\",\"nm\":\"Mascarpone italien\",\"nme\":\"Italian Mascarpone\",\"attr\":\"\",\"sku\":\"29134\",\"l2\":\"Fromage\",\"sl\":\"mascarpone-italien-polenghi-29134\",\"sn\":\"\",\"idxP\":61},{\"mq\":\"Saputo\",\"nm\":\"Caciocavallo medium petit boule\",\"nme\":\"Medium Caciocavallo Small Bowl\",\"attr\":\"Aliment du Qu\u00E9bec, Produit local\",\"sku\":\"30695\",\"l2\":\"Fromage\",\"sl\":\"caciocavallo-medium-petit-boule-saputo-30695\",\"sn\":\"\",\"idxP\":36},{\"mq\":\"Doric\",\"nm\":\"Fromage feta style mac\u00E9donien\",\"nme\":\"Macedonian Style Feta Cheese\",\"attr\":\"Sans gluten\",\"sku\":\"29371\",\"l2\":\"Fromage\",\"sl\":\"fromage-feta-style-macedonien-doric-29371\",\"sn\":\"\",\"idxP\":25},{\"mq\":\"Saputo\",\"nm\":\"Bocconcini canadien\",\"nme\":\"Canadian Bocconcini\",\"attr\":\"Sans gluten, Aliment du Qu\u00E9bec, Produit local\",\"sku\":\"31857\",\"l2\":\"Fromage\",\"sl\":\"bocconcini-canadien-saputo-31857\",\"sn\":\"boconccini\",\"idxP\":66},{\"mq\":\"Salerno\",\"nm\":\"Ricotta fra\u00EEche\",\"nme\":\"Fresh Ricotta Cheese\",\"attr\":\"\",\"sku\":\"21171\",\"l2\":\"Fromage\",\"sl\":\"ricotta-fraiche-salerno-21171\",\"sn\":\"\",\"idxP\":47},{\"mq\":\"Saputo\",\"nm\":\"Mozzarellissima\",\"nme\":\"Mozzarellissima Cheese\",\"attr\":\"\",\"sku\":\"30058\",\"l2\":\"Fromage\",\"sl\":\"mozzarellissima-saputo-30058\",\"sn\":\"\",\"idxP\":-3},{\"mq\":\"Saputo\",\"nm\":\"Fromage feta l\u00E9ger\",\"nme\":\"Light Feta Cheese\",\"attr\":\"\",\"sku\":\"35200\",\"l2\":\"Fromage\",\"sl\":\"fromage-feta-leger-saputo-35200\",\"sn\":\"\",\"idxP\":48},{\"mq\":\"Black Diamond\",\"nm\":\"Pr\u00E9paration fromage fondu pr\u00E9coup\u00E9 blanc\",\"nme\":\"Pre-cut white processed   cheese\",\"attr\":\"\",\"sku\":\"19948\",\"l2\":\"Fromage\",\"sl\":\"preparation-fromage-fondu-precoupe-blanc-black-diamond-19948\",\"sn\":\"fromages\",\"idxP\":21},{\"mq\":\"Tre Stelle\",\"nm\":\"Bocconcini mini\",\"nme\":\"Bocconcini Mini\",\"attr\":\"\",\"sku\":\"37537\",\"l2\":\"Fromage\",\"sl\":\"bocconcini-mini-tre-stelle-37537\",\"sn\":\"boconccini\",\"idxP\":66},{\"mq\":\"Saputo\",\"nm\":\"Mozzarina fresca\",\"nme\":\"Fresca Mozzarina Cheese\",\"attr\":\"Aliment du Qu\u00E9bec\",\"sku\":\"32696\",\"l2\":\"Fromage\",\"sl\":\"mozzarina-fresca-saputo-32696\",\"sn\":\"\",\"idxP\":65},{\"mq\":\"Skotidakis\",\"nm\":\"Fromage feta Petros au lait de vache\",\"nme\":\"Petros Cow Milk Feta Cheese\",\"attr\":\"\",\"sku\":\"34303\",\"l2\":\"Fromage\",\"sl\":\"fromage-feta-petros-au-lait-de-vache-skotidakis-34303\",\"sn\":\"\",\"idxP\":31},{\"mq\":\"Saputo\",\"nm\":\"Mozzarellissima 15%\",\"nme\":\"15% Mozzarellissima Cheese\",\"attr\":\"Aliment du Qu\u00E9bec\",\"sku\":\"29133\",\"l2\":\"Fromage\",\"sl\":\"mozzarellissima-15-saputo-29133\",\"sn\":\"\",\"idxP\":66},{\"mq\":\"Saputo\",\"nm\":\"Mozzarella 20%\",\"nme\":\"20% Mozzarella Cheese\",\"attr\":\"Aliment du Qu\u00E9bec\",\"sku\":\"34660\",\"l2\":\"Fromage\",\"sl\":\"mozzarella-20-saputo-34660\",\"sn\":\"\",\"idxP\":87},{\"mq\":\"Tre Stelle\",\"nm\":\"Mascarpone\",\"nme\":\"Mascarpone\",\"attr\":\"\",\"sku\":\"37278\",\"l2\":\"Fromage\",\"sl\":\"mascarpone-tre-stelle-37278\",\"sn\":\"\",\"idxP\":44},{\"mq\":\"Skotidakis\",\"nm\":\"Fromage feta au lait de vache\",\"nme\":\"Cow Milk Feta Cheese\",\"attr\":\"\",\"sku\":\"44345\",\"l2\":\"Fromage\",\"sl\":\"fromage-feta-au-lait-de-vache-skotidakis-44345\",\"sn\":\"\",\"idxP\":42},{\"mq\":\"Saputo\",\"nm\":\"Bocconcini mini canadien\",\"nme\":\"Canadian Bocconcini Mini\",\"attr\":\"Aliment du Qu\u00E9bec, Produit local\",\"sku\":\"31856\",\"l2\":\"Fromage\",\"sl\":\"bocconcini-mini-canadien-saputo-31856\",\"sn\":\"boconccini\",\"idxP\":62},{\"mq\":\"Arla\",\"nm\":\"Piave Vecchio meule\",\"nme\":\"Piave Vecchio Wheel\",\"attr\":\"\",\"sku\":\"06954\",\"l2\":\"Fromage\",\"sl\":\"piave-vecchio-meule-arla-06954\",\"sn\":\"\",\"idxP\":1},{\"mq\":\"La Chaudi\u00E8re\",\"nm\":\"Fromage tortillon D\u00E9gu\u00E9dine\",\"nme\":\"D\u00E9gu\u00E9dine Twist Cheese\",\"attr\":\"Aliment du Qu\u00E9bec, Produit local\",\"sku\":\"11541\",\"l2\":\"Fromage\",\"sl\":\"fromage-tortillon-deguedine-la-chaudiere-11541\",\"sn\":\"fromages\",\"idxP\":36},{\"mq\":\"Doric\",\"nm\":\"Fromage feta style mac\u00E9donien\",\"nme\":\"Macedonian Style Feta Cheese\",\"attr\":\"Sans gluten\",\"sku\":\"37443\",\"l2\":\"Fromage\",\"sl\":\"fromage-feta-style-macedonien-doric-37443\",\"sn\":\"\",\"idxP\":56},{\"mq\":\"Skotidakis\",\"nm\":\"Fromage feta au lait de vache et de ch\u00E8vre\",\"nme\":\"Cow and Goat Milk Feta Cheese\",\"attr\":\"\",\"sku\":\"42765\",\"l2\":\"Fromage\",\"sl\":\"fromage-feta-au-lait-de-vache-et-de-chevre-skotidakis-42765\",\"sn\":\"\",\"idxP\":31},{\"mq\":\"Skotidakis\",\"nm\":\"Fromage feta au lait de ch\u00E8vre\",\"nme\":\"Goat Milk Feta Cheese\",\"attr\":\"\",\"sku\":\"35204\",\"l2\":\"Fromage\",\"sl\":\"fromage-feta-au-lait-de-chevre-skotidakis-35204\",\"sn\":\"\",\"idxP\":56},{\"mq\":\"Saputo\",\"nm\":\"Mozzarella\",\"nme\":\"Mozzarella Cheese\",\"attr\":\"\",\"sku\":\"36711\",\"l2\":\"Fromage\",\"sl\":\"mozzarella-saputo-36711\",\"sn\":\"\",\"idxP\":75},{\"mq\":\"Tre Stelle\",\"nm\":\"Bocconcini l\u00E9ger\",\"nme\":\"Light Bocconcini\",\"attr\":\"\",\"sku\":\"48788\",\"l2\":\"Fromage\",\"sl\":\"bocconcini-leger-tre-stelle-48788\",\"sn\":\"boconccini\",\"idxP\":37},{\"mq\":\"Skotidakis\",\"nm\":\"Fromage feta au lait de ch\u00E8vre\",\"nme\":\"Goat Milk Feta Cheese\",\"attr\":\"\",\"sku\":\"41789\",\"l2\":\"Fromage\",\"sl\":\"fromage-feta-au-lait-de-chevre-skotidakis-41789\",\"sn\":\"\",\"idxP\":54},{\"mq\":\"Tre Stelle\",\"nm\":\"Perles de bocconcini\",\"nme\":\"Bocconcini Pearls\",\"attr\":\"\",\"sku\":\"49481\",\"l2\":\"Fromage\",\"sl\":\"perles-de-bocconcini-tre-stelle-49481\",\"sn\":\"boconccini\",\"idxP\":52},{\"mq\":\"Auricchio\",\"nm\":\"Provolone italien doux entier\",\"nme\":\"Mild Italian Provolone\",\"attr\":\"\",\"sku\":\"17928\",\"l2\":\"Fromage\",\"sl\":\"provolone-italien-doux-entier-auricchio-17928\",\"sn\":\"\",\"idxP\":0},{\"mq\":\"Princeville\",\"nm\":\"Fromage de ch\u00E8vre\",\"nme\":\"Goat Cheese\",\"attr\":\"Aliment du Qu\u00E9bec, Produit local\",\"sku\":\"07105\",\"l2\":\"Fromage\",\"sl\":\"fromage-de-chevre-princeville-07105\",\"sn\":\"fromages\",\"idxP\":33},{\"mq\":\"Pr\u00E9sident\",\"nm\":\"Fromage brie\",\"nme\":\"Brie Cheese\",\"attr\":\"\",\"sku\":\"22353\",\"l2\":\"Fromage\",\"sl\":\"fromage-brie-president-22353\",\"sn\":\"\",\"idxP\":59},{\"mq\":\"\u00CEle aux Grues\",\"nm\":\"Cheddar medium\",\"nme\":\"Medium Cheddar Cheese\",\"attr\":\"Aliment du Qu\u00E9bec, Produit local\",\"sku\":\"07773\",\"l2\":\"Fromage\",\"sl\":\"cheddar-medium-ile-aux-grues-07773\",\"sn\":\"\",\"idxP\":45},{\"mq\":\"Saint Henri\",\"nm\":\"Fromage en grain pour poutine\",\"nme\":\"Poutine Cheese Curds\",\"attr\":\"\",\"sku\":\"18745\",\"l2\":\"Fromage\",\"sl\":\"fromage-en-grain-pour-poutine-saint-henri-18745\",\"sn\":\"fromages\",\"idxP\":68},{\"mq\":\"Pecorino\",\"nm\":\"Romano italien entier\",\"nme\":\"Italian Romano Wheel\",\"attr\":\"\",\"sku\":\"17976\",\"l2\":\"Fromage\",\"sl\":\"romano-italien-entier-pecorino-17976\",\"sn\":\"\",\"idxP\":8},{\"mq\":\"Pr\u00E9sident\",\"nm\":\"Fromage Camembert\",\"nme\":\"Camembert Cheese\",\"attr\":\"\",\"sku\":\"22352\",\"l2\":\"Fromage\",\"sl\":\"fromage-camembert-president-22352\",\"sn\":\"\",\"idxP\":59},{\"mq\":\"Riviera\",\"nm\":\"Cheddar blanc doux\",\"nme\":\"Mild White Cheddar\",\"attr\":\"Aliment du Qu\u00E9bec, Sans lactose, Produit local\",\"sku\":\"33719\",\"l2\":\"Fromage\",\"sl\":\"cheddar-blanc-doux-riviera-33719\",\"sn\":\"\",\"idxP\":52},{\"mq\":\"Castello\",\"nm\":\"Camembert\",\"nme\":\"Camembert\",\"attr\":\"\",\"sku\":\"30477\",\"l2\":\"Fromage\",\"sl\":\"camembert-castello-30477\",\"sn\":\"\",\"idxP\":30},{\"mq\":\"La Chaudi\u00E8re\",\"nm\":\"Cheddar jaune doux petit\",\"nme\":\"Small Mild Yellow Cheddar\",\"attr\":\"Aliment du Qu\u00E9bec, Produit local\",\"sku\":\"33965\",\"l2\":\"Fromage\",\"sl\":\"cheddar-jaune-doux-petit-la-chaudiere-33965\",\"sn\":\"\",\"idxP\":14},{\"mq\":\"Sifor\",\"nm\":\"Crotonese piment rouge meule\",\"nme\":\"Red Pepper Crotonese Cheese Wheel\",\"attr\":\"\",\"sku\":\"07810\",\"l2\":\"Fromage\",\"sl\":\"crotonese-piment-rouge-meule-sifor-07810\",\"sn\":\"piments\",\"idxP\":11},{\"mq\":\"BioBio\",\"nm\":\"Cheddar fort biologique entier\",\"nme\":\"Organic Strong Cheddar Wheel\",\"attr\":\"Sans gluten, Biologique, Aliment du Qu\u00E9bec, Sans lactose, Produit local\",\"sku\":\"18701\",\"l2\":\"Fromage\",\"sl\":\"cheddar-fort-biologique-entier-biobio-18701\",\"sn\":\"biologique, bio, organic, organique\",\"idxP\":11},{\"mq\":\"La Chaudi\u00E8re\",\"nm\":\"Cheddar marbr\u00E9 doux\",\"nme\":\"Mild Marbled Cheddar\",\"attr\":\"Aliment du Qu\u00E9bec, Produit local\",\"sku\":\"33966\",\"l2\":\"Fromage\",\"sl\":\"cheddar-marbre-doux-la-chaudiere-33966\",\"sn\":\"\",\"idxP\":37},{\"mq\":\"Bellavitano\",\"nm\":\"Fromage balsamique meule\",\"nme\":\"Balsamic Cheese Wheel\",\"attr\":\"\",\"sku\":\"23498\",\"l2\":\"Fromage\",\"sl\":\"fromage-balsamique-meule-bellavitano-23498\",\"sn\":\"fromages\",\"idxP\":8},{\"mq\":\"Petit Qu\u00E9bec\",\"nm\":\"Cheddar blanc doux go\u00FBters\",\"nme\":\"Mild White Cheddar Snacks\",\"attr\":\"\",\"sku\":\"24518\",\"l2\":\"Fromage\",\"sl\":\"cheddar-blanc-doux-gouters-petit-quebec-24518\",\"sn\":\"\",\"idxP\":67},{\"mq\":\"Riviera\",\"nm\":\"Cheddar marbr\u00E9 doux\",\"nme\":\"Mild Marbled Cheddar\",\"attr\":\"Aliment du Qu\u00E9bec, Sans lactose, Produit local\",\"sku\":\"34920\",\"l2\":\"Fromage\",\"sl\":\"cheddar-marbre-doux-riviera-34920\",\"sn\":\"\",\"idxP\":57},{\"mq\":\"Ile de France\",\"nm\":\"Fromage brie double cr\u00E8me meule\",\"nme\":\"Double Cream Brie Cheese Wheel\",\"attr\":\"\",\"sku\":\"24888\",\"l2\":\"Fromage\",\"sl\":\"fromage-brie-double-creme-meule-ile-de-france-24888\",\"sn\":\"fromages\",\"idxP\":6},{\"mq\":\"Perron\",\"nm\":\"Cheddar porto\",\"nme\":\"Porto Cheddar\",\"attr\":\"Aliment du Qu\u00E9bec, Produit local\",\"sku\":\"35372\",\"l2\":\"Fromage\",\"sl\":\"cheddar-porto-perron-35372\",\"sn\":\"\",\"idxP\":24},{\"mq\":\"Alexis de Portneuf\",\"nm\":\"Fromage brie triple cr\u00E8me Cendr\u00E9 de Lune\",\"nme\":\"Cendr\u00E9 de Lune Triple Cream Brie Cheese\",\"attr\":\"Aliment du Qu\u00E9bec, Produit local\",\"sku\":\"18128\",\"l2\":\"Fromage\",\"sl\":\"fromage-brie-triple-creme-cendre-de-lune-alexis-de-portneuf-18128\",\"sn\":\"\",\"idxP\":15},{\"mq\":\"Ch\u00E2teau de Bourgogne\",\"nm\":\"Fromage triple cr\u00E8me\",\"nme\":\"Triple Cream Cheese\",\"attr\":\"\",\"sku\":\"32044\",\"l2\":\"Fromage\",\"sl\":\"fromage-triple-creme-chateau-de-bourgogne-32044\",\"sn\":\"fromages\",\"idxP\":56},{\"mq\":\"Perron\",\"nm\":\"Cheddar 4 ans\",\"nme\":\"4-Year Old Cheddar\",\"attr\":\"Aliment du Qu\u00E9bec, Produit local\",\"sku\":\"35373\",\"l2\":\"Fromage\",\"sl\":\"cheddar-4-ans-perron-35373\",\"sn\":\"\",\"idxP\":24},{\"mq\":\"Riviera\",\"nm\":\"Fromage en grain pour poutine\",\"nme\":\"Poutine Grain Cheese\",\"attr\":\"Aliment du Qu\u00E9bec, Produit local\",\"sku\":\"30776\",\"l2\":\"Fromage\",\"sl\":\"fromage-en-grain-pour-poutine-riviera-30776\",\"sn\":\"fromages\",\"idxP\":72},{\"mq\":\"Cracker Barrel\",\"nm\":\"Cheddar jaune mi-fort en portion\",\"nme\":\"Mid-Mild Yellow Cheddar Portion\",\"attr\":\"\",\"sku\":\"36920\",\"l2\":\"Fromage\",\"sl\":\"cheddar-jaune-mi-fort-en-portion-cracker-barrel-36920\",\"sn\":\"\",\"idxP\":23},{\"mq\":\"Perron\",\"nm\":\"Cheddar bi\u00E8re noire\",\"nme\":\"Dark Beer Cheddar\",\"attr\":\"Produit local\",\"sku\":\"35375\",\"l2\":\"Fromage\",\"sl\":\"cheddar-biere-noire-perron-35375\",\"sn\":\"\",\"idxP\":16},{\"mq\":\"Alexis de Portneuf\",\"nm\":\"Fromage brie double cr\u00E8me meule\",\"nme\":\"Double Cream Brie Cheese Wheel\",\"attr\":\"Aliment du Qu\u00E9bec, Produit local\",\"sku\":\"37031\",\"l2\":\"Fromage\",\"sl\":\"fromage-brie-double-creme-meule-alexis-de-portneuf-37031\",\"sn\":\"\",\"idxP\":15},{\"mq\":\"Fritz Kaiser\",\"nm\":\"Fromage la mascotte meule\",\"nme\":\"La Mascotte Cheese Wheel\",\"attr\":\"Aliment du Qu\u00E9bec, Produit local\",\"sku\":\"37237\",\"l2\":\"Fromage\",\"sl\":\"fromage-la-mascotte-meule-fritz-kaiser-37237\",\"sn\":\"\",\"idxP\":2},{\"mq\":\"Perron\",\"nm\":\"Cheddar 2 ans\",\"nme\":\"2-Year Old Cheddar\",\"attr\":\"Aliment du Qu\u00E9bec, Produit local\",\"sku\":\"35374\",\"l2\":\"Fromage\",\"sl\":\"cheddar-2-ans-perron-35374\",\"sn\":\"\",\"idxP\":28},{\"mq\":\"Chevalier\",\"nm\":\"Fromage brie canadien triple cr\u00E8me meule\",\"nme\":\"Triple Cream Canadian Brie Cheese Wheel\",\"attr\":\"Aliment du Qu\u00E9bec, Produit local\",\"sku\":\"46463\",\"l2\":\"Fromage\",\"sl\":\"fromage-brie-canadien-triple-creme-meule-chevalier-46463\",\"sn\":\"fromages\",\"idxP\":23},{\"mq\":\"Castello\",\"nm\":\"Fromage brie\",\"nme\":\"Brie Cheese\",\"attr\":\"\",\"sku\":\"30479\",\"l2\":\"Fromage\",\"sl\":\"fromage-brie-castello-30479\",\"sn\":\"fromages\",\"idxP\":44},{\"mq\":\"Woolwich\",\"nm\":\"Fromage de ch\u00E8vre vanille bleuet b\u00FBche\",\"nme\":\"Vanilla Blueberry Goat Cheese Log\",\"attr\":\"Produit local\",\"sku\":\"30481\",\"l2\":\"Fromage\",\"sl\":\"fromage-de-chevre-vanille-bleuet-buche-woolwich-30481\",\"sn\":\"fromages\",\"idxP\":30},{\"mq\":\"Alexis de Portneuf\",\"nm\":\"Fromage brie Alexis de Portneuf\",\"nme\":\"Alexis de Portneuf Brie Cheese\",\"attr\":\"Produit local\",\"sku\":\"45585\",\"l2\":\"Fromage\",\"sl\":\"fromage-brie-alexis-de-portneuf-alexis-de-portneuf-45585\",\"sn\":\"\",\"idxP\":53},{\"mq\":\"Grey Owl\",\"nm\":\"Fromage de ch\u00E8vre cendr\u00E9 meule\",\"nme\":\"Ash Coated Goat Cheese Wheel\",\"attr\":\"\",\"sku\":\"36827\",\"l2\":\"Fromage\",\"sl\":\"fromage-de-chevre-cendre-meule-grey-owl-36827\",\"sn\":\"fromages\",\"idxP\":2},{\"mq\":\"Alexis de Portneuf\",\"nm\":\"Fromage \u00E0 p\u00E2te molle Bonaparte\",\"nme\":\"Bonaparte Soft Ripened Surface Cheese\",\"attr\":\"Produit local\",\"sku\":\"38565\",\"l2\":\"Fromage\",\"sl\":\"fromage-a-pate-molle-bonaparte-alexis-de-portneuf-38565\",\"sn\":\"fromages\",\"idxP\":58},{\"mq\":\"Tre Stelle\",\"nm\":\"Cheddar fum\u00E9 meule\",\"nme\":\"Smoked Cheddar Cheese Wheel\",\"attr\":\"\",\"sku\":\"37271\",\"l2\":\"Fromage\",\"sl\":\"cheddar-fume-meule-tre-stelle-37271\",\"sn\":\"\",\"idxP\":12},{\"mq\":\"Fleuron\",\"nm\":\"Fromage bleu fermier meule\",\"nme\":\"Farmhouse Blue Cheese Wheel\",\"attr\":\"Biologique, Produit local\",\"sku\":\"20005\",\"l2\":\"Fromage\",\"sl\":\"fromage-bleu-fermier-meule-fleuron-20005\",\"sn\":\"biologique, bio, organic, organique\",\"idxP\":5},{\"mq\":\"Primo Sale\",\"nm\":\"Fromage de brebis sal\u00E9 Mignon meule\",\"nme\":\"Mignon Salted sheep Cheese Wheel\",\"attr\":\"\",\"sku\":\"37086\",\"l2\":\"Fromage\",\"sl\":\"fromage-de-brebis-sale-mignon-meule-primo-sale-37086\",\"sn\":\"fromages\",\"idxP\":15},{\"mq\":\"Nouvelle France\",\"nm\":\"Zacharie cloutier lait cru meule\",\"nme\":\"Raw Milk Zacharie Cloutier  Wheel\",\"attr\":\"Produit local\",\"sku\":\"22232\",\"l2\":\"Fromage\",\"sl\":\"zacharie-cloutier-lait-cru-meule-nouvelle-france-22232\",\"sn\":\"\",\"idxP\":7},{\"mq\":\"Saint-Beno\u00EEt-du-Lac\",\"nm\":\"Fromage bleu Ermite meule\",\"nme\":\"Ermite Blue Cheese Wheel\",\"attr\":\"Sans gluten, Aliment du Qu\u00E9bec, Sans lactose, Produit local\",\"sku\":\"22279\",\"l2\":\"Fromage\",\"sl\":\"fromage-bleu-ermite-meule-saint-benoit-du-lac-22279\",\"sn\":\"\",\"idxP\":5}], [{\"mq\":\"La Chaudi\u00E8re\",\"nm\":\"Cheddar blanc fort\",\"nme\":\"Old White Cheddar Wheel\",\"attr\":\"Aliment du Qu\u00E9bec, Produit local\",\"sku\":\"37548\",\"l2\":\"Fromage\",\"sl\":\"cheddar-blanc-fort-la-chaudiere-37548\",\"sn\":\"\",\"idxP\":45},{\"mq\":\"Woolwich\",\"nm\":\"Fromage de ch\u00E8vre au piment fort\",\"nme\":\"Hot Pepper Goat Cheese\",\"attr\":\"Produit local\",\"sku\":\"24687\",\"l2\":\"Fromage\",\"sl\":\"fromage-de-chevre-au-piment-fort-woolwich-24687\",\"sn\":\"fromages\",\"idxP\":20},{\"mq\":\"La Mancha\",\"nm\":\"Fromage de ch\u00E8vre \u00E0 p\u00E2te molle meule\",\"nme\":\"Soft Goat Cheese Wheel\",\"attr\":\"Aliment du Qu\u00E9bec, Produit local\",\"sku\":\"24411\",\"l2\":\"Fromage\",\"sl\":\"fromage-de-chevre-a-pate-molle-meule-la-mancha-24411\",\"sn\":\"fromages\",\"idxP\":2},{\"mq\":\"Woolwich\",\"nm\":\"Fromage de ch\u00E8vre \u00E0 l'ail\",\"nme\":\"Garlic Goat Cheese\",\"attr\":\"Produit local\",\"sku\":\"24689\",\"l2\":\"Fromage\",\"sl\":\"fromage-de-chevre-a-lail-woolwich-24689\",\"sn\":\"fromages\",\"idxP\":17},{\"mq\":\"Ile de France\",\"nm\":\"Fromage bleu roquefort meule\",\"nme\":\"Roquefort Blue Cheese Wheel\",\"attr\":\"\",\"sku\":\"24967\",\"l2\":\"Fromage\",\"sl\":\"fromage-bleu-roquefort-meule-ile-de-france-24967\",\"sn\":\"fromages\",\"idxP\":7},{\"mq\":\"Alexis de Portneuf\",\"nm\":\"Fromage bleu M\u00E9t\u00E9orite\",\"nme\":\"M\u00E9t\u00E9orite Blue Cheese\",\"attr\":\"Produit local\",\"sku\":\"33803\",\"l2\":\"Fromage\",\"sl\":\"fromage-bleu-meteorite-alexis-de-portneuf-33803\",\"sn\":\"\",\"idxP\":20},{\"mq\":\"Saint-Beno\u00EEt-du-Lac\",\"nm\":\"Fromage bleu fum\u00E9 meule\",\"nme\":\"Smoked Blue Cheese Wheel\",\"attr\":\"Sans gluten, Aliment du Qu\u00E9bec, Sans lactose, Produit local\",\"sku\":\"34656\",\"l2\":\"Fromage\",\"sl\":\"fromage-bleu-fume-meule-saint-benoit-du-lac-34656\",\"sn\":\"\",\"idxP\":6},{\"mq\":\"Fromagerie du Presbyt\u00E8re\",\"nm\":\"Fromage Bleu d'Elizabeth meule\",\"nme\":\"Blue d'Elizabeth Cheese Wheel\",\"attr\":\"Produit local\",\"sku\":\"36778\",\"l2\":\"Fromage\",\"sl\":\"fromage-bleu-delizabeth-meule-fromagerie-du-presbytere-36778\",\"sn\":\"\",\"idxP\":6},{\"mq\":\"Alexis de Portneuf\",\"nm\":\"Fromage de ch\u00E8vre b\u00FBche Paillot meule\",\"nme\":\"Paillot Log Goat Cheese Wheel\",\"attr\":\"Produit local\",\"sku\":\"34435\",\"l2\":\"Fromage\",\"sl\":\"fromage-de-chevre-buche-paillot-meule-alexis-de-portneuf-34435\",\"sn\":\"fromages\",\"idxP\":66},{\"mq\":\"Caronzola\",\"nm\":\"Fromage bleu\",\"nme\":\"Blue Cheese\",\"attr\":\"\",\"sku\":\"36769\",\"l2\":\"Fromage\",\"sl\":\"fromage-bleu-caronzola-36769\",\"sn\":\"fromages\",\"idxP\":13},{\"mq\":\"Woolwich\",\"nm\":\"Fromage de ch\u00E8vre aux fines herbes\",\"nme\":\"Herbs Goat Cheese\",\"attr\":\"Produit local\",\"sku\":\"24681\",\"l2\":\"Fromage\",\"sl\":\"fromage-de-chevre-aux-fines-herbes-woolwich-24681\",\"sn\":\"fromages\",\"idxP\":28},{\"mq\":\"Castello\",\"nm\":\"Fromage bleu danois meule\",\"nme\":\"Danish Blue Cheese Wheel\",\"attr\":\"\",\"sku\":\"37436\",\"l2\":\"Fromage\",\"sl\":\"fromage-bleu-danois-meule-castello-37436\",\"sn\":\"fromages\",\"idxP\":34},{\"mq\":\"Alexis de Portneuf\",\"nm\":\"Fromage de ch\u00E8vre Caprano\",\"nme\":\"Caprano Goat Cheese\",\"attr\":\"Produit local\",\"sku\":\"32946\",\"l2\":\"Fromage\",\"sl\":\"fromage-de-chevre-caprano-alexis-de-portneuf-32946\",\"sn\":\"fromages\",\"idxP\":18},{\"mq\":\"Castello\",\"nm\":\"Fromage bleu danois extra cr\u00E9meux meule\",\"nme\":\"Extra Creamy Danish Blue Cheese Wheel\",\"attr\":\"\",\"sku\":\"36382\",\"l2\":\"Fromage\",\"sl\":\"fromage-bleu-danois-extra-cremeux-meule-castello-36382\",\"sn\":\"fromages\",\"idxP\":7},{\"mq\":\"Philadelphia\",\"nm\":\"Fromage \u00E0 la cr\u00E8me herbes et ail\",\"nme\":\"Herb and Garlic Cream Cheese\",\"attr\":\"\",\"sku\":\"07096\",\"l2\":\"Fromage\",\"sl\":\"fromage-a-la-creme-herbes-et-ail-philadelphia-07096\",\"sn\":\"fromages\",\"idxP\":2},{\"mq\":\"Soignon\",\"nm\":\"Fromage de ch\u00E8vre Sainte-Maure\",\"nme\":\"Sainte-Maure Goat Cheese\",\"attr\":\"\",\"sku\":\"24890\",\"l2\":\"Fromage\",\"sl\":\"fromage-de-chevre-sainte-maure-soignon-24890\",\"sn\":\"fromages\",\"idxP\":72},{\"mq\":\"Alexis de Portneuf\",\"nm\":\"Fromage bleu \u00E9miett\u00E9\",\"nme\":\"Crumbled Blue Cheese\",\"attr\":\"\",\"sku\":\"33822\",\"l2\":\"Fromage\",\"sl\":\"fromage-bleu-emiette-alexis-de-portneuf-33822\",\"sn\":\"fromages\",\"idxP\":13},{\"mq\":\"La Station\",\"nm\":\"Fromage au lait cru Alfred Le Fermier meule\",\"nme\":\"Raw Milk Alfred Le Fermier Cheese Wheel\",\"attr\":\"Biologique, Produit local\",\"sku\":\"07783\",\"l2\":\"Fromage\",\"sl\":\"fromage-au-lait-cru-alfred-le-fermier-meule-la-station-07783\",\"sn\":\"biologique, bio, organic, organique\",\"idxP\":7},{\"mq\":\"Alexis de Portneuf\",\"nm\":\"Fromage de ch\u00E8vre Paillot\",\"nme\":\"Paillot Goat Cheese\",\"attr\":\"Produit local\",\"sku\":\"49965\",\"l2\":\"Fromage\",\"sl\":\"fromage-de-chevre-paillot-alexis-de-portneuf-49965\",\"sn\":\"fromages\",\"idxP\":45},{\"mq\":\"Vache qui Rit\",\"nm\":\"Fromage fondu portion\",\"nme\":\"Process Cheese Portion\",\"attr\":\"Produit local\",\"sku\":\"09960\",\"l2\":\"Fromage\",\"sl\":\"fromage-fondu-portion-vache-qui-rit-09960\",\"sn\":\"fromages\",\"idxP\":62},{\"mq\":\"Racolli\",\"nm\":\"Pizza mozzarella r\u00E2p\u00E9e 19%\",\"nme\":\"19% Grated Pizza Mozzarella\",\"attr\":\"\",\"sku\":\"13146\",\"l2\":\"Fromage\",\"sl\":\"pizza-mozzarella-rapee-19-racolli-13146\",\"sn\":\"fromages\",\"idxP\":100},{\"mq\":\"Chef Nutri\",\"nm\":\"Fromage m\u00E9lange analogue cheddar parmesan\",\"nme\":\"Cheddar Parmesan Analog Cheese Mix\",\"attr\":\"\",\"sku\":\"17803\",\"l2\":\"Fromage\",\"sl\":\"fromage-melange-analogue-cheddar-parmesan-chef-nutri-17803\",\"sn\":\"\",\"idxP\":39},{\"mq\":\"Woolwich\",\"nm\":\"Fromage de ch\u00E8vre aux grains de poivre\",\"nme\":\"Pepper Grain Goat Cheese\",\"attr\":\"Produit local\",\"sku\":\"24690\",\"l2\":\"Fromage\",\"sl\":\"fromage-de-chevre-aux-grains-de-poivre-woolwich-24690\",\"sn\":\"fromages\",\"idxP\":19},{\"mq\":\"Les R\u00E9serves du Ch\u00E2teau\",\"nm\":\"Fromage fondue\",\"nme\":\"Fondue Cheese\",\"attr\":\"Sans gluten, Sans lactose\",\"sku\":\"07524\",\"l2\":\"Fromage\",\"sl\":\"fromage-fondue-les-reserves-du-chateau-07524\",\"sn\":\"fromages\",\"idxP\":100},{\"mq\":\"Boursin\",\"nm\":\"Fromage frais canneberge et poivre\",\"nme\":\"Cranberry And Pepper Fresh Cheese\",\"attr\":\"Aliment du Qu\u00E9bec\",\"sku\":\"09973\",\"l2\":\"Fromage\",\"sl\":\"fromage-frais-canneberge-et-poivre-boursin-09973\",\"sn\":\"fromages\",\"idxP\":47},{\"mq\":\"Sifor\",\"nm\":\"Crotonese au vinaigre balsamique meule\",\"nme\":\"Balsamic Vinegar Crotonese Wheel\",\"attr\":\"\",\"sku\":\"37071\",\"l2\":\"Fromage\",\"sl\":\"crotonese-au-vinaigre-balsamique-meule-sifor-37071\",\"sn\":\"\",\"idxP\":10},{\"mq\":\"Chevronne\",\"nm\":\"Fromage de ch\u00E8vre\",\"nme\":\"Goat Cheese\",\"attr\":\"Produit local\",\"sku\":\"37662\",\"l2\":\"Fromage\",\"sl\":\"fromage-de-chevre-chevronne-37662\",\"sn\":\"fromages\",\"idxP\":33},{\"mq\":\"Emmi\",\"nm\":\"Raclette tranch\u00E9e\",\"nme\":\"Sliced Raclette Cheese\",\"attr\":\"\",\"sku\":\"24880\",\"l2\":\"Fromage\",\"sl\":\"raclette-tranchee-emmi-24880\",\"sn\":\"\",\"idxP\":72},{\"mq\":\"Fromagerie du Presbyt\u00E8re\",\"nm\":\"Fromage Religieuse meule\",\"nme\":\"Religieuse Cheese Wheel\",\"attr\":\"Produit local\",\"sku\":\"24911\",\"l2\":\"Fromage\",\"sl\":\"fromage-religieuse-meule-fromagerie-du-presbytere-24911\",\"sn\":\"\",\"idxP\":7},{\"mq\":\"Boursin\",\"nm\":\"Fromage frais ail et fines herbes\",\"nme\":\"Garlic and Fine Herbs Fresh Cheese\",\"attr\":\"Aliment du Qu\u00E9bec\",\"sku\":\"22126\",\"l2\":\"Fromage\",\"sl\":\"fromage-frais-ail-et-fines-herbes-boursin-22126\",\"sn\":\"fromages\",\"idxP\":93},{\"mq\":\"Fritz Kaiser\",\"nm\":\"Fromage Zurigo 18% meule\",\"nme\":\"Zurigo 18% Cheese Wheel\",\"attr\":\"Aliment du Qu\u00E9bec, Produit local\",\"sku\":\"29578\",\"l2\":\"Fromage\",\"sl\":\"fromage-zurigo-18-meule-fritz-kaiser-29578\",\"sn\":\"\",\"idxP\":10},{\"mq\":\"Emmi\",\"nm\":\"Raclette suisse au poivre meule\",\"nme\":\"Swiss Pepper Raclette Wheel\",\"attr\":\"\",\"sku\":\"20184\",\"l2\":\"Fromage\",\"sl\":\"raclette-suisse-au-poivre-meule-emmi-20184\",\"sn\":\"\",\"idxP\":9},{\"mq\":\"Chic Fondue\",\"nm\":\"Fondue aux fromages et \u00E0 la bi\u00E8re\",\"nme\":\"Beer and Cheese Fondue\",\"attr\":\"Aliment du Qu\u00E9bec, Sans lactose, Produit local\",\"sku\":\"23104\",\"l2\":\"Fromage\",\"sl\":\"fondue-aux-fromages-et-a-la-biere-chic-fondue-23104\",\"sn\":\"fromages\",\"idxP\":15},{\"mq\":\"Reggiano\",\"nm\":\"Parmesan reggiano 16 Mois Meule\",\"nme\":\"Parmesan Reggiano 16 Month Wheel\",\"attr\":\"\",\"sku\":\"25406\",\"l2\":\"Fromage\",\"sl\":\"parmesan-reggiano-16-mois-meule-reggiano-25406\",\"sn\":\"\",\"idxP\":-2},{\"mq\":\"Boursin\",\"nm\":\"Fromage frais \u00E9chalotte et ciboulette\",\"nme\":\"Shallot Chives Fresh Cheese\",\"attr\":\"Aliment du Qu\u00E9bec\",\"sku\":\"09974\",\"l2\":\"Fromage\",\"sl\":\"fromage-frais-echalotte-et-ciboulette-boursin-09974\",\"sn\":\"fromages\",\"idxP\":66},{\"mq\":\"Chef Nutri\",\"nm\":\"M\u00E9lange analogue cheddar et montereyjack r\u00E2p\u00E9 2kg\",\"nme\":\"Grated Cheddar And Montereyjack Analog Mix 2kg\",\"attr\":\"\",\"sku\":\"17845\",\"l2\":\"Fromage\",\"sl\":\"melange-analogue-cheddar-et-montereyjack-rape-2kg-chef-nutri-17845\",\"sn\":\"\",\"idxP\":96},{\"mq\":\"Saint Henri\",\"nm\":\"Cheddar blanc r\u00E2p\u00E9\",\"nme\":\"White Shredded Cheddar\",\"attr\":\"\",\"sku\":\"29934\",\"l2\":\"Fromage\",\"sl\":\"cheddar-blanc-rape-saint-henri-29934\",\"sn\":\"\",\"idxP\":56},{\"mq\":\"Golosini\",\"nm\":\"Fromage parmesan r\u00E2p\u00E9 60%\",\"nme\":\"Grated Parmesan Cheese 60%\",\"attr\":\"\",\"sku\":\"29966\",\"l2\":\"Fromage\",\"sl\":\"fromage-parmesan-rape-60-golosini-29966\",\"sn\":\"fromages\",\"idxP\":50},{\"mq\":\"Fritz Kaiser\",\"nm\":\"Fromage raclette canadienne meule\",\"nme\":\"Canadian Raclette Cheese Wheel\",\"attr\":\"Aliment du Qu\u00E9bec, Produit local\",\"sku\":\"32832\",\"l2\":\"Fromage\",\"sl\":\"fromage-raclette-canadienne-meule-fritz-kaiser-32832\",\"sn\":\"\",\"idxP\":43},{\"mq\":\"Philadelphia\",\"nm\":\"Fromage \u00E0 la cr\u00E8me l\u00E9ger brique\",\"nme\":\"Light Cream Cheese Brick\",\"attr\":\"\",\"sku\":\"19128\",\"l2\":\"Fromage\",\"sl\":\"fromage-a-la-creme-leger-brique-philadelphia-19128\",\"sn\":\"fromages\",\"idxP\":28},{\"mq\":\"Chic Fondue\",\"nm\":\"Fondue aux fromages et au vin\",\"nme\":\"Wine and Cheese Fondue\",\"attr\":\"Sans gluten, Aliment du Qu\u00E9bec, Sans lactose, Produit local\",\"sku\":\"23101\",\"l2\":\"Fromage\",\"sl\":\"fondue-aux-fromages-et-au-vin-chic-fondue-23101\",\"sn\":\"fromages\",\"idxP\":22},{\"mq\":\"Ficello\",\"nm\":\"Mozzarella z\u00E9br\u00E9e jumbo\",\"nme\":\"Jumbo Zebre Mozzarella\",\"attr\":\"\",\"sku\":\"33512\",\"l2\":\"Fromage\",\"sl\":\"mozzarella-zebree-jumbo-ficello-33512\",\"sn\":\"\",\"idxP\":100},{\"mq\":\"Riviera\",\"nm\":\"Parmesan r\u00E2p\u00E9 sans lactose\",\"nme\":\"Lactose Free Grated Parmesan\",\"attr\":\"Sans lactose, Produit local\",\"sku\":\"32036\",\"l2\":\"Fromage\",\"sl\":\"parmesan-rape-sans-lactose-riviera-32036\",\"sn\":\"\",\"idxP\":55},{\"mq\":\"Golosini\",\"nm\":\"Fromage parmesan r\u00E2p\u00E9 60%\",\"nme\":\"Grated 60% Parmesan Cheese\",\"attr\":\"\",\"sku\":\"34998\",\"l2\":\"Fromage\",\"sl\":\"fromage-parmesan-rape-60-golosini-34998\",\"sn\":\"fromages\",\"idxP\":48},{\"mq\":\"Saputo\",\"nm\":\"Fromage r\u00E2p\u00E9 taco nacho\",\"nme\":\"Grated Taco Nacho Cheese\",\"attr\":\"\",\"sku\":\"35669\",\"l2\":\"Fromage\",\"sl\":\"fromage-rape-taco-nacho-saputo-35669\",\"sn\":\"fromages\",\"idxP\":64},{\"mq\":\"Philadelphia\",\"nm\":\"Fromage \u00E0 la cr\u00E8me nature fouett\u00E9\",\"nme\":\"Whipped Original Cream Cheese\",\"attr\":\"\",\"sku\":\"35945\",\"l2\":\"Fromage\",\"sl\":\"fromage-a-la-creme-nature-fouette-philadelphia-35945\",\"sn\":\"fromages\",\"idxP\":79},{\"mq\":\"14 Arpents\",\"nm\":\"Fromage fermier 14 Arpents meule\",\"nme\":\"14 Arpents Farm Cheese Wheel\",\"attr\":\"Produit local\",\"sku\":\"36775\",\"l2\":\"Fromage\",\"sl\":\"fromage-fermier-14-arpents-meule-14-arpents-36775\",\"sn\":\"fromages\",\"idxP\":8},{\"mq\":\"Philadelphia\",\"nm\":\"Fromage \u00E0 la cr\u00E8me nature\",\"nme\":\"Original Cream Cheese\",\"attr\":\"\",\"sku\":\"21633\",\"l2\":\"Fromage\",\"sl\":\"fromage-a-la-creme-nature-philadelphia-21633\",\"sn\":\"fromages\",\"idxP\":52},{\"mq\":\"Dor\u00E9-mi\",\"nm\":\"Fromage haloumi \u00E9pic\u00E9 au japaleno\",\"nme\":\"Jalapeno Spice Haloumi Cheese\",\"attr\":\"Produit local\",\"sku\":\"30391\",\"l2\":\"Fromage\",\"sl\":\"fromage-haloumi-epice-au-japaleno-dore-mi-30391\",\"sn\":\"\",\"idxP\":15},{\"mq\":\"Saputo\",\"nm\":\"Mozzarella r\u00E2p\u00E9e 15%\",\"nme\":\"Grated Mozzarella 15%\",\"attr\":\"\",\"sku\":\"35671\",\"l2\":\"Fromage\",\"sl\":\"mozzarella-rapee-15-saputo-35671\",\"sn\":\"\",\"idxP\":62},{\"mq\":\"Riviera\",\"nm\":\"Parmesan entier\",\"nme\":\"Parmesan Cheese Wheel\",\"attr\":\"\",\"sku\":\"33094\",\"l2\":\"Fromage\",\"sl\":\"parmesan-entier-riviera-33094\",\"sn\":\"\",\"idxP\":50},{\"mq\":\"Salerno\",\"nm\":\"Parmesan romano r\u00E2p\u00E9\",\"nme\":\"Grated Romano Parmesan\",\"attr\":\"\",\"sku\":\"34619\",\"l2\":\"Fromage\",\"sl\":\"parmesan-romano-rape-salerno-34619\",\"sn\":\"\",\"idxP\":18},{\"mq\":\"Golosini\",\"nm\":\"Fromage rap\u00E9 romano 80%\",\"nme\":\"80% Romano Grated Cheese\",\"attr\":\"\",\"sku\":\"29965\",\"l2\":\"Fromage\",\"sl\":\"fromage-rape-romano-80-golosini-29965\",\"sn\":\"fromages\",\"idxP\":20},{\"mq\":\"Dor\u00E9-mi\",\"nm\":\"Haloumi aux \u00E9pices m\u00E9diterran\u00E9ens\",\"nme\":\"Mediterranean Spices Haloumi Cheese\",\"attr\":\"Produit local\",\"sku\":\"30389\",\"l2\":\"Fromage\",\"sl\":\"haloumi-aux-epices-mediterraneens-dore-mi-30389\",\"sn\":\"\",\"idxP\":27},{\"mq\":\"Saputo\",\"nm\":\"Triple cheddar r\u00E2p\u00E9 31%\",\"nme\":\"Grated Cheddar Triple 31%\",\"attr\":\"\",\"sku\":\"35672\",\"l2\":\"Fromage\",\"sl\":\"triple-cheddar-rape-31-saputo-35672\",\"sn\":\"\",\"idxP\":69},{\"mq\":\"Saputo\",\"nm\":\"Mozzarella l\u00E9g\u00E8re r\u00E2p\u00E9e\",\"nme\":\"Grated Light Mozzarella\",\"attr\":\"Aliment du Qu\u00E9bec\",\"sku\":\"33156\",\"l2\":\"Fromage\",\"sl\":\"mozzarella-legere-rapee-saputo-33156\",\"sn\":\"\",\"idxP\":73},{\"mq\":\"Fritz Kaiser\",\"nm\":\"Raclette affin\u00E9e \u00E0 la bi\u00E8re meule\",\"nme\":\"Beer Ripened Cheese Wheel\",\"attr\":\"\",\"sku\":\"36793\",\"l2\":\"Fromage\",\"sl\":\"raclette-affinee-a-la-biere-meule-fritz-kaiser-36793\",\"sn\":\"\",\"idxP\":24},{\"mq\":\"Saputo\",\"nm\":\"4 fromage rap\u00E9\",\"nme\":\"Shredded 4 Cheese Blend\",\"attr\":\"\",\"sku\":\"35673\",\"l2\":\"Fromage\",\"sl\":\"4-fromage-rape-saputo-35673\",\"sn\":\"fromages\",\"idxP\":57},{\"mq\":\"Alexis de Portneuf\",\"nm\":\"Fromage raclette meule\",\"nme\":\"Raclette Cheese Wheel\",\"attr\":\"Produit local\",\"sku\":\"36098\",\"l2\":\"Fromage\",\"sl\":\"fromage-raclette-meule-alexis-de-portneuf-36098\",\"sn\":\"\",\"idxP\":31},{\"mq\":\"Tre Stelle\",\"nm\":\"Grana padano r\u00E2p\u00E9 frais\",\"nme\":\"Fresh Grated Grana Padano\",\"attr\":\"\",\"sku\":\"37121\",\"l2\":\"Fromage\",\"sl\":\"grana-padano-rape-frais-tre-stelle-37121\",\"sn\":\"\",\"idxP\":68},{\"mq\":\"Philadelphia\",\"nm\":\"Fromage \u00E0 la cr\u00E8me \u00E0 tartiner nature\",\"nme\":\"Original Soft Cream Cheese\",\"attr\":\"\",\"sku\":\"35839\",\"l2\":\"Fromage\",\"sl\":\"fromage-a-la-creme-a-tartiner-nature-philadelphia-35839\",\"sn\":\"fromages\",\"idxP\":100},{\"mq\":\"Riviera\",\"nm\":\"Parmesan r\u00E2p\u00E9 sans lactose\",\"nme\":\"Lactose Free Shredded Parmesan Cheese\",\"attr\":\"Aliment du Qu\u00E9bec, Sans lactose, Produit local\",\"sku\":\"37258\",\"l2\":\"Fromage\",\"sl\":\"parmesan-rape-sans-lactose-riviera-37258\",\"sn\":\"\",\"idxP\":86},{\"mq\":\"Saputo\",\"nm\":\"Mozzarella r\u00E2p\u00E9e 20%\",\"nme\":\"Grated Mozzarella 20%\",\"attr\":\"\",\"sku\":\"35670\",\"l2\":\"Fromage\",\"sl\":\"mozzarella-rapee-20-saputo-35670\",\"sn\":\"\",\"idxP\":78},{\"mq\":\"Philadelphia\",\"nm\":\"Fromage \u00E0 la cr\u00E8me ciboulette fouett\u00E9\",\"nme\":\"Whipped Chives Cream Cheese\",\"attr\":\"\",\"sku\":\"35944\",\"l2\":\"Fromage\",\"sl\":\"fromage-a-la-creme-ciboulette-fouette-philadelphia-35944\",\"sn\":\"fromages\",\"idxP\":66},{\"mq\":\"Tre Stelle\",\"nm\":\"M\u00E9lange de fromage r\u00E2p\u00E9 Pub 30%\",\"nme\":\"Shredded Cheese Mix 30%\",\"attr\":\"\",\"sku\":\"37276\",\"l2\":\"Fromage\",\"sl\":\"melange-de-fromage-rape-pub-30-tre-stelle-37276\",\"sn\":\"fromages\",\"idxP\":39},{\"mq\":\"Mozzabene\",\"nm\":\"Mozzarella r\u00E2p\u00E9e 21%\",\"nme\":\"Grated Mozzarella 21%\",\"attr\":\"\",\"sku\":\"37244\",\"l2\":\"Fromage\",\"sl\":\"mozzarella-rapee-21-mozzabene-37244\",\"sn\":\"\",\"idxP\":57},{\"mq\":\"Fritz Kaiser\",\"nm\":\"Fromage Le Douanier meule\",\"nme\":\"Douanier Cheese Wheel\",\"attr\":\"Aliment du Qu\u00E9bec, Produit local\",\"sku\":\"49968\",\"l2\":\"Fromage\",\"sl\":\"fromage-le-douanier-meule-fritz-kaiser-49968\",\"sn\":\"\",\"idxP\":5},{\"mq\":\"Swiss Knight\",\"nm\":\"Fondue swiss knight\",\"nme\":\"Fondue Cheese\",\"attr\":\"Sans gluten, Sans lactose\",\"sku\":\"35482\",\"l2\":\"Fromage\",\"sl\":\"fondue-swiss-knight-swiss-knight-35482\",\"sn\":\"fromages\",\"idxP\":59},{\"mq\":\"Mozzabene\",\"nm\":\"Mozzarella r\u00E2p\u00E9e 19%\",\"nme\":\"Grated Mozzarella 19%\",\"attr\":\"\",\"sku\":\"37243\",\"l2\":\"Fromage\",\"sl\":\"mozzarella-rapee-19-mozzabene-37243\",\"sn\":\"\",\"idxP\":59},{\"mq\":\"Emmi\",\"nm\":\"Fromage raclette suisse meule\",\"nme\":\"Switzerland Raclette Cheese Wheel\",\"attr\":\"\",\"sku\":\"42934\",\"l2\":\"Fromage\",\"sl\":\"fromage-raclette-suisse-meule-emmi-42934\",\"sn\":\"\",\"idxP\":10},{\"mq\":\"Fromagerie de l'Isle\",\"nm\":\"Fromage Riopelle de l'\u00CEle en meule\",\"nme\":\"Riopelle de l'\u00CEle Cheese Wheel\",\"attr\":\"Aliment du Qu\u00E9bec, Produit local\",\"sku\":\"07781\",\"l2\":\"Fromage\",\"sl\":\"fromage-riopelle-de-lile-en-meule-fromagerie-de-lisle-07781\",\"sn\":\"\",\"idxP\":6},{\"mq\":\"Fondue\",\"nm\":\"Fondue 3 fromages de l'isle\",\"nme\":\"3 Cheeses de l'Isle Fondu\",\"attr\":\"Sans gluten, Produit local\",\"sku\":\"37052\",\"l2\":\"Fromage\",\"sl\":\"fondue-3-fromages-de-lisle-fondue-37052\",\"sn\":\"fromages\",\"idxP\":46},{\"mq\":\"Babybel\",\"nm\":\"Fromage fondu mini portion\",\"nme\":\"Process Cheese Mini Portion\",\"attr\":\"\",\"sku\":\"46420\",\"l2\":\"Fromage\",\"sl\":\"fromage-fondu-mini-portion-babybel-46420\",\"sn\":\"fromages\",\"idxP\":71},{\"mq\":\"Oka\",\"nm\":\"Fromage Oka  meule\",\"nme\":\"Oka Cheese Wheel\",\"attr\":\"Produit local\",\"sku\":\"09041\",\"l2\":\"Fromage\",\"sl\":\"fromage-oka-meule-oka-09041\",\"sn\":\"\",\"idxP\":16},{\"mq\":\"Pied de Vent\",\"nm\":\"Fromage \u00E0 p\u00E2te semi-ferme meule\",\"nme\":\"Mid Firm Ripened Cheese Wheel\",\"attr\":\"Aliment du Qu\u00E9bec, Produit local\",\"sku\":\"09952\",\"l2\":\"Fromage\",\"sl\":\"fromage-a-pate-semi-ferme-meule-pied-de-vent-09952\",\"sn\":\"\",\"idxP\":22},{\"mq\":\"Rang 9\",\"nm\":\"Fromage canadien mamirolle meule\",\"nme\":\"Canadian Mamirolle Cheese Wheel\",\"attr\":\"Sans gluten, Aliment du Qu\u00E9bec, Sans lactose, Produit local\",\"sku\":\"22926\",\"l2\":\"Fromage\",\"sl\":\"fromage-canadien-mamirolle-meule-rang-9-22926\",\"sn\":\"\",\"idxP\":6},{\"mq\":\"Fromagerie de l'Isle\",\"nm\":\"Fromage Canotier de l'\u00CEle meule\",\"nme\":\"Canotier de l'\u00CEle Cheese Wheel\",\"attr\":\"Produit local\",\"sku\":\"30630\",\"l2\":\"Fromage\",\"sl\":\"fromage-canotier-de-lile-meule-fromagerie-de-lisle-30630\",\"sn\":\"\",\"idxP\":9},{\"mq\":\"Bellavitano\",\"nm\":\"Fromage Merlot meule\",\"nme\":\"Merlot Cheese Wheel\",\"attr\":\"\",\"sku\":\"23500\",\"l2\":\"Fromage\",\"sl\":\"fromage-merlot-meule-bellavitano-23500\",\"sn\":\"fromages\",\"idxP\":8},{\"mq\":\"St-Morgon\",\"nm\":\"Fromage\",\"nme\":\"Cheese\",\"attr\":\"\",\"sku\":\"33171\",\"l2\":\"Fromage\",\"sl\":\"fromage-st-morgon-33171\",\"sn\":\"fromages\",\"idxP\":54},{\"mq\":\"Philadelphia\",\"nm\":\"Fromage \u00E0 la cr\u00E8me \u00E0 tartiner l\u00E9ger\",\"nme\":\"Soft Light Cream Cheese\",\"attr\":\"\",\"sku\":\"35832\",\"l2\":\"Fromage\",\"sl\":\"fromage-a-la-creme-a-tartiner-leger-philadelphia-35832\",\"sn\":\"fromages\",\"idxP\":64},{\"mq\":\"Vache qui Rit\",\"nm\":\"Fromage fondu\",\"nme\":\"Process Cheese\",\"attr\":\"Produit local\",\"sku\":\"46717\",\"l2\":\"Fromage\",\"sl\":\"fromage-fondu-vache-qui-rit-46717\",\"sn\":\"fromages\",\"idxP\":79},{\"mq\":\"Marie Kad\u00E9\",\"nm\":\"Fromage akawi halal\",\"nme\":\"Akawi Halal Cheese\",\"attr\":\"Produit local\",\"sku\":\"33184\",\"l2\":\"Fromage\",\"sl\":\"fromage-akawi-halal-marie-kade-33184\",\"sn\":\"fromages\",\"idxP\":11},{\"mq\":\"Fritz Kaiser\",\"nm\":\"Saint Paulin l\u00E9ger meule\",\"nme\":\"Light Saint Paulin Cheese Wheel\",\"attr\":\"Aliment du Qu\u00E9bec, Produit local\",\"sku\":\"20144\",\"l2\":\"Fromage\",\"sl\":\"saint-paulin-leger-meule-fritz-kaiser-20144\",\"sn\":\"\",\"idxP\":9},{\"mq\":\"Bellavitano\",\"nm\":\"Fromage espresso meule\",\"nme\":\"Espresso Cheese Wheel\",\"attr\":\"\",\"sku\":\"17716\",\"l2\":\"Fromage\",\"sl\":\"fromage-espresso-meule-bellavitano-17716\",\"sn\":\"\",\"idxP\":12},{\"mq\":\"Oka\",\"nm\":\"Fromage Oka l\u00E9ger meule\",\"nme\":\"Light Oka Cheese Wheel\",\"attr\":\"Produit local\",\"sku\":\"23144\",\"l2\":\"Fromage\",\"sl\":\"fromage-oka-leger-meule-oka-23144\",\"sn\":\"fromages\",\"idxP\":6},{\"mq\":\"Soeur Ang\u00E8le\",\"nm\":\"Fromage \u00E0 p\u00E2te molle \u00E0 cro\u00FBte fleurie meule\",\"nme\":\"Soft Surface Ripened Cheese Wheel\",\"attr\":\"Aliment du Qu\u00E9bec, Produit local\",\"sku\":\"24412\",\"l2\":\"Fromage\",\"sl\":\"fromage-a-pate-molle-a-croute-fleurie-meule-soeur-angele-24412\",\"sn\":\"fromages\",\"idxP\":3},{\"mq\":\"Alexis de Portneuf\",\"nm\":\"Fromage \u00E0 p\u00E2te molle La Sauvagine\",\"nme\":\"La Sauvagine Soft Paste Cheese\",\"attr\":\"Produit local\",\"sku\":\"15596\",\"l2\":\"Fromage\",\"sl\":\"fromage-a-pate-molle-alexis-de-portneuf-15596\",\"sn\":\"fromages\",\"idxP\":26},{\"mq\":\"Allegro\",\"nm\":\"Cheddar jaune 9%\",\"nme\":\"9% Yellow Cheddar\",\"attr\":\"\",\"sku\":\"23898\",\"l2\":\"Fromage\",\"sl\":\"cheddar-jaune-9-allegro-23898\",\"sn\":\"\",\"idxP\":15},{\"mq\":\"Carignan-Sali\u00E8res\",\"nm\":\"Fromage Carignan meule\",\"nme\":\"Carignan Cheese Wheel\",\"attr\":\"Biologique, Produit local\",\"sku\":\"24676\",\"l2\":\"Fromage\",\"sl\":\"fromage-carignan-meule-carignan-salieres-24676\",\"sn\":\"biologique, bio, organic, organique, fromages\",\"idxP\":0},{\"mq\":\"Fritz Kaiser\",\"nm\":\"Fromage Noyan meule\",\"nme\":\"Noyan Cheese Wheel\",\"attr\":\"Aliment du Qu\u00E9bec, Produit local\",\"sku\":\"29568\",\"l2\":\"Fromage\",\"sl\":\"fromage-noyan-meule-fritz-kaiser-29568\",\"sn\":\"\",\"idxP\":7},{\"mq\":\"Rouy\",\"nm\":\"Fromage fran\u00E7ais \u00E0 p\u00E2te molle\",\"nme\":\"Washed Rind Soft French Cheese\",\"attr\":\"\",\"sku\":\"33165\",\"l2\":\"Fromage\",\"sl\":\"fromage-francais-a-pate-molle-rouy-33165\",\"sn\":\"fromages\",\"idxP\":31},{\"mq\":\"Switzerland\",\"nm\":\"Fromage T\u00EAte de Moine\",\"nme\":\"T\u00EAte de Moine Cheese\",\"attr\":\"\",\"sku\":\"26390\",\"l2\":\"Fromage\",\"sl\":\"fromage-tete-de-moine-switzerland-26390\",\"sn\":\"\",\"idxP\":47},{\"mq\":\"Fritz Kaiser\",\"nm\":\"Saint Paulin meule\",\"nme\":\"St Paulin Cheese Wheel\",\"attr\":\"Aliment du Qu\u00E9bec, Produit local\",\"sku\":\"29706\",\"l2\":\"Fromage\",\"sl\":\"saint-paulin-meule-fritz-kaiser-29706\",\"sn\":\"\",\"idxP\":10},{\"mq\":\"Oka\",\"nm\":\"Fromage classique meule\",\"nme\":\"Classic Oka Cheese Wheel\",\"attr\":\"Produit local\",\"sku\":\"23142\",\"l2\":\"Fromage\",\"sl\":\"fromage-classique-meule-oka-23142\",\"sn\":\"fromages\",\"idxP\":20},{\"mq\":\"Le Pizy\",\"nm\":\"Fromage affin\u00E9 \u00E0 p\u00E2te molle\",\"nme\":\"Soft Ripened Cheese\",\"attr\":\"Produit local\",\"sku\":\"36752\",\"l2\":\"Fromage\",\"sl\":\"fromage-affine-a-pate-molle-le-pizy-36752\",\"sn\":\"fromages\",\"idxP\":56},{\"mq\":\"Saint-Beno\u00EEt-du-Lac\",\"nm\":\"Fromage doux \u00E0 p\u00E2te ferme meule\",\"nme\":\"Mild Firm Cheese Wheel\",\"attr\":\"Sans gluten, Aliment du Qu\u00E9bec, Sans lactose, Produit local\",\"sku\":\"30041\",\"l2\":\"Fromage\",\"sl\":\"fromage-doux-a-pate-ferme-meule-saint-benoit-du-lac-30041\",\"sn\":\"\",\"idxP\":12},{\"mq\":\"Fort des Rousses\",\"nm\":\"Fromage comt\u00E9 Juraflore 6 mois\",\"nme\":\"6-Month Juraflore Comt\u00E9 French Cheese\",\"attr\":\"\",\"sku\":\"12700\",\"l2\":\"Fromage\",\"sl\":\"fromage-comte-juraflore-6-mois-fort-des-rousses-12700\",\"sn\":\"\",\"idxP\":60},{\"mq\":\"1860 DuVillage\",\"nm\":\"Fromage Pleine Lune cr\u00E9meux cendr\u00E9\",\"nme\":\"Pleine Lune Ash Coated Soft Cheese\",\"attr\":\"Produit local\",\"sku\":\"32269\",\"l2\":\"Fromage\",\"sl\":\"fromage-pleine-lune-cremeux-cendre-1860-duvillage-32269\",\"sn\":\"\",\"idxP\":54},{\"mq\":\"Saint Henri\",\"nm\":\"Fromage Monterey Jack\",\"nme\":\"Monterey Jack Cheese\",\"attr\":\"\",\"sku\":\"29930\",\"l2\":\"Fromage\",\"sl\":\"fromage-monterey-jack-saint-henri-29930\",\"sn\":\"fromages\",\"idxP\":20},{\"mq\":\"Dofino\",\"nm\":\"Fromage havarti \u00E0 l'ail r\u00F4ti meule\",\"nme\":\"Roasted Garlic Havarti Cheese Wheel\",\"attr\":\"\",\"sku\":\"35168\",\"l2\":\"Fromage\",\"sl\":\"fromage-havarti-a-lail-roti-meule-dofino-35168\",\"sn\":\"\",\"idxP\":7},{\"mq\":\"Fromagerie de l'Isle\",\"nm\":\"Tomme de Grosse-\u00CEle meule\",\"nme\":\"Grosse \u00CEle Tomme Cheese Wheel\",\"attr\":\"Produit local\",\"sku\":\"35345\",\"l2\":\"Fromage\",\"sl\":\"tomme-de-grosse-ile-meule-fromagerie-de-lisle-35345\",\"sn\":\"\",\"idxP\":5},{\"mq\":\"Allegro\",\"nm\":\"Cheddar blanc 9%\",\"nme\":\"9% White Cheddar\",\"attr\":\"\",\"sku\":\"23895\",\"l2\":\"Fromage\",\"sl\":\"cheddar-blanc-9-allegro-23895\",\"sn\":\"\",\"idxP\":18},{\"mq\":\"La Cigogne\",\"nm\":\"Fromage munster\",\"nme\":\"Munster Cheese\",\"attr\":\"\",\"sku\":\"33230\",\"l2\":\"Fromage\",\"sl\":\"fromage-munster-la-cigogne-33230\",\"sn\":\"\",\"idxP\":59},{\"mq\":\"Marie Kad\u00E9\",\"nm\":\"Fromage nabulsi halal\",\"nme\":\"Nabulsi Halal Cheese\",\"attr\":\"Produit local\",\"sku\":\"33183\",\"l2\":\"Fromage\",\"sl\":\"fromage-nabulsi-halal-marie-kade-33183\",\"sn\":\"fromages\",\"idxP\":7},{\"mq\":\"Dofino\",\"nm\":\"Fromage Havarti Jalapeno meule\",\"nme\":\"Jalapeno Havarti Cheese Wheel\",\"attr\":\"\",\"sku\":\"35278\",\"l2\":\"Fromage\",\"sl\":\"fromage-havarti-jalapeno-meule-dofino-35278\",\"sn\":\"\",\"idxP\":12},{\"mq\":\"1860 DuVillage\",\"nm\":\"Fromage Ma\u00EEtre Jules meule\",\"nme\":\"Ma\u00EEtre Jules Cheese Wheel\",\"attr\":\"Produit local\",\"sku\":\"36770\",\"l2\":\"Fromage\",\"sl\":\"fromage-maitre-jules-meule-1860-duvillage-36770\",\"sn\":\"\",\"idxP\":13},{\"mq\":\"Le Noble\",\"nm\":\"Fromage cr\u00E9meux meule\",\"nme\":\"Soft Cheese Wheel\",\"attr\":\"Produit local\",\"sku\":\"37239\",\"l2\":\"Fromage\",\"sl\":\"fromage-cremeux-meule-le-noble-37239\",\"sn\":\"fromages\",\"idxP\":8},{\"mq\":\"Alexis de Portneuf\",\"nm\":\"Fromage La Sauvagine meule\",\"nme\":\"La Sauvagine Cheese Wheel\",\"attr\":\"Produit local\",\"sku\":\"49883\",\"l2\":\"Fromage\",\"sl\":\"fromage-la-sauvagine-meule-alexis-de-portneuf-49883\",\"sn\":\"\",\"idxP\":9},{\"mq\":\"Alexis de Portneuf\",\"nm\":\"Fromage \u00E0 p\u00E2te molle \u00E0 cro\u00FBte lav\u00E9e Sir Laurier\",\"nme\":\"Sir Laurier Soft cheese with Washed Rind\",\"attr\":\"Produit local\",\"sku\":\"43471\",\"l2\":\"Fromage\",\"sl\":\"fromage-a-pate-molle-a-croute-lavee-sir-laurier-alexis-de-portneuf-43471\",\"sn\":\"\",\"idxP\":17},{\"mq\":\"Switzerland\",\"nm\":\"Gruy\u00E8re suisse meule\",\"nme\":\"Swiss Gruyere Cheese Wheel\",\"attr\":\"\",\"sku\":\"24254\",\"l2\":\"Fromage\",\"sl\":\"gruyere-suisse-meule-switzerland-24254\",\"sn\":\"\",\"idxP\":4},{\"mq\":\"Isigny\",\"nm\":\"Fromage mimolette 18 mois meule\",\"nme\":\"Mimolette Cheese 18 month Wheel\",\"attr\":\"\",\"sku\":\"37077\",\"l2\":\"Fromage\",\"sl\":\"fromage-mimolette-18-mois-meule-isigny-37077\",\"sn\":\"\",\"idxP\":6},{\"mq\":\"Frico\",\"nm\":\"Gouda hollandais fum\u00E9 meule\",\"nme\":\"Smoked Dutch Gouda Wheel\",\"attr\":\"\",\"sku\":\"24784\",\"l2\":\"Fromage\",\"sl\":\"gouda-hollandais-fume-meule-frico-24784\",\"sn\":\"\",\"idxP\":9},{\"mq\":\"Marie Kad\u00E9\",\"nm\":\"Labneh halal\",\"nme\":\"Halal Labneh\",\"attr\":\"Produit local\",\"sku\":\"33181\",\"l2\":\"Cr\u00E8me\",\"sl\":\"labneh-halal-marie-kade-33181\",\"sn\":\"\",\"idxP\":70},{\"mq\":\"Lalibert\u00E9\",\"nm\":\"Fromage triple cr\u00E8me meule\",\"nme\":\"Triple Cream Cheese Wheel\",\"attr\":\"Produit local\",\"sku\":\"37527\",\"l2\":\"Fromage\",\"sl\":\"fromage-triple-creme-meule-laliberte-37527\",\"sn\":\"fromages\",\"idxP\":6},{\"mq\":\"Jarlsberg\",\"nm\":\"Fromage l\u00E9ger Jarlsberg de Norv\u00E8ge meule\",\"nme\":\"Light Jarlsberg Cheese from Norway Wheel\",\"attr\":\"\",\"sku\":\"20895\",\"l2\":\"Fromage\",\"sl\":\"fromage-leger-jarlsberg-de-norvege-meule-jarlsberg-20895\",\"sn\":\"fromages\",\"idxP\":1},{\"mq\":\"L'\u00C9vanjules\",\"nm\":\"Fromage \u00E0 p\u00E2te molle\",\"nme\":\"Soft Ripened Surface Cheese\",\"attr\":\"Produit local\",\"sku\":\"32538\",\"l2\":\"Fromage\",\"sl\":\"fromage-a-pate-molle-levanjules-32538\",\"sn\":\"fromages\",\"idxP\":24},{\"mq\":\"Oka\",\"nm\":\"Fromage L'Artisan fum\u00E9 style suisse meule\",\"nme\":\"L'Artisan Smoked Swiss Style Cheese wheel\",\"attr\":\"Produit local\",\"sku\":\"36569\",\"l2\":\"Fromage\",\"sl\":\"fromage-lartisan-fume-style-suisse-meule-oka-36569\",\"sn\":\"fromages\",\"idxP\":1},{\"mq\":\"Switzerland\",\"nm\":\"Emmental meule\",\"nme\":\"Emmentaler Switzerland Wheel\",\"attr\":\"\",\"sku\":\"24256\",\"l2\":\"Fromage\",\"sl\":\"emmental-meule-switzerland-24256\",\"sn\":\"\",\"idxP\":37},{\"mq\":\"Dofino\",\"nm\":\"Havarti fum\u00E9 meule\",\"nme\":\"Smoked Havarti Cheese Wheel\",\"attr\":\"\",\"sku\":\"35158\",\"l2\":\"Fromage\",\"sl\":\"havarti-fume-meule-dofino-35158\",\"sn\":\"\",\"idxP\":13},{\"mq\":\"Dofino\",\"nm\":\"Fromage havarti aux herbes et \u00E9pices meule\",\"nme\":\"Herbs and Spices Havarti Cheese Wheel\",\"attr\":\"\",\"sku\":\"35272\",\"l2\":\"Fromage\",\"sl\":\"fromage-havarti-aux-herbes-et-epices-meule-dofino-35272\",\"sn\":\"\",\"idxP\":9},{\"mq\":\"Riviera\",\"nm\":\"Fromage emmental meule\",\"nme\":\"Emmentaler Cheese Wheel\",\"attr\":\"Aliment du Qu\u00E9bec, Produit local\",\"sku\":\"34017\",\"l2\":\"Fromage\",\"sl\":\"fromage-emmental-meule-riviera-34017\",\"sn\":\"fromages\",\"idxP\":51},{\"mq\":\"Dofino\",\"nm\":\"Havarti cr\u00E9meux meule\",\"nme\":\"Creamy Havarti Cheese Wheel\",\"attr\":\"\",\"sku\":\"35160\",\"l2\":\"Fromage\",\"sl\":\"havarti-cremeux-meule-dofino-35160\",\"sn\":\"\",\"idxP\":12},{\"mq\":\"Cendrillon\",\"nm\":\"Fromage de ch\u00E8vre cendr\u00E9 Le Cendrillon\",\"nme\":\"Le Cendrillon Ashed Coated Goat Cheese\",\"attr\":\"Produit local\",\"sku\":\"49904\",\"l2\":\"Fromage\",\"sl\":\"fromage-de-chevre-cendre-le-cendrillon-cendrillon-49904\",\"sn\":\"fromages\",\"idxP\":41},{\"mq\":\"Fromagerie Bergeron\",\"nm\":\"Le Six Pourcent\",\"nme\":\"Six Pourcent Cheese\",\"attr\":\"Aliment du Qu\u00E9bec, Sans lactose, Produit local\",\"sku\":\"36751\",\"l2\":\"Fromage\",\"sl\":\"le-six-pourcent-fromagerie-bergeron-36751\",\"sn\":\"fromages\",\"idxP\":30},{\"mq\":\"Fromagerie Bergeron\",\"nm\":\"Gouda Le Louis Cyr meule\",\"nme\":\"Gouda Le Louis Cyr Wheel\",\"attr\":\"Aliment du Qu\u00E9bec, Sans lactose, Produit local\",\"sku\":\"35024\",\"l2\":\"Fromage\",\"sl\":\"gouda-le-louis-cyr-meule-fromagerie-bergeron-35024\",\"sn\":\"\",\"idxP\":19},{\"mq\":\"1608\",\"nm\":\"Fromage le 1608 de Charlevoix\",\"nme\":\"Charlevoix 1608 cheese\",\"attr\":\"Produit local\",\"sku\":\"30250\",\"l2\":\"Fromage\",\"sl\":\"fromage-le-1608-de-charlevoix-1608-30250\",\"sn\":\"\",\"idxP\":20},{\"mq\":\"Marechal\",\"nm\":\"Fromage Mar\u00E9chal en meule\",\"nme\":\"Marechal Cheese Wheel\",\"attr\":\"Sans lactose\",\"sku\":\"49974\",\"l2\":\"Fromage\",\"sl\":\"fromage-marechal-en-meule-marechal-49974\",\"sn\":\"fromages\",\"idxP\":-3},{\"mq\":\"Switzerland\",\"nm\":\"Fromage Appenzeller meule\",\"nme\":\"Appenzeller Cheese Wheel\",\"attr\":\"\",\"sku\":\"26378\",\"l2\":\"Fromage\",\"sl\":\"fromage-appenzeller-meule-switzerland-26378\",\"sn\":\"fromages\",\"idxP\":14},{\"mq\":\"Dofino\",\"nm\":\"Gouda fum\u00E9\",\"nme\":\"Smoked Gouda Cheese\",\"attr\":\"\",\"sku\":\"20305\",\"l2\":\"Fromage\",\"sl\":\"gouda-fume-dofino-20305\",\"sn\":\"\",\"idxP\":27},{\"mq\":\"Cogruet\",\"nm\":\"Fromage Suisse entier\",\"nme\":\"Swiss Cheese Wheel\",\"attr\":\"Sans lactose\",\"sku\":\"24044\",\"l2\":\"Fromage\",\"sl\":\"fromage-suisse-entier-cogruet-24044\",\"sn\":\"fromages\",\"idxP\":26},{\"mq\":\"Saputo\",\"nm\":\"Edam bloc\",\"nme\":\"Edam Cheese Wheel\",\"attr\":\"\",\"sku\":\"47063\",\"l2\":\"Fromage\",\"sl\":\"edam-bloc-saputo-47063\",\"sn\":\"\",\"idxP\":37},{\"mq\":\"La Normandinoise\",\"nm\":\"Fromage Le P\u00E9ribonka\",\"nme\":\"Le P\u00E9ribonka Cheese\",\"attr\":\"Aliment du Qu\u00E9bec, Produit local\",\"sku\":\"26591\",\"l2\":\"Fromage\",\"sl\":\"fromage-le-peribonka-la-normandinoise-26591\",\"sn\":\"\",\"idxP\":5},{\"mq\":\"Albert's Leap\",\"nm\":\"Fromage brie double cr\u00E8me meule\",\"nme\":\"Panini Double Cream Brie Cheese Wheel\",\"attr\":\"Produit local\",\"sku\":\"26600\",\"l2\":\"Fromage\",\"sl\":\"fromage-brie-double-creme-meule-alberts-leap-26600\",\"sn\":\"fromages\",\"idxP\":16},{\"mq\":\"Fromagerie de l'Isle\",\"nm\":\"Houblonneux de l'Isle \u00E0 la bi\u00E8re coup\u00E9\",\"nme\":\"Beer Houblonneux de l'Isle Cut\",\"attr\":\"Produit local\",\"sku\":\"26647\",\"l2\":\"Fromage\",\"sl\":\"houblonneux-de-lisle-a-la-biere-coupe-fromagerie-de-lisle-26647\",\"sn\":\"\",\"idxP\":5},{\"mq\":\"Albert's Leap\",\"nm\":\"Fromage brie double cr\u00E8me coup\u00E9\",\"nme\":\"Double Brie Cheese Cut\",\"attr\":\"\",\"sku\":\"26601\",\"l2\":\"Fromage\",\"sl\":\"fromage-brie-double-creme-coupe-alberts-leap-26601\",\"sn\":\"fromages\",\"idxP\":12},{\"mq\":\"Fromagerie de l'Isle\",\"nm\":\"Houblonneux de l'Isle \u00E0 la bi\u00E8re meule\",\"nme\":\"Houblonneux de l'Isle with Beer Cheese Wheel\",\"attr\":\"Produit local\",\"sku\":\"26646\",\"l2\":\"Fromage\",\"sl\":\"houblonneux-de-lisle-a-la-biere-meule-fromagerie-de-lisle-26646\",\"sn\":\"\",\"idxP\":3},{\"mq\":\"Beatrice\",\"nm\":\"Beurre sal\u00E9\",\"nme\":\"Salted Butter\",\"attr\":\"\",\"sku\":\"06046\",\"l2\":\"Beurre et margarine\",\"sl\":\"beurre-sale-beatrice-06046\",\"sn\":\"\",\"idxP\":100},{\"mq\":\"Becel\",\"nm\":\"Margarine originale\",\"nme\":\"Original Margarine\",\"attr\":\"\",\"sku\":\"06024\",\"l2\":\"Beurre et margarine\",\"sl\":\"margarine-originale-becel-06024\",\"sn\":\"\",\"idxP\":86},{\"mq\":\"Activia\",\"nm\":\"Yogourt sans lactose\",\"nme\":\"Lactose Free Yogurt\",\"attr\":\"Sans lactose\",\"sku\":\"17906\",\"l2\":\"Yogourt\",\"sl\":\"yogourt-sans-lactose-activia-17906\",\"sn\":\"\",\"idxP\":18},{\"mq\":\"Yoplait\",\"nm\":\"Yogourt cr\u00E9meux \u00E0 la fraise\",\"nme\":\"Strawberry Creamy Yogurt\",\"attr\":\"Produit local\",\"sku\":\"14783\",\"l2\":\"Yogourt\",\"sl\":\"yogourt-cremeux-a-la-fraise-yoplait-14783\",\"sn\":\"fraises\",\"idxP\":13},{\"mq\":\"Yoplait\",\"nm\":\"Yogourt cr\u00E9meux duo assorti\",\"nme\":\"Assorted Duo Creamy Yogurt\",\"attr\":\"Produit local\",\"sku\":\"08398\",\"l2\":\"Yogourt\",\"sl\":\"yogourt-cremeux-duo-assorti-yoplait-08398\",\"sn\":\"\",\"idxP\":23},{\"mq\":\"Activia\",\"nm\":\"Yogourt fraise framboise bleuet p\u00EAche\",\"nme\":\"Strawberry Raspberry Blueberry Peach Yogurt\",\"attr\":\"\",\"sku\":\"14923\",\"l2\":\"Yogourt\",\"sl\":\"yogourt-fraise-framboise-bleuet-peche-activia-14923\",\"sn\":\"fraises, framboises\",\"idxP\":20},{\"mq\":\"Yoplait\",\"nm\":\"Yogourt cr\u00E9meux \u00E0 la vanille 1,5%\",\"nme\":\"Vanilla Creamy Yogurt 1.5%\",\"attr\":\"Produit local\",\"sku\":\"14781\",\"l2\":\"Yogourt\",\"sl\":\"yogourt-cremeux-a-la-vanille-15-yoplait-14781\",\"sn\":\"\",\"idxP\":15},{\"mq\":\"I\u00F6go\",\"nm\":\"Yogourt nature 2%\",\"nme\":\"2% Plain Yogurt\",\"attr\":\"Produit local\",\"sku\":\"18038\",\"l2\":\"Yogourt\",\"sl\":\"yogourt-nature-2-iogo-18038\",\"sn\":\"\",\"idxP\":83},{\"mq\":\"Oikos\",\"nm\":\"Yogourt Grec p\u00EAche et mangue 0%\",\"nme\":\"Peach Mango Greek Yogurt 0% x4\",\"attr\":\"\",\"sku\":\"16219\",\"l2\":\"Yogourt\",\"sl\":\"yogourt-grec-peche-et-mangue-0-oikos-16219\",\"sn\":\"mangues\",\"idxP\":22},{\"mq\":\"I\u00F6go\",\"nm\":\"Yogourt vanille 1.5%\",\"nme\":\"1.5% Vanilla Yogurt\",\"attr\":\"Aliment du Qu\u00E9bec, Produit local\",\"sku\":\"18039\",\"l2\":\"Yogourt\",\"sl\":\"yogourt-vanille-1.5-iogo-18039\",\"sn\":\"\",\"idxP\":90},{\"mq\":\"I\u00F6go\",\"nm\":\"Yogourt fraise 1.5%\",\"nme\":\"1.5% Strawberry Yogurt\",\"attr\":\"Produit local\",\"sku\":\"18040\",\"l2\":\"Yogourt\",\"sl\":\"yogourt-fraise-1.5-iogo-18040\",\"sn\":\"fraises\",\"idxP\":75},{\"mq\":\"I\u00F6go\",\"nm\":\"Yogourt fraise framboise bleuet vanille\",\"nme\":\"Strawberry Raspberry Blueberry Vanilla Yogurt\",\"attr\":\"\",\"sku\":\"18067\",\"l2\":\"Yogourt\",\"sl\":\"yogourt-fraise-framboise-bleuet-vanille-iogo-18067\",\"sn\":\"fraises, framboises\",\"idxP\":22},{\"mq\":\"Activia\",\"nm\":\"Yogourt framboise 2.9%\",\"nme\":\"2.9% Raspberry Yogurt\",\"attr\":\"Aliment du Qu\u00E9bec\",\"sku\":\"14935\",\"l2\":\"Yogourt\",\"sl\":\"yogourt-framboise-2.9-activia-14935\",\"sn\":\"framboises\",\"idxP\":28},{\"mq\":\"Libert\u00E9\",\"nm\":\"Yogourt grec vanille\",\"nme\":\"Vanilla Greek Yogurt\",\"attr\":\"\",\"sku\":\"17871\",\"l2\":\"Yogourt\",\"sl\":\"yogourt-grec-vanille-liberte-17871\",\"sn\":\"\",\"idxP\":35},{\"mq\":\"Nouvelle France\",\"nm\":\"Yogourt nature lait de brebis\",\"nme\":\"Sheep Milk Plain Yogurt\",\"attr\":\"Produit local\",\"sku\":\"06575\",\"l2\":\"Yogourt\",\"sl\":\"yogourt-nature-lait-de-brebis-nouvelle-france-06575\",\"sn\":\"\",\"idxP\":60},{\"mq\":\"Activia\",\"nm\":\"Yogourt \u00E0 la vanille 2.9%\",\"nme\":\"Vanilla Yogurt 2.9%\",\"attr\":\"Aliment du Qu\u00E9bec\",\"sku\":\"14939\",\"l2\":\"Yogourt\",\"sl\":\"yogourt-a-la-vanille-2.9-activia-14939\",\"sn\":\"\",\"idxP\":40},{\"mq\":\"Yoplait\",\"nm\":\"Yogourt cr\u00E9meux nature 2,3%\",\"nme\":\"Plain Creamy Yogurt 2.3%\",\"attr\":\"Produit local\",\"sku\":\"14782\",\"l2\":\"Yogourt\",\"sl\":\"yogourt-cremeux-nature-23-yoplait-14782\",\"sn\":\"\",\"idxP\":10},{\"mq\":\"Oikos\",\"nm\":\"Yogourt grec aux fraises 2%\",\"nme\":\"Strawberry Greek Yogurt 2%\",\"attr\":\"\",\"sku\":\"14958\",\"l2\":\"Yogourt\",\"sl\":\"yogourt-grec-aux-fraises-2-oikos-14958\",\"sn\":\"fraises\",\"idxP\":21},{\"mq\":\"Oikos\",\"nm\":\"Yogourt grec cerise 0%\",\"nme\":\"Cherry Greek Yogurt 0% x4\",\"attr\":\"\",\"sku\":\"16218\",\"l2\":\"Yogourt\",\"sl\":\"yogourt-grec-cerise-0-oikos-16218\",\"sn\":\"\",\"idxP\":12},{\"mq\":\"Activia\",\"nm\":\"Yogourt \u00E0 la vanille\",\"nme\":\"Vanilla Yogurt\",\"attr\":\"\",\"sku\":\"14926\",\"l2\":\"Yogourt\",\"sl\":\"yogourt-a-la-vanille-activia-14926\",\"sn\":\"\",\"idxP\":30},{\"mq\":\"Libert\u00E9\",\"nm\":\"Yogourt m\u00E9diterran\u00E9en \u00E0 la fraise\",\"nme\":\"Strawberry Mediterranean Yogurt\",\"attr\":\"\",\"sku\":\"14987\",\"l2\":\"Yogourt\",\"sl\":\"yogourt-mediterraneen-a-la-fraise-liberte-14987\",\"sn\":\"fraises\",\"idxP\":20},{\"mq\":\"Nouvelle France\",\"nm\":\"Yogourt \u00E9rable lait de brebis\",\"nme\":\"Sheep Milk Maple Yogurt\",\"attr\":\"Produit local\",\"sku\":\"23684\",\"l2\":\"Yogourt\",\"sl\":\"yogourt-erable-lait-de-brebis-nouvelle-france-23684\",\"sn\":\"\",\"idxP\":24},{\"mq\":\"Libert\u00E9\",\"nm\":\"Yogourt m\u00E9diterran\u00E9en au m\u00FBre\",\"nme\":\"Blackberry Mediteraneen Yogurt\",\"attr\":\"\",\"sku\":\"14988\",\"l2\":\"Yogourt\",\"sl\":\"yogourt-mediterraneen-au-mure-liberte-14988\",\"sn\":\"\",\"idxP\":12},{\"mq\":\"I\u00F6go\",\"nm\":\"Yogourt \u00E0 boire p\u00EAche\",\"nme\":\"Peach Yogurt Drink\",\"attr\":\"Produit local\",\"sku\":\"22955\",\"l2\":\"Yogourt\",\"sl\":\"yogourt-a-boire-peche-iogo-22955\",\"sn\":\"\",\"idxP\":21},{\"mq\":\"Oikos\",\"nm\":\"Yogourt grec vanille\",\"nme\":\"Vanilla Greek Yogurt\",\"attr\":\"\",\"sku\":\"14957\",\"l2\":\"Yogourt\",\"sl\":\"yogourt-grec-vanille-oikos-14957\",\"sn\":\"\",\"idxP\":26},{\"mq\":\"I\u00F6go\",\"nm\":\"Yogourt \u00E0 boire framboise\",\"nme\":\"Raspberry Yogurt Drink\",\"attr\":\"Produit local\",\"sku\":\"18047\",\"l2\":\"Yogourt\",\"sl\":\"yogourt-a-boire-framboise-iogo-18047\",\"sn\":\"framboises\",\"idxP\":25},{\"mq\":\"Gay Lea\",\"nm\":\"Beurre fouett\u00E9 en portion\",\"nme\":\"Whipped Butter Single Serve\",\"attr\":\"\",\"sku\":\"21827\",\"l2\":\"Beurre et margarine\",\"sl\":\"beurre-fouette-en-portion-gay-lea-21827\",\"sn\":\"\",\"idxP\":38},{\"mq\":\"I\u00F6go\",\"nm\":\"Yogourt \u00E0 boire fraise\",\"nme\":\"Strawberry Yogurt Drink\",\"attr\":\"Produit local\",\"sku\":\"18046\",\"l2\":\"Yogourt\",\"sl\":\"yogourt-a-boire-fraise-iogo-18046\",\"sn\":\"fraises\",\"idxP\":36},{\"mq\":\"Oikos\",\"nm\":\"Yogourt grec noix de coco 0%\",\"nme\":\"Coconut Greek Yogurt 0%\",\"attr\":\"\",\"sku\":\"30056\",\"l2\":\"Yogourt\",\"sl\":\"yogourt-grec-noix-de-coco-0-oikos-30056\",\"sn\":\"\",\"idxP\":13},{\"mq\":\"Marie Kad\u00E9\",\"nm\":\"Yogourt nature 3,5% halal\",\"nme\":\"3.5% Halal Plain Yogurt\",\"attr\":\"Produit local\",\"sku\":\"33175\",\"l2\":\"Yogourt\",\"sl\":\"yogourt-nature-35-halal-marie-kade-33175\",\"sn\":\"\",\"idxP\":77},{\"mq\":\"Activia\",\"nm\":\"Yogourt pomme p\u00EAche abricot mangue\",\"nme\":\"Apple Peach Apricot Mango Yogurt\",\"attr\":\"Aliment du Qu\u00E9bec\",\"sku\":\"30054\",\"l2\":\"Yogourt\",\"sl\":\"yogourt-pomme-peche-abricot-mangue-activia-30054\",\"sn\":\"apples, mangues, pommes\",\"idxP\":25},{\"mq\":\"Activia\",\"nm\":\"Yogourt cerise pomme m\u00FBre fraise\",\"nme\":\"Cherry Apple Blackberry Strawberry Yogurt\",\"attr\":\"Aliment du Qu\u00E9bec\",\"sku\":\"32849\",\"l2\":\"Yogourt\",\"sl\":\"yogourt-cerise-pomme-mure-fraise-activia-32849\",\"sn\":\"apples, fraises, pommes\",\"idxP\":19},{\"mq\":\"Oikos\",\"nm\":\"Yogourt grec banane\",\"nme\":\"Banana Greek Yogurt\",\"attr\":\"\",\"sku\":\"24234\",\"l2\":\"Yogourt\",\"sl\":\"yogourt-grec-banane-oikos-24234\",\"sn\":\"ananas, bananes\",\"idxP\":23},{\"mq\":\"Olympic\",\"nm\":\"Yogourt vanille biologique\",\"nme\":\"Organic Vanilla Yogurt\",\"attr\":\"Biologique, Produit local\",\"sku\":\"24400\",\"l2\":\"Yogourt\",\"sl\":\"yogourt-vanille-biologique-olympic-24400\",\"sn\":\"biologique, bio, organic, organique\",\"idxP\":21},{\"mq\":\"Bufala\",\"nm\":\"Yogourt nature\",\"nme\":\"Plain Yogurt\",\"attr\":\"\",\"sku\":\"25057\",\"l2\":\"Yogourt\",\"sl\":\"yogourt-nature-bufala-25057\",\"sn\":\"\",\"idxP\":12},{\"mq\":\"Libert\u00E9\",\"nm\":\"Yogourt m\u00E9diterran\u00E9en au moka\",\"nme\":\"Moka Mediterranean Yogurt\",\"attr\":\"\",\"sku\":\"20680\",\"l2\":\"Yogourt\",\"sl\":\"yogourt-mediterraneen-au-moka-liberte-20680\",\"sn\":\"\",\"idxP\":12},{\"mq\":\"I\u00F6go\",\"nm\":\"Yogourt \u00E0 boire banane\",\"nme\":\"Banana Yogurt Drink\",\"attr\":\"Aliment du Qu\u00E9bec, Produit local\",\"sku\":\"32516\",\"l2\":\"Yogourt\",\"sl\":\"yogourt-a-boire-banane-iogo-32516\",\"sn\":\"ananas, bananes\",\"idxP\":37},{\"mq\":\"Activia\",\"nm\":\"Yogourt citron\",\"nme\":\"Lemon Yogurt\",\"attr\":\"Aliment du Qu\u00E9bec\",\"sku\":\"32855\",\"l2\":\"Yogourt\",\"sl\":\"yogourt-citron-activia-32855\",\"sn\":\"citrons\",\"idxP\":15},{\"mq\":\"I\u00F6go\",\"nm\":\"Yogourt fraise bleuet p\u00EAche vanille 0%\",\"nme\":\"0% Strawberry Blueberry Peach Vanilla Yogurt\",\"attr\":\"Produit local\",\"sku\":\"18066\",\"l2\":\"Yogourt\",\"sl\":\"yogourt-fraise-bleuet-peche-vanille-0-iogo-18066\",\"sn\":\"fraises\",\"idxP\":18},{\"mq\":\"Olympic\",\"nm\":\"K\u00E9fir nature 1% biologique\",\"nme\":\"Organic 1% Plain Kefir\",\"attr\":\"Biologique, Produit local\",\"sku\":\"24402\",\"l2\":\"Yogourt\",\"sl\":\"kefir-nature-1-biologique-olympic-24402\",\"sn\":\"biologique, bio, organic, organique\",\"idxP\":27},{\"mq\":\"Yoplait\",\"nm\":\"Yogourt \u00E0 boire Yop banane fraise\",\"nme\":\"Banana Strawberry Yop Yogurt Drink\",\"attr\":\"Produit local\",\"sku\":\"32613\",\"l2\":\"Yogourt\",\"sl\":\"yogourt-a-boire-yop-banane-fraise-yoplait-32613\",\"sn\":\"ananas, bananes, fraises\",\"idxP\":7},{\"mq\":\"Olympic\",\"nm\":\"Yogourt nature biologique\",\"nme\":\"Organic Plain Yogourt\",\"attr\":\"Biologique, Produit local\",\"sku\":\"24401\",\"l2\":\"Yogourt\",\"sl\":\"yogourt-nature-biologique-olympic-24401\",\"sn\":\"biologique, bio, organic, organique\",\"idxP\":33},{\"mq\":\"Activia\",\"nm\":\"Yogourt p\u00EAche\",\"nme\":\"Peach Yogurt\",\"attr\":\"Aliment du Qu\u00E9bec\",\"sku\":\"25323\",\"l2\":\"Yogourt\",\"sl\":\"yogourt-peche-activia-25323\",\"sn\":\"\",\"idxP\":24},{\"mq\":\"Oikos\",\"nm\":\"Yogourt grec \u00E0 la lime\",\"nme\":\"Lime Greek Yogurt\",\"attr\":\"\",\"sku\":\"30057\",\"l2\":\"Yogourt\",\"sl\":\"yogourt-grec-a-la-lime-oikos-30057\",\"sn\":\"\",\"idxP\":23},{\"mq\":\"Yoplait\",\"nm\":\"Yogourt cr\u00E8me et fruit\",\"nme\":\"Cream and Fruit Yogurt\",\"attr\":\"Produit local\",\"sku\":\"36771\",\"l2\":\"Yogourt\",\"sl\":\"yogourt-creme-et-fruit-yoplait-36771\",\"sn\":\"\",\"idxP\":14},{\"mq\":\"Yoplait\",\"nm\":\"Yogourt cr\u00E8me cueillette\",\"nme\":\"Fruit Cream Yogurt\",\"attr\":\"Produit local\",\"sku\":\"36772\",\"l2\":\"Yogourt\",\"sl\":\"yogourt-creme-cueillette-yoplait-36772\",\"sn\":\"\",\"idxP\":15},{\"mq\":\"Yoplait\",\"nm\":\"Yogourts \u00E0 boire Yop assortis\",\"nme\":\"Assorted Yop Yogurt Drinks\",\"attr\":\"Produit local\",\"sku\":\"36789\",\"l2\":\"Yogourt\",\"sl\":\"yogourts-a-boire-yop-assortis-yoplait-36789\",\"sn\":\"\",\"idxP\":52},{\"mq\":\"Oikos\",\"nm\":\"Yogourt grec nature 2%\",\"nme\":\"Plain Greek Yogurt 2% 100g\",\"attr\":\"\",\"sku\":\"36267\",\"l2\":\"Yogourt\",\"sl\":\"yogourt-grec-nature-2-oikos-36267\",\"sn\":\"\",\"idxP\":32},{\"mq\":\"Danone\",\"nm\":\"Yogourt fraise vanille p\u00EAche abricot cerise\",\"nme\":\"Strawberry Vanilla Peach Apricot Cherry Yogurt\",\"attr\":\"Produit local\",\"sku\":\"24826\",\"l2\":\"Yogourt\",\"sl\":\"yogourt-fraise-vanille-peche-abricot-cerise-danone-24826\",\"sn\":\"fraises\",\"idxP\":14},{\"mq\":\"Activia\",\"nm\":\"Yogourt cerise fraise framb. vanille sans lactose\",\"nme\":\"Rasb. Strawb. Cherry vanilla Yogurt lactose free\",\"attr\":\"Sans lactose\",\"sku\":\"42849\",\"l2\":\"Yogourt\",\"sl\":\"yogourt-cerise-fraise-framb.-vanille-sans-lactose-activia-42849\",\"sn\":\"fraises, framboises\",\"idxP\":12},{\"mq\":\"I\u00F6go\",\"nm\":\"Yogourt fraise framb bleuet cerise 0%\",\"nme\":\"0% Strawb Rasp Blueberry Cherry Yogurt\",\"attr\":\"Produit local\",\"sku\":\"18068\",\"l2\":\"Yogourt\",\"sl\":\"yogourt-fraise-framb-bleuet-cerise-0-iogo-18068\",\"sn\":\"fraises, framboises\",\"idxP\":12},{\"mq\":\"Danone\",\"nm\":\"Yogourt vanille p\u00EAche bleuet fraise\",\"nme\":\"Vanilla Peach Blueberry Strawberry Yogurt\",\"attr\":\"Produit local\",\"sku\":\"24827\",\"l2\":\"Yogourt\",\"sl\":\"yogourt-vanille-peche-bleuet-fraise-danone-24827\",\"sn\":\"fraises\",\"idxP\":26},{\"mq\":\"Activia\",\"nm\":\"Yogourt fraise bleuet p\u00EAche mangue sans lactose\",\"nme\":\"Lactose Free Strawb. Blueberry Peach Mango Yogurt\",\"attr\":\"Sans lactose\",\"sku\":\"42850\",\"l2\":\"Yogourt\",\"sl\":\"yogourt-fraise-bleuet-peche-mangue-sans-lactose-activia-42850\",\"sn\":\"fraises, mangues\",\"idxP\":19},{\"mq\":\"Natrel\",\"nm\":\"Beurre sal\u00E9 portion\",\"nme\":\"Salted Butter Single Serve\",\"attr\":\"\",\"sku\":\"35947\",\"l2\":\"Beurre et margarine\",\"sl\":\"beurre-sale-portion-natrel-35947\",\"sn\":\"\",\"idxP\":59},{\"mq\":\"I\u00F6go\",\"nm\":\"Yogourt p\u00EAche 1,5%\",\"nme\":\"1.5% Peach Yogurt\",\"attr\":\"Produit local\",\"sku\":\"36738\",\"l2\":\"Yogourt\",\"sl\":\"yogourt-peche-15-iogo-36738\",\"sn\":\"\",\"idxP\":69},{\"mq\":\"Activia\",\"nm\":\"Yogourt fraise sans lactose\",\"nme\":\"Lactose Free Strawberry Yogurt\",\"attr\":\"Aliment du Qu\u00E9bec, Sans lactose\",\"sku\":\"37160\",\"l2\":\"Yogourt\",\"sl\":\"yogourt-fraise-sans-lactose-activia-37160\",\"sn\":\"fraises\",\"idxP\":25},{\"mq\":\"Source\",\"nm\":\"Yogourt bleuet fraise m\u00FBre\",\"nme\":\"Blueberry Strawberry Blackberry Yogurt\",\"attr\":\"\",\"sku\":\"39477\",\"l2\":\"Yogourt\",\"sl\":\"yogourt-bleuet-fraise-mure-source-39477\",\"sn\":\"fraises\",\"idxP\":12},{\"mq\":\"Source\",\"nm\":\"Yogourt p\u00EAche framboise fraise\",\"nme\":\"Peach Raspberry Strawberry Yogurt\",\"attr\":\"\",\"sku\":\"39476\",\"l2\":\"Yogourt\",\"sl\":\"yogourt-peche-framboise-fraise-source-39476\",\"sn\":\"fraises, framboises\",\"idxP\":14},{\"mq\":\"Activia\",\"nm\":\"Yogourt cerise\",\"nme\":\"Cherry Yogurt\",\"attr\":\"Aliment du Qu\u00E9bec\",\"sku\":\"32854\",\"l2\":\"Yogourt\",\"sl\":\"yogourt-cerise-activia-32854\",\"sn\":\"\",\"idxP\":14},{\"mq\":\"I\u00F6go\",\"nm\":\"Yogourt \u00E0 boire vanille 1.5%\",\"nme\":\"1.5% Vanilla Yogurt Drink\",\"attr\":\"Produit local\",\"sku\":\"36730\",\"l2\":\"Yogourt\",\"sl\":\"yogourt-a-boire-vanille-1.5-iogo-36730\",\"sn\":\"\",\"idxP\":38},{\"mq\":\"Cambozola\",\"nm\":\"Fromage bleu allemand coup\u00E9\",\"nme\":\"German Blue Cheese Cut\",\"attr\":\"\",\"sku\":\"13911\",\"l2\":\"Fromage\",\"sl\":\"fromage-bleu-allemand-coupe-cambozola-13911\",\"sn\":\"\",\"idxP\":30},{\"mq\":\"Chef Gaston\",\"nm\":\"Tartinade \u00E0 l'ail\",\"nme\":\"Garlic Spread\",\"attr\":\"\",\"sku\":\"31705\",\"l2\":\"Beurre et margarine\",\"sl\":\"tartinade-a-lail-chef-gaston-31705\",\"sn\":\"\",\"idxP\":8},{\"mq\":\"Chef Gaston\",\"nm\":\"Margarine en portion\",\"nme\":\"Margarine Single Serve\",\"attr\":\"\",\"sku\":\"34921\",\"l2\":\"Beurre et margarine\",\"sl\":\"margarine-en-portion-chef-gaston-34921\",\"sn\":\"\",\"idxP\":9},{\"mq\":\"Bergeron\",\"nm\":\"Margarine soya\",\"nme\":\"Soya Margarine\",\"attr\":\"\",\"sku\":\"00341\",\"l2\":\"Beurre et margarine\",\"sl\":\"margarine-soya-bergeron-00341\",\"sn\":\"\",\"idxP\":49},{\"mq\":\"Rabel\",\"nm\":\"Fromage de ch\u00E8vre au romarin coup\u00E9\",\"nme\":\"Rosemary Goat Cheese Cut\",\"attr\":\"\",\"sku\":\"15177\",\"l2\":\"Fromage\",\"sl\":\"fromage-de-chevre-au-romarin-coupe-rabel-15177\",\"sn\":\"fromages\",\"idxP\":16},{\"mq\":\"Rabel\",\"nm\":\"Fromage de ch\u00E8vre au romarin meule\",\"nme\":\"Rosemary Goat Cheese Wheel\",\"attr\":\"\",\"sku\":\"15176\",\"l2\":\"Fromage\",\"sl\":\"fromage-de-chevre-au-romarin-meule-rabel-15176\",\"sn\":\"fromages\",\"idxP\":11},{\"mq\":\"Alpiland\",\"nm\":\"Fromage emmental autrichien meule\",\"nme\":\"Austrian Emmental Cheese Wheel\",\"attr\":\"\",\"sku\":\"26825\",\"l2\":\"Fromage\",\"sl\":\"fromage-emmental-autrichien-meule-alpiland-26825\",\"sn\":\"fromages\",\"idxP\":53},{\"mq\":\"La Chaudi\u00E8re\",\"nm\":\"Fromage tortillon en boules D\u00E9gu\u00E9dine\",\"nme\":\"D\u00E9gu\u00E9dine Twist Balls Cheese\",\"attr\":\"Aliment du Qu\u00E9bec, Produit local\",\"sku\":\"27214\",\"l2\":\"Fromage\",\"sl\":\"fromage-tortillon-en-boules-deguedine-la-chaudiere-27214\",\"sn\":\"fromages\",\"idxP\":65},{\"mq\":\"Alexis de Portneuf\",\"nm\":\"Fromage de ch\u00E8vre Capriny b\u00FBche\",\"nme\":\"Capriny Goat Cheese Log\",\"attr\":\"Produit local\",\"sku\":\"10204\",\"l2\":\"Fromage\",\"sl\":\"fromage-de-chevre-capriny-buche-alexis-de-portneuf-10204\",\"sn\":\"fromages\",\"idxP\":61},{\"mq\":\"Tre Stelle\",\"nm\":\"Fromage parmesan r\u00E2p\u00E9\",\"nme\":\"Grated Parmesan Cheese\",\"attr\":\"\",\"sku\":\"10202\",\"l2\":\"Fromage\",\"sl\":\"fromage-parmesan-rape-tre-stelle-10202\",\"sn\":\"fromages\",\"idxP\":29},{\"mq\":\"Saint-Beno\u00EEt-du-Lac\",\"nm\":\"Fromage bleu B\u00E9n\u00E9dictin coup\u00E9\",\"nme\":\"B\u00E9n\u00E9dictin Blue Cheese Cut\",\"attr\":\"Sans gluten, Aliment du Qu\u00E9bec, Sans lactose, Produit local\",\"sku\":\"10248\",\"l2\":\"Fromage\",\"sl\":\"fromage-bleu-benedictin-coupe-saint-benoit-du-lac-10248\",\"sn\":\"\",\"idxP\":19},{\"mq\":\"Fritz Kaiser\",\"nm\":\"Fromage L'Empereur coup\u00E9\",\"nme\":\"L'Empereur Cheese Cut\",\"attr\":\"Aliment du Qu\u00E9bec, Produit local\",\"sku\":\"10249\",\"l2\":\"Fromage\",\"sl\":\"fromage-lempereur-coupe-fritz-kaiser-10249\",\"sn\":\"\",\"idxP\":5},{\"mq\":\"Cendre des Pr\u00E9s\",\"nm\":\"Fromage Cendr\u00E9 des Pr\u00E9s coup\u00E9\",\"nme\":\"Cendr\u00E9 des Pr\u00E9s Cheese Cut\",\"attr\":\"Produit local\",\"sku\":\"10261\",\"l2\":\"Fromage\",\"sl\":\"fromage-cendre-des-pres-coupe-cendre-des-pres-10261\",\"sn\":\"fromages\",\"idxP\":23},{\"mq\":\"Cendre des Pr\u00E9s\",\"nm\":\"Fromage Cendr\u00E9 des Pr\u00E9s meule\",\"nme\":\"Cendr\u00E9 des Pr\u00E9s Cheese Wheel\",\"attr\":\"Produit local\",\"sku\":\"10250\",\"l2\":\"Fromage\",\"sl\":\"fromage-cendre-des-pres-meule-cendre-des-pres-10250\",\"sn\":\"fromages\",\"idxP\":6},{\"mq\":\"Saputo\",\"nm\":\"Fromage suisse Canadien Tranch\u00E9\",\"nme\":\"Sliced Canadian Swiss Cheese\",\"attr\":\"\",\"sku\":\"10203\",\"l2\":\"Fromage\",\"sl\":\"fromage-suisse-canadien-tranche-saputo-10203\",\"sn\":\"fromages\",\"idxP\":69},{\"mq\":\"Woolwich\",\"nm\":\"Fromage de ch\u00E8vre canneberge\",\"nme\":\"Cranberry Goat Cheese\",\"attr\":\"Produit local\",\"sku\":\"10246\",\"l2\":\"Fromage\",\"sl\":\"fromage-de-chevre-canneberge-woolwich-10246\",\"sn\":\"fromages\",\"idxP\":35},{\"mq\":\"St-Albert\",\"nm\":\"Cheddar blanc fort bloc\",\"nme\":\"Old White Cheddar Wheel\",\"attr\":\"\",\"sku\":\"27291\",\"l2\":\"Fromage\",\"sl\":\"cheddar-blanc-fort-bloc-st-albert-27291\",\"sn\":\"\",\"idxP\":88},{\"mq\":\"Tradition\",\"nm\":\"Nectar de pruneaux Vision Sant\u00E9\",\"nme\":\"Heath Vision Prune Nectar\",\"attr\":\"Aliment du Qu\u00E9bec, Produit local\",\"sku\":\"27484\",\"l2\":\"Jus frais\",\"sl\":\"nectar-de-pruneaux-vision-sante-tradition-27484\",\"sn\":\"\",\"idxP\":22},{\"mq\":\"Tradition\",\"nm\":\"Jus de canneberge Vision Sant\u00E9\",\"nme\":\"Health Vision Cranberry Juice\",\"attr\":\"Aliment du Qu\u00E9bec, Produit local\",\"sku\":\"27480\",\"l2\":\"Jus frais\",\"sl\":\"jus-de-canneberge-vision-sante-tradition-27480\",\"sn\":\"\",\"idxP\":28},{\"mq\":\"Tradition\",\"nm\":\"Jus de grenade Vision Sant\u00E9\",\"nme\":\"Health Vision Pomegranate Juice\",\"attr\":\"Aliment du Qu\u00E9bec, Produit local\",\"sku\":\"27482\",\"l2\":\"Jus frais\",\"sl\":\"jus-de-grenade-vision-sante-tradition-27482\",\"sn\":\"\",\"idxP\":20},{\"mq\":\"Tradition\",\"nm\":\"Jus de poire p\u00E9tillant\",\"nme\":\"Sparkling Pear Juice\",\"attr\":\"Produit local\",\"sku\":\"27488\",\"l2\":\"Jus frais\",\"sl\":\"jus-de-poire-petillant-tradition-27488\",\"sn\":\"gaz\u00E9ifi\u00E9, poires\",\"idxP\":12},{\"mq\":\"Tradition\",\"nm\":\"Jus de raisin Vision Sant\u00E9\",\"nme\":\"Health Vision Grape Juice\",\"attr\":\"Aliment du Qu\u00E9bec, Produit local\",\"sku\":\"27485\",\"l2\":\"Jus frais\",\"sl\":\"jus-de-raisin-vision-sante-tradition-27485\",\"sn\":\"raisins\",\"idxP\":20},{\"mq\":\"Tradition\",\"nm\":\"Limonade \u00E0 la framboise p\u00E9tillante\",\"nme\":\"Sparkling Raspberry Lemonade\",\"attr\":\"Produit local\",\"sku\":\"27489\",\"l2\":\"Jus frais\",\"sl\":\"limonade-a-la-framboise-petillante-tradition-27489\",\"sn\":\"framboises, gaz\u00E9ifi\u00E9\",\"idxP\":20},{\"mq\":\"Tradition\",\"nm\":\"Jus de pomme p\u00E9tillant\",\"nme\":\"Sparkling Apple Juice\",\"attr\":\"Aliment du Qu\u00E9bec\",\"sku\":\"27487\",\"l2\":\"Jus frais\",\"sl\":\"jus-de-pomme-petillant-tradition-27487\",\"sn\":\"apples, gaz\u00E9ifi\u00E9, pommes\",\"idxP\":20},{\"mq\":\"Beatrice\",\"nm\":\"Beurre non sal\u00E9\",\"nme\":\"Unsalted Butter\",\"attr\":\"\",\"sku\":\"27577\",\"l2\":\"Beurre et margarine\",\"sl\":\"beurre-non-sale-beatrice-27577\",\"sn\":\"\",\"idxP\":100},{\"mq\":\"Rang 9\",\"nm\":\"Fromage canadien mamirolle coup\u00E9\",\"nme\":\"Canadian Mamirolle Cheese Cut\",\"attr\":\"Sans gluten, Aliment du Qu\u00E9bec, Sans lactose, Produit local\",\"sku\":\"22927\",\"l2\":\"Fromage\",\"sl\":\"fromage-canadien-mamirolle-coupe-rang-9-22927\",\"sn\":\"\",\"idxP\":11},{\"mq\":\"Tradition\",\"nm\":\"Jus de pomme frais\",\"nme\":\"Fresh Apple Juice\",\"attr\":\"Aliment du Qu\u00E9bec, Produit local\",\"sku\":\"22514\",\"l2\":\"Jus frais\",\"sl\":\"jus-de-pomme-frais-tradition-22514\",\"sn\":\"apples, pommes\",\"idxP\":87},{\"mq\":\"Boursin\",\"nm\":\"Fromage frais pomme \u00E9rable\",\"nme\":\"Apple and Maple Fresh Cheese\",\"attr\":\"\",\"sku\":\"26723\",\"l2\":\"Fromage\",\"sl\":\"fromage-frais-pomme-erable-boursin-26723\",\"sn\":\"apples, fromages, pommes\",\"idxP\":26},{\"mq\":\"St-Albert\",\"nm\":\"Fromage en grain\",\"nme\":\"Cheddar Cheese Curds\",\"attr\":\"\",\"sku\":\"27648\",\"l2\":\"Fromage\",\"sl\":\"fromage-en-grain-st-albert-27648\",\"sn\":\"fromages\",\"idxP\":100},{\"mq\":\"Pr\u00E9sident\",\"nm\":\"Fromage brie fran\u00E7ais meule\",\"nme\":\"French Brie Cheese Wheel\",\"attr\":\"\",\"sku\":\"27996\",\"l2\":\"Fromage\",\"sl\":\"fromage-brie-francais-meule-president-27996\",\"sn\":\"fromages\",\"idxP\":20},{\"mq\":\"Pr\u00E9sident\",\"nm\":\"Brie fran\u00E7ais coup\u00E9\",\"nme\":\"French Brie Cheese Cut\",\"attr\":\"\",\"sku\":\"27998\",\"l2\":\"Fromage\",\"sl\":\"brie-francais-coupe-president-27998\",\"sn\":\"\",\"idxP\":47},{\"mq\":\"Auricchio\",\"nm\":\"Provolone italien stravecchio extra \u00E2g\u00E9\",\"nme\":\"Extra Old Stravecchio Italian Provolone\",\"attr\":\"\",\"sku\":\"25332\",\"l2\":\"Fromage\",\"sl\":\"provolone-italien-stravecchio-extra-age-auricchio-25332\",\"sn\":\"\",\"idxP\":0},{\"mq\":\"Cur\u00E9 Hebert\",\"nm\":\"Fromage Cur\u00E9 H\u00E9bert coup\u00E9\",\"nme\":\"Mid-Firm Sliced Cheese with Ripened Surface Cut\",\"attr\":\"Aliment du Qu\u00E9bec, Produit local\",\"sku\":\"24312\",\"l2\":\"Fromage\",\"sl\":\"fromage-cure-hebert-coupe-cure-hebert-24312\",\"sn\":\"fromages\",\"idxP\":12},{\"mq\":\"Bellavitano\",\"nm\":\"Fromage balsamique coup\u00E9\",\"nme\":\"Balsamic Cheese Cut\",\"attr\":\"\",\"sku\":\"23499\",\"l2\":\"Fromage\",\"sl\":\"fromage-balsamique-coupe-bellavitano-23499\",\"sn\":\"fromages\",\"idxP\":17},{\"mq\":\"Fort des Rousses\",\"nm\":\"Fromage comt\u00E9 Juraflore coup\u00E9\",\"nme\":\"Juraflore Comt\u00E9 Cheese Cut\",\"attr\":\"\",\"sku\":\"17135\",\"l2\":\"Fromage\",\"sl\":\"fromage-comte-juraflore-coupe-fort-des-rousses-17135\",\"sn\":\"\",\"idxP\":33},{\"mq\":\"Batisseur\",\"nm\":\"Fromage \u00E0 p\u00E2te ferme affin\u00E9 en surface coup\u00E9\",\"nme\":\"Firm Surface Ripened Cheese Cut\",\"attr\":\"\",\"sku\":\"23100\",\"l2\":\"Fromage\",\"sl\":\"fromage-a-pate-ferme-affine-en-surface-coupe-batisseur-23100\",\"sn\":\"fromages\",\"idxP\":11},{\"mq\":\"La Mancha\",\"nm\":\"Fromage brie de ch\u00E8vre coup\u00E9\",\"nme\":\"Goat's Milk Brie Cut\",\"attr\":\"\",\"sku\":\"24419\",\"l2\":\"Fromage\",\"sl\":\"fromage-brie-de-chevre-coupe-la-mancha-24419\",\"sn\":\"fromages\",\"idxP\":10},{\"mq\":\"Fromagerie de l'Isle\",\"nm\":\"La B\u00EAte-\u00E0-Seguin coup\u00E9\",\"nme\":\"La B\u00EAte \u00E0 Seguin Cheese Cut\",\"attr\":\"Produit local\",\"sku\":\"25140\",\"l2\":\"Fromage\",\"sl\":\"la-bete-a-seguin-coupe-fromagerie-de-lisle-25140\",\"sn\":\"\",\"idxP\":23},{\"mq\":\"Soeur Ang\u00E8le\",\"nm\":\"Fromage cr\u00E9meux coup\u00E9\",\"nme\":\"Creamy Cheese Cut\",\"attr\":\"\",\"sku\":\"24450\",\"l2\":\"Fromage\",\"sl\":\"fromage-cremeux-coupe-soeur-angele-24450\",\"sn\":\"fromages\",\"idxP\":14},{\"mq\":\"1860 DuVillage\",\"nm\":\"Fromage Ma\u00EEtre Jules coup\u00E9\",\"nme\":\"Ma\u00EEtre Jules Cheese Cut\",\"attr\":\"Produit local\",\"sku\":\"36773\",\"l2\":\"Fromage\",\"sl\":\"fromage-maitre-jules-coupe-1860-duvillage-36773\",\"sn\":\"\",\"idxP\":31},{\"mq\":\"Fromagerie de l'Isle\",\"nm\":\"Fromage Canotier de l'Isle coup\u00E9\",\"nme\":\"Canotier de l'Isle Cheese Cut\",\"attr\":\"Produit local\",\"sku\":\"30631\",\"l2\":\"Fromage\",\"sl\":\"fromage-canotier-de-lisle-coupe-fromagerie-de-lisle-30631\",\"sn\":\"\",\"idxP\":16},{\"mq\":\"Fromagerie du Presbyt\u00E8re\",\"nm\":\"Fromage Bleu d'Elizabeth coup\u00E9\",\"nme\":\"Bleu d'Elizabeth Blue Cheese Cut\",\"attr\":\"Produit local\",\"sku\":\"36779\",\"l2\":\"Fromage\",\"sl\":\"fromage-bleu-delizabeth-coupe-fromagerie-du-presbytere-36779\",\"sn\":\"\",\"idxP\":31},{\"mq\":\"Alexis de Portneuf\",\"nm\":\"Fromage brie double cr\u00E8me coup\u00E9\",\"nme\":\"Double Cream Brie Cheese Cut\",\"attr\":\"Produit local\",\"sku\":\"37032\",\"l2\":\"Fromage\",\"sl\":\"fromage-brie-double-creme-coupe-alexis-de-portneuf-37032\",\"sn\":\"\",\"idxP\":45},{\"mq\":\"Ile de France\",\"nm\":\"Fromage brie double cr\u00E8me coup\u00E9\",\"nme\":\"Double Cream Brie Cheese Cut\",\"attr\":\"\",\"sku\":\"24889\",\"l2\":\"Fromage\",\"sl\":\"fromage-brie-double-creme-coupe-ile-de-france-24889\",\"sn\":\"fromages\",\"idxP\":48},{\"mq\":\"Tre Stelle\",\"nm\":\"Romano Lupa coup\u00E9\",\"nme\":\"Romano Lupa Cheese Cut\",\"attr\":\"\",\"sku\":\"13093\",\"l2\":\"Fromage\",\"sl\":\"romano-lupa-coupe-tre-stelle-13093\",\"sn\":\"fromages\",\"idxP\":71},{\"mq\":\"Lalibert\u00E9\",\"nm\":\"Fromage triple cr\u00E8me coup\u00E9\",\"nme\":\"Triple Cream Cheese Cut\",\"attr\":\"Produit local\",\"sku\":\"37528\",\"l2\":\"Fromage\",\"sl\":\"fromage-triple-creme-coupe-laliberte-37528\",\"sn\":\"fromages\",\"idxP\":6},{\"mq\":\"Bergeron\",\"nm\":\"Margarine soya non hydrog\u00E9n\u00E9e\",\"nme\":\"Non Hydrogenated Soya Margarine\",\"attr\":\"\",\"sku\":\"10488\",\"l2\":\"Beurre et margarine\",\"sl\":\"margarine-soya-non-hydrogenee-bergeron-10488\",\"sn\":\"\",\"idxP\":87},{\"mq\":\"Libert\u00E9\",\"nm\":\"Yogourt nature 0%\",\"nme\":\"Plain 0% Yogurt\",\"attr\":\"\",\"sku\":\"28183\",\"l2\":\"Yogourt\",\"sl\":\"yogourt-nature-0-liberte-28183\",\"sn\":\"\",\"idxP\":26},{\"mq\":\"Libert\u00E9\",\"nm\":\"Yogourt nature 2%\",\"nme\":\"2% Plain Yogurt\",\"attr\":\"\",\"sku\":\"28184\",\"l2\":\"Yogourt\",\"sl\":\"yogourt-nature-2-liberte-28184\",\"sn\":\"\",\"idxP\":32},{\"mq\":\"Libert\u00E9\",\"nm\":\"Yogourt vanille 2,9%\",\"nme\":\"Vanilla 2.9% Yogurt\",\"attr\":\"\",\"sku\":\"28186\",\"l2\":\"Yogourt\",\"sl\":\"yogourt-vanille-29-liberte-28186\",\"sn\":\"\",\"idxP\":46},{\"mq\":\"Galbani\",\"nm\":\"Fromage Asiago parmesan romano\",\"nme\":\"Asiago Parmesan Romano Cheese\",\"attr\":\"\",\"sku\":\"16781\",\"l2\":\"Fromage\",\"sl\":\"fromage-asiago-parmesan-romano-galbani-16781\",\"sn\":\"fromages\",\"idxP\":15},{\"mq\":\"Saputo\",\"nm\":\"Ricotta fiorella\",\"nme\":\"Ricotta fiorella\",\"attr\":\"Aliment du Qu\u00E9bec\",\"sku\":\"32831\",\"l2\":\"Fromage\",\"sl\":\"ricotta-fiorella-saputo-32831\",\"sn\":\"\",\"idxP\":45},{\"mq\":\"Jarlsberg\",\"nm\":\"Jarlsberg d'Autriche coup\u00E9\",\"nme\":\"Jarlsberg from Austria Cut\",\"attr\":\"\",\"sku\":\"13116\",\"l2\":\"Fromage\",\"sl\":\"jarlsberg-dautriche-coupe-jarlsberg-13116\",\"sn\":\"fromages\",\"idxP\":48},{\"mq\":\"Oka\",\"nm\":\"Fromage raclette coup\u00E9\",\"nme\":\"Raclette Cheese Cut\",\"attr\":\"Sans lactose, Produit local\",\"sku\":\"17867\",\"l2\":\"Fromage\",\"sl\":\"fromage-raclette-coupe-oka-17867\",\"sn\":\"fromages\",\"idxP\":22},{\"mq\":\"Oka\",\"nm\":\"Fromage L'Artisan fum\u00E9 style suisse coup\u00E9\",\"nme\":\"L'Artisan Smoked Swiss Style Cheese Cut\",\"attr\":\"Produit local\",\"sku\":\"36571\",\"l2\":\"Fromage\",\"sl\":\"fromage-lartisan-fume-style-suisse-coupe-oka-36571\",\"sn\":\"fromages\",\"idxP\":30},{\"mq\":\"Oka\",\"nm\":\"Fromage Oka classique coup\u00E9\",\"nme\":\"Classic Oka Cheese Cut\",\"attr\":\"Produit local\",\"sku\":\"23143\",\"l2\":\"Fromage\",\"sl\":\"fromage-oka-classique-coupe-oka-23143\",\"sn\":\"fromages\",\"idxP\":24},{\"mq\":\"Oka\",\"nm\":\"Fromage canadien oka l\u00E9ger coup\u00E9\",\"nme\":\"Light Oka Canadian Cheese Cut\",\"attr\":\"Produit local\",\"sku\":\"62419\",\"l2\":\"Fromage\",\"sl\":\"fromage-canadien-oka-leger-coupe-oka-62419\",\"sn\":\"fromages\",\"idxP\":6},{\"mq\":\"Rabel\",\"nm\":\"Fromage de ch\u00E8vre au vin rouge meule\",\"nme\":\"Goat Cheese Wheel with Red Wine Wheel\",\"attr\":\"\",\"sku\":\"45432\",\"l2\":\"Fromage\",\"sl\":\"fromage-de-chevre-au-vin-rouge-meule-rabel-45432\",\"sn\":\"fromages\",\"idxP\":6},{\"mq\":\"Pecorino\",\"nm\":\"Romano italien coup\u00E9\",\"nme\":\"Italian Romano Cut\",\"attr\":\"\",\"sku\":\"17977\",\"l2\":\"Fromage\",\"sl\":\"romano-italien-coupe-pecorino-17977\",\"sn\":\"\",\"idxP\":49},{\"mq\":\"Rabel\",\"nm\":\"Fromage de ch\u00E8vre au vin rouge coup\u00E9\",\"nme\":\"Goat Cheese with Red Wine Cut\",\"attr\":\"\",\"sku\":\"45434\",\"l2\":\"Fromage\",\"sl\":\"fromage-de-chevre-au-vin-rouge-coupe-rabel-45434\",\"sn\":\"fromages\",\"idxP\":16},{\"mq\":\"Pr\u00E9sident\",\"nm\":\"Bleu d'Auvergne coup\u00E9\",\"nme\":\"Blue Cheese from Auvergne Cut\",\"attr\":\"\",\"sku\":\"07122\",\"l2\":\"Fromage\",\"sl\":\"bleu-dauvergne-coupe-president-07122\",\"sn\":\"\",\"idxP\":13},{\"mq\":\"Ile de France\",\"nm\":\"Fromage bleu roquefort coup\u00E9\",\"nme\":\"Roquefort Blue Cheese Cut\",\"attr\":\"\",\"sku\":\"24968\",\"l2\":\"Fromage\",\"sl\":\"fromage-bleu-roquefort-coupe-ile-de-france-24968\",\"sn\":\"fromages\",\"idxP\":21},{\"mq\":\"Riviera\",\"nm\":\"Parmesan coup\u00E9\",\"nme\":\"Parmesan Cheese Cut\",\"attr\":\"Sans lactose, Produit local\",\"sku\":\"35654\",\"l2\":\"Fromage\",\"sl\":\"parmesan-coupe-riviera-35654\",\"sn\":\"\",\"idxP\":47},{\"mq\":\"Riviera\",\"nm\":\"Parmesan r\u00E2p\u00E9\",\"nme\":\"Grated Parmesan Cheese\",\"attr\":\"Sans lactose, Produit local\",\"sku\":\"12224\",\"l2\":\"Fromage\",\"sl\":\"parmesan-rape-riviera-12224\",\"sn\":\"\",\"idxP\":58},{\"mq\":\"Fromagerie de l'Isle\",\"nm\":\"Tomme de Grosse-\u00CEle coup\u00E9\",\"nme\":\"Grosse-\u00CEle Tomme Cheese Cut\",\"attr\":\"Produit local\",\"sku\":\"35348\",\"l2\":\"Fromage\",\"sl\":\"tomme-de-grosse-ile-coupe-fromagerie-de-lisle-35348\",\"sn\":\"\",\"idxP\":15},{\"mq\":\"Petit Prince\",\"nm\":\"Fromage de ch\u00E8vre aux herbes de Provence\",\"nme\":\"Herbs from Provence Goat Cheese\",\"attr\":\"Aliment du Qu\u00E9bec, Produit local\",\"sku\":\"28338\",\"l2\":\"Fromage\",\"sl\":\"fromage-de-chevre-aux-herbes-de-provence-petit-prince-28338\",\"sn\":\"fromages\",\"idxP\":27},{\"mq\":\"Petit Prince\",\"nm\":\"Fromage de ch\u00E8vre nature\",\"nme\":\"Plain Goat Cheese\",\"attr\":\"Aliment du Qu\u00E9bec, Produit local\",\"sku\":\"28337\",\"l2\":\"Fromage\",\"sl\":\"fromage-de-chevre-nature-petit-prince-28337\",\"sn\":\"fromages\",\"idxP\":34},{\"mq\":\"Petit Prince\",\"nm\":\"Fromage de ch\u00E8vre \u00E0 la ciboulette\",\"nme\":\"Goat Cheese with Chives\",\"attr\":\"Aliment du Qu\u00E9bec, Produit local\",\"sku\":\"28339\",\"l2\":\"Fromage\",\"sl\":\"fromage-de-chevre-a-la-ciboulette-petit-prince-28339\",\"sn\":\"fromages\",\"idxP\":26},{\"mq\":\"Fromagerie du vieux St-Fran\u00E7ois\",\"nm\":\"Cheddar ch\u00E8vre au poivre rose\",\"nme\":\"Pink Pepper Goat Cheddar Cheese\",\"attr\":\"Aliment du Qu\u00E9bec, Produit local\",\"sku\":\"28361\",\"l2\":\"Fromage\",\"sl\":\"cheddar-chevre-au-poivre-rose-fromagerie-du-vieux-st-francois-28361\",\"sn\":\"\",\"idxP\":26},{\"mq\":\"Carignan-Sali\u00E8res\",\"nm\":\"Fromage Carignan coup\u00E9\",\"nme\":\"Carignan Cheese Cut\",\"attr\":\"Biologique\",\"sku\":\"24677\",\"l2\":\"Fromage\",\"sl\":\"fromage-carignan-coupe-carignan-salieres-24677\",\"sn\":\"biologique, bio, organic, organique, fromages\",\"idxP\":16},{\"mq\":\"Fromagerie du vieux St-Fran\u00E7ois\",\"nm\":\"Cheddar ch\u00E8vre nature\",\"nme\":\"Goat Cheddar Cheese\",\"attr\":\"Aliment du Qu\u00E9bec, Produit local\",\"sku\":\"28360\",\"l2\":\"Fromage\",\"sl\":\"cheddar-chevre-nature-fromagerie-du-vieux-st-francois-28360\",\"sn\":\"\",\"idxP\":40},{\"mq\":\"Fritz Kaiser\",\"nm\":\"Saint-Paulin coup\u00E9\",\"nme\":\"St Paulin Cheese Cut\",\"attr\":\"Aliment du Qu\u00E9bec, Produit local\",\"sku\":\"29707\",\"l2\":\"Fromage\",\"sl\":\"saint-paulin-coupe-fritz-kaiser-29707\",\"sn\":\"\",\"idxP\":19},{\"mq\":\"Pied de Vent\",\"nm\":\"Fromage \u00E0 p\u00E2te semi-ferme coup\u00E9\",\"nme\":\"Mid Firm Ripened Cheese Cut\",\"attr\":\"Aliment du Qu\u00E9bec, Produit local\",\"sku\":\"09953\",\"l2\":\"Fromage\",\"sl\":\"fromage-a-pate-semi-ferme-coupe-pied-de-vent-09953\",\"sn\":\"\",\"idxP\":34},{\"mq\":\"Grey Owl\",\"nm\":\"Fromage de ch\u00E8vre cendr\u00E9 coup\u00E9\",\"nme\":\"Ash-Coated Goat Cheese Cut\",\"attr\":\"Aliment du Qu\u00E9bec, Produit local\",\"sku\":\"36828\",\"l2\":\"Fromage\",\"sl\":\"fromage-de-chevre-cendre-coupe-grey-owl-36828\",\"sn\":\"fromages\",\"idxP\":24},{\"mq\":\"Alexis de Portneuf\",\"nm\":\"Fromage vacherin coup\u00E9\",\"nme\":\"Vacherin Cheese Cut\",\"attr\":\"Produit local\",\"sku\":\"07819\",\"l2\":\"Fromage\",\"sl\":\"fromage-vacherin-coupe-alexis-de-portneuf-07819\",\"sn\":\"\",\"idxP\":10},{\"mq\":\"Fritz Kaiser\",\"nm\":\"Raclette affin\u00E9e \u00E0 la bi\u00E8re coup\u00E9\",\"nme\":\"Beer Ripened Cheese Cut\",\"attr\":\"Aliment du Qu\u00E9bec, Produit local\",\"sku\":\"36794\",\"l2\":\"Fromage\",\"sl\":\"raclette-affinee-a-la-biere-coupe-fritz-kaiser-36794\",\"sn\":\"\",\"idxP\":24},{\"mq\":\"Pr\u00E9sident\",\"nm\":\"Emmental fran\u00E7ais tranch\u00E9\",\"nme\":\"Sliced French Emmental\",\"attr\":\"\",\"sku\":\"28037\",\"l2\":\"Fromage\",\"sl\":\"emmental-francais-tranche-president-28037\",\"sn\":\"\",\"idxP\":40},{\"mq\":\"Sifor\",\"nm\":\"Crotonese piment rouge coup\u00E9\",\"nme\":\"Red Pepper Crotonese Cheese Cut\",\"attr\":\"\",\"sku\":\"07811\",\"l2\":\"Fromage\",\"sl\":\"crotonese-piment-rouge-coupe-sifor-07811\",\"sn\":\"piments\",\"idxP\":8},{\"mq\":\"Emmi\",\"nm\":\"Raclette suisse au poivre tranch\u00E9e\",\"nme\":\"Sliced Swiss Pepper Raclette\",\"attr\":\"\",\"sku\":\"20186\",\"l2\":\"Fromage\",\"sl\":\"raclette-suisse-au-poivre-tranchee-emmi-20186\",\"sn\":\"\",\"idxP\":11},{\"mq\":\"Old Amsterdam\",\"nm\":\"Fromage Old Amsterdam coup\u00E9\",\"nme\":\"Old Amsterdam Cheese Cut\",\"attr\":\"Aliment du Qu\u00E9bec, Produit local\",\"sku\":\"35045\",\"l2\":\"Fromage\",\"sl\":\"fromage-old-amsterdam-coupe-old-amsterdam-35045\",\"sn\":\"fromages\",\"idxP\":27},{\"mq\":\"Fleuron\",\"nm\":\"Fromage bleu coup\u00E9\",\"nme\":\"Blue Cheese Cut\",\"attr\":\"Biologique, Produit local\",\"sku\":\"20006\",\"l2\":\"Fromage\",\"sl\":\"fromage-bleu-coupe-fleuron-20006\",\"sn\":\"biologique, bio, organic, organique\",\"idxP\":13},{\"mq\":\"St-Fid\u00E8le\",\"nm\":\"Fromage suisse canadien coup\u00E9\",\"nme\":\"Canadian Swiss Cheese Cut\",\"attr\":\"\",\"sku\":\"22849\",\"l2\":\"Fromage\",\"sl\":\"fromage-suisse-canadien-coupe-st-fidele-22849\",\"sn\":\"fromages\",\"idxP\":9},{\"mq\":\"Pr\u00E9sident\",\"nm\":\"Fromage bleu Fourme d'Ambert coup\u00E9\",\"nme\":\"Fourme d'Ambert Blue Cheese Cut\",\"attr\":\"\",\"sku\":\"25149\",\"l2\":\"Fromage\",\"sl\":\"fromage-bleu-fourme-dambert-coupe-president-25149\",\"sn\":\"\",\"idxP\":34},{\"mq\":\"Fromagerie du Presbyt\u00E8re\",\"nm\":\"Fromage Louis d'Or coup\u00E9\",\"nme\":\"Louis d'Or Cheese Cut\",\"attr\":\"Produit local\",\"sku\":\"14594\",\"l2\":\"Fromage\",\"sl\":\"fromage-louis-dor-coupe-fromagerie-du-presbytere-14594\",\"sn\":\"fromages\",\"idxP\":43},{\"mq\":\"Castello\",\"nm\":\"Fromage bleu danois extra cr\u00E9meux coup\u00E9\",\"nme\":\"Extra Creamy Danish Blue Cheese Cut\",\"attr\":\"\",\"sku\":\"36383\",\"l2\":\"Fromage\",\"sl\":\"fromage-bleu-danois-extra-cremeux-coupe-castello-36383\",\"sn\":\"fromages\",\"idxP\":19},{\"mq\":\"Saint-Beno\u00EEt-du-Lac\",\"nm\":\"Fromage bleu Ermite coup\u00E9\",\"nme\":\"Ermite blue cheese Cut\",\"attr\":\"Sans gluten, Aliment du Qu\u00E9bec, Sans lactose, Produit local\",\"sku\":\"22280\",\"l2\":\"Fromage\",\"sl\":\"fromage-bleu-ermite-coupe-saint-benoit-du-lac-22280\",\"sn\":\"\",\"idxP\":18},{\"mq\":\"Castello\",\"nm\":\"Fromage bleu danois coup\u00E9\",\"nme\":\"Danish Blue Cheese Cut\",\"attr\":\"\",\"sku\":\"37437\",\"l2\":\"Fromage\",\"sl\":\"fromage-bleu-danois-coupe-castello-37437\",\"sn\":\"fromages\",\"idxP\":77},{\"mq\":\"Alexis de Portneuf\",\"nm\":\"Vacherin Alexis de Portneuf tranch\u00E9\",\"nme\":\"Sliced Vacherin Cheese\",\"attr\":\"Produit local\",\"sku\":\"07820\",\"l2\":\"Fromage\",\"sl\":\"vacherin-alexis-de-portneuf-tranche-alexis-de-portneuf-07820\",\"sn\":\"\",\"idxP\":11},{\"mq\":\"Fritz Kaiser\",\"nm\":\"Fromage raclette canadienne tranch\u00E9e\",\"nme\":\"Sliced Canadian Raclette Cheese\",\"attr\":\"Aliment du Qu\u00E9bec, Produit local\",\"sku\":\"72078\",\"l2\":\"Fromage\",\"sl\":\"fromage-raclette-canadienne-tranchee-fritz-kaiser-72078\",\"sn\":\"\",\"idxP\":19},{\"mq\":\"Arla\",\"nm\":\"Piave Vecchio coup\u00E9\",\"nme\":\"Piave Vecchio Cheese Cut\",\"attr\":\"\",\"sku\":\"06955\",\"l2\":\"Fromage\",\"sl\":\"piave-vecchio-coupe-arla-06955\",\"sn\":\"\",\"idxP\":6},{\"mq\":\"Auricchio\",\"nm\":\"Provolone italien stravecchio extra \u00E2g\u00E9 coup\u00E9\",\"nme\":\"Cut Extra Old Stravecchio Italian Provolone\",\"attr\":\"\",\"sku\":\"25333\",\"l2\":\"Fromage\",\"sl\":\"provolone-italien-stravecchio-extra-age-coupe-auricchio-25333\",\"sn\":\"\",\"idxP\":22},{\"mq\":\"Alpiland\",\"nm\":\"Fromage emmental autrichien coup\u00E9\",\"nme\":\"Austrian Emmental Cheese Cut\",\"attr\":\"\",\"sku\":\"26836\",\"l2\":\"Fromage\",\"sl\":\"fromage-emmental-autrichien-coupe-alpiland-26836\",\"sn\":\"fromages\",\"idxP\":43},{\"mq\":\"Auricchio\",\"nm\":\"Provolone italien doux coup\u00E9\",\"nme\":\"Cut Mild Italian Provolone\",\"attr\":\"\",\"sku\":\"17929\",\"l2\":\"Fromage\",\"sl\":\"provolone-italien-doux-coupe-auricchio-17929\",\"sn\":\"\",\"idxP\":24},{\"mq\":\"Dofino\",\"nm\":\"Havarti herbes et \u00E9pices coup\u00E9\",\"nme\":\"Herbs and Spices Havarti Cheese Cut\",\"attr\":\"\",\"sku\":\"35273\",\"l2\":\"Fromage\",\"sl\":\"havarti-herbes-et-epices-coupe-dofino-35273\",\"sn\":\"\",\"idxP\":22},{\"mq\":\"Rang 9\",\"nm\":\"Fromage Mamirolle canadien tranch\u00E9\",\"nme\":\"Sliced Canadian Mamirolle Cheese\",\"attr\":\"Sans gluten, Aliment du Qu\u00E9bec, Sans lactose, Produit local\",\"sku\":\"72133\",\"l2\":\"Fromage\",\"sl\":\"fromage-mamirolle-canadien-tranche-rang-9-72133\",\"sn\":\"\",\"idxP\":7},{\"mq\":\"Alexis de Portneuf\",\"nm\":\"Fromage raclette tranch\u00E9\",\"nme\":\"Sliced Raclette Cheese\",\"attr\":\"Produit local\",\"sku\":\"75267\",\"l2\":\"Fromage\",\"sl\":\"fromage-raclette-tranche-alexis-de-portneuf-75267\",\"sn\":\"\",\"idxP\":18},{\"mq\":\"Stella\",\"nm\":\"Fromage Asiago coup\u00E9\",\"nme\":\"Asiago Cheese from United States Cut\",\"attr\":\"\",\"sku\":\"13062\",\"l2\":\"Fromage\",\"sl\":\"fromage-asiago-coupe-stella-13062\",\"sn\":\"fromages\",\"idxP\":19},{\"mq\":\"D'affinois\",\"nm\":\"Fromage de brebis fran\u00E7ais d'Affinois meule\",\"nme\":\"D'Affinois French Sheep Cheese Wheel\",\"attr\":\"\",\"sku\":\"35088\",\"l2\":\"Fromage\",\"sl\":\"fromage-de-brebis-francais-daffinois-meule-daffinois-35088\",\"sn\":\"fromages\",\"idxP\":9},{\"mq\":\"Swiss Knight\",\"nm\":\"Fromage fondu suisse\",\"nme\":\"Swiss Gruyere Cheese\",\"attr\":\"\",\"sku\":\"24546\",\"l2\":\"Fromage\",\"sl\":\"fromage-fondu-suisse-swiss-knight-24546\",\"sn\":\"fromages\",\"idxP\":19},{\"mq\":\"Fromagerie Bergeron\",\"nm\":\"Gouda Le classique fum\u00E9 coup\u00E9\",\"nme\":\"Gouda The classic smoked cut\",\"attr\":\"Aliment du Qu\u00E9bec, Sans lactose, Produit local\",\"sku\":\"07740\",\"l2\":\"Fromage\",\"sl\":\"gouda-le-classique-fume-coupe-fromagerie-bergeron-07740\",\"sn\":\"\",\"idxP\":19}], [{\"mq\":\"L'Anc\u00EAtre\",\"nm\":\"Le Baluchon au lait biologique meule\",\"nme\":\"Organic Milk Le Baluchon Wheel\",\"attr\":\"Sans gluten, Biologique, Sans lactose, Produit local\",\"sku\":\"07771\",\"l2\":\"Fromage\",\"sl\":\"le-baluchon-au-lait-biologique-meule-lancetre-07771\",\"sn\":\"biologique, bio, organic, organique\",\"idxP\":3},{\"mq\":\"Bellavitano\",\"nm\":\"Fromage Merlot coup\u00E9\",\"nme\":\"Merlot Cheese Cut\",\"attr\":\"\",\"sku\":\"23501\",\"l2\":\"Fromage\",\"sl\":\"fromage-merlot-coupe-bellavitano-23501\",\"sn\":\"fromages\",\"idxP\":30},{\"mq\":\"Fromagerie de l'Isle\",\"nm\":\"Fromage Riopelle de l'\u00CEle coup\u00E9\",\"nme\":\"Riopelle de l'\u00CEle Cheese Cut\",\"attr\":\"Aliment du Qu\u00E9bec, Produit local\",\"sku\":\"07782\",\"l2\":\"Fromage\",\"sl\":\"fromage-riopelle-de-lile-coupe-fromagerie-de-lisle-07782\",\"sn\":\"\",\"idxP\":23},{\"mq\":\"D'affinois\",\"nm\":\"Fromage de brebis fran\u00E7ais d'Affinois coup\u00E9\",\"nme\":\"D'Affinois French Sheep Cheese Cut\",\"attr\":\"\",\"sku\":\"35089\",\"l2\":\"Fromage\",\"sl\":\"fromage-de-brebis-francais-daffinois-coupe-daffinois-35089\",\"sn\":\"fromages\",\"idxP\":17},{\"mq\":\"L'Extra\",\"nm\":\"Camembert Canadien coup\u00E9\",\"nme\":\"Canadian Camembert Cheese Cut\",\"attr\":\"\",\"sku\":\"13025\",\"l2\":\"Fromage\",\"sl\":\"camembert-canadien-coupe-lextra-13025\",\"sn\":\"\",\"idxP\":9},{\"mq\":\"Frico\",\"nm\":\"Fromage edam doux boule coup\u00E9\",\"nme\":\"Mild Edam Cheese Cut\",\"attr\":\"\",\"sku\":\"15689\",\"l2\":\"Fromage\",\"sl\":\"fromage-edam-doux-boule-coupe-frico-15689\",\"sn\":\"\",\"idxP\":15},{\"mq\":\"L'Anc\u00EAtre\",\"nm\":\"Le Baluchon au lait coup\u00E9\",\"nme\":\"Le Baluchon Cut\",\"attr\":\"Sans gluten, Biologique, Sans lactose, Produit local\",\"sku\":\"07772\",\"l2\":\"Fromage\",\"sl\":\"le-baluchon-au-lait-coupe-lancetre-07772\",\"sn\":\"biologique, bio, organic, organique\",\"idxP\":8},{\"mq\":\"Switzerland\",\"nm\":\"Gruy\u00E8re coup\u00E9\",\"nme\":\"Gruyere Switzerland Cheese Cut\",\"attr\":\"\",\"sku\":\"13158\",\"l2\":\"Fromage\",\"sl\":\"gruyere-coupe-switzerland-13158\",\"sn\":\"\",\"idxP\":37},{\"mq\":\"Becel\",\"nm\":\"Margarine originale\",\"nme\":\"Original Margarine\",\"attr\":\"\",\"sku\":\"21266\",\"l2\":\"Beurre et margarine\",\"sl\":\"margarine-originale-becel-21266\",\"sn\":\"\",\"idxP\":39},{\"mq\":\"Nuvel\",\"nm\":\"Margarine non hydrog\u00E9n\u00E9e sans gras trans\",\"nme\":\"Trans Fat Free Non Hydro Margarine\",\"attr\":\"\",\"sku\":\"08410\",\"l2\":\"Beurre et margarine\",\"sl\":\"margarine-non-hydrogenee-sans-gras-trans-nuvel-08410\",\"sn\":\"v\u00E9g\u00E9talien\",\"idxP\":29},{\"mq\":\"Salerno\",\"nm\":\"Friulano canadien coup\u00E9\",\"nme\":\"Canadian Friulano Cheese Cut\",\"attr\":\"\",\"sku\":\"13059\",\"l2\":\"Fromage\",\"sl\":\"friulano-canadien-coupe-salerno-13059\",\"sn\":\"\",\"idxP\":11},{\"mq\":\"P'tit Basque\",\"nm\":\"Petit basque brebis coup\u00E9\",\"nme\":\"Small Basque Sheep Cut\",\"attr\":\"\",\"sku\":\"07767\",\"l2\":\"Fromage\",\"sl\":\"petit-basque-brebis-coupe-petit-basque-07767\",\"sn\":\"fromages\",\"idxP\":4},{\"mq\":\"Fritz Kaiser\",\"nm\":\"Fromage Noyan coup\u00E9\",\"nme\":\"Noyan Cheese Cut\",\"attr\":\"Aliment du Qu\u00E9bec, Produit local\",\"sku\":\"29569\",\"l2\":\"Fromage\",\"sl\":\"fromage-noyan-coupe-fritz-kaiser-29569\",\"sn\":\"\",\"idxP\":20},{\"mq\":\"Saint-Beno\u00EEt-du-Lac\",\"nm\":\"Fromage doux \u00E0 p\u00E2te ferme coup\u00E9\",\"nme\":\"Mild Firm Cheese Cut\",\"attr\":\"Sans gluten, Aliment du Qu\u00E9bec, Sans lactose, Produit local\",\"sku\":\"30042\",\"l2\":\"Fromage\",\"sl\":\"fromage-doux-a-pate-ferme-coupe-saint-benoit-du-lac-30042\",\"sn\":\"\",\"idxP\":17},{\"mq\":\"La Station\",\"nm\":\"Fromage au lait cru Alfred Le Fermier coup\u00E9\",\"nme\":\"Raw Milk Alfred Le Fermier Cheese Cut\",\"attr\":\"Biologique, Produit local\",\"sku\":\"07789\",\"l2\":\"Fromage\",\"sl\":\"fromage-au-lait-cru-alfred-le-fermier-coupe-la-station-07789\",\"sn\":\"biologique, bio, organic, organique\",\"idxP\":19},{\"mq\":\"Saint-Beno\u00EEt-du-Lac\",\"nm\":\"Fromage bleu fum\u00E9 coup\u00E9\",\"nme\":\"Smoked Blue Cheese Cut\",\"attr\":\"Sans gluten, Aliment du Qu\u00E9bec, Sans lactose, Produit local\",\"sku\":\"34657\",\"l2\":\"Fromage\",\"sl\":\"fromage-bleu-fume-coupe-saint-benoit-du-lac-34657\",\"sn\":\"\",\"idxP\":14},{\"mq\":\"Bellavitano\",\"nm\":\"Fromage espresso coup\u00E9\",\"nme\":\"Espresso Cheese Cut\",\"attr\":\"\",\"sku\":\"17717\",\"l2\":\"Fromage\",\"sl\":\"fromage-espresso-coupe-bellavitano-17717\",\"sn\":\"\",\"idxP\":40},{\"mq\":\"Riviera\",\"nm\":\"Fromage cheddar marbr\u00E9 bloc coup\u00E9\",\"nme\":\"Mild Marbled Cheddar Block Cut\",\"attr\":\"Sans lactose, Produit local\",\"sku\":\"34352\",\"l2\":\"Fromage\",\"sl\":\"fromage-cheddar-marbre-bloc-coupe-riviera-34352\",\"sn\":\"\",\"idxP\":7},{\"mq\":\"Dofino\",\"nm\":\"Fromage havarti \u00E0 l'ail r\u00F4ti coup\u00E9\",\"nme\":\"Roasted Garlic Havarti Cheese Cut\",\"attr\":\"\",\"sku\":\"35169\",\"l2\":\"Fromage\",\"sl\":\"fromage-havarti-a-lail-roti-coupe-dofino-35169\",\"sn\":\"\",\"idxP\":7},{\"mq\":\"Kenogami\",\"nm\":\"Fromage Kenogami meule\",\"nme\":\"Kenogami Cheese Wheel\",\"attr\":\"Produit local\",\"sku\":\"36807\",\"l2\":\"Fromage\",\"sl\":\"fromage-kenogami-meule-kenogami-36807\",\"sn\":\"fromages\",\"idxP\":2},{\"mq\":\"Dofino\",\"nm\":\"Fromage Havarti Jalapeno coup\u00E9\",\"nme\":\"Jalapeno Havarti Cheese Cut\",\"attr\":\"\",\"sku\":\"35279\",\"l2\":\"Fromage\",\"sl\":\"fromage-havarti-jalapeno-coupe-dofino-35279\",\"sn\":\"\",\"idxP\":19},{\"mq\":\"Kenogami\",\"nm\":\"Fromage Kenogami coup\u00E9\",\"nme\":\"Kenogami Cheese Cut\",\"attr\":\"Produit local\",\"sku\":\"36808\",\"l2\":\"Fromage\",\"sl\":\"fromage-kenogami-coupe-kenogami-36808\",\"sn\":\"fromages\",\"idxP\":6},{\"mq\":\"Switzerland\",\"nm\":\"T\u00EAte de moine coup\u00E9\",\"nme\":\"T\u00EAte de Moine Cut\",\"attr\":\"\",\"sku\":\"34355\",\"l2\":\"Fromage\",\"sl\":\"tete-de-moine-coupe-switzerland-34355\",\"sn\":\"\",\"idxP\":20},{\"mq\":\"Alexis de Portneuf\",\"nm\":\"Fromage La Sauvagine Coup\u00E9\",\"nme\":\"SoftLa Sauvagine Cheese Cut\",\"attr\":\"Produit local\",\"sku\":\"49882\",\"l2\":\"Fromage\",\"sl\":\"fromage-la-sauvagine-coupe-alexis-de-portneuf-49882\",\"sn\":\"\",\"idxP\":11},{\"mq\":\"Auricchio\",\"nm\":\"Provolone italien piccante tranci\",\"nme\":\"Piccante Tranci Italian Provlone\",\"attr\":\"\",\"sku\":\"36497\",\"l2\":\"Fromage\",\"sl\":\"provolone-italien-piccante-tranci-auricchio-36497\",\"sn\":\"fromages\",\"idxP\":1},{\"mq\":\"Fritz Kaiser\",\"nm\":\"Fromage Le douanier coup\u00E9\",\"nme\":\"Douanier Cheese Cut\",\"attr\":\"Aliment du Qu\u00E9bec, Produit local\",\"sku\":\"49967\",\"l2\":\"Fromage\",\"sl\":\"fromage-le-douanier-coupe-fritz-kaiser-49967\",\"sn\":\"\",\"idxP\":22},{\"mq\":\"Saputo\",\"nm\":\"Petit tuma canadien\",\"nme\":\"Small Canadian Tuma\",\"attr\":\"Aliment du Qu\u00E9bec\",\"sku\":\"25914\",\"l2\":\"Fromage\",\"sl\":\"petit-tuma-canadien-saputo-25914\",\"sn\":\"\",\"idxP\":30},{\"mq\":\"Fritz Kaiser\",\"nm\":\"Saint Paulin l\u00E9ger coup\u00E9\",\"nme\":\"Light Saint Paulin Cheese Cut\",\"attr\":\"Aliment du Qu\u00E9bec, Produit local\",\"sku\":\"20145\",\"l2\":\"Fromage\",\"sl\":\"saint-paulin-leger-coupe-fritz-kaiser-20145\",\"sn\":\"\",\"idxP\":13},{\"mq\":\"Saint Henri\",\"nm\":\"Fromage suisse r\u00E2p\u00E9\",\"nme\":\"Shredded Swiss Cheese\",\"attr\":\"\",\"sku\":\"29947\",\"l2\":\"Fromage\",\"sl\":\"fromage-suisse-rape-saint-henri-29947\",\"sn\":\"\",\"idxP\":44},{\"mq\":\"Chevalier\",\"nm\":\"Fromage brie triple cr\u00E8me coup\u00E9\",\"nme\":\"Triple Cream Canadian Brie Cheese Cut\",\"attr\":\"Aliment du Qu\u00E9bec\",\"sku\":\"46464\",\"l2\":\"Fromage\",\"sl\":\"fromage-brie-triple-creme-coupe-chevalier-46464\",\"sn\":\"\",\"idxP\":14},{\"mq\":\"Nouvelle France\",\"nm\":\"Fromage de brebis La Madelaine coup\u00E9\",\"nme\":\"La Madelaine Sheep Milk Soft Cheese Cut\",\"attr\":\"\",\"sku\":\"07716\",\"l2\":\"Fromage\",\"sl\":\"fromage-de-brebis-la-madelaine-coupe-nouvelle-france-07716\",\"sn\":\"fromages\",\"idxP\":7},{\"mq\":\"Bingo\",\"nm\":\"Fromage cheddar extra fort biologique\",\"nme\":\"Organic Extra Old Cheddar Cheese\",\"attr\":\"Biologique, Sans lactose, Produit local\",\"sku\":\"21899\",\"l2\":\"Fromage\",\"sl\":\"fromage-cheddar-extra-fort-biologique-bingo-21899\",\"sn\":\"biologique, bio, organic, organique\",\"idxP\":10},{\"mq\":\"Nouvelle France\",\"nm\":\"Zacharie cloutier lait cru coup\u00E9\",\"nme\":\"Raw Milk Cloutier Zacharie Cut\",\"attr\":\"Produit local\",\"sku\":\"22233\",\"l2\":\"Fromage\",\"sl\":\"zacharie-cloutier-lait-cru-coupe-nouvelle-france-22233\",\"sn\":\"\",\"idxP\":35},{\"mq\":\"Fromagerie de l'Isle\",\"nm\":\"Fromage Cheval noir de l'Isle coup\u00E9\",\"nme\":\"Cheval Noir de l'Isle Cheese Cut\",\"attr\":\"Produit local\",\"sku\":\"25093\",\"l2\":\"Fromage\",\"sl\":\"fromage-cheval-noir-de-lisle-coupe-fromagerie-de-lisle-25093\",\"sn\":\"\",\"idxP\":15},{\"mq\":\"Gr\u00E9 des Champs\",\"nm\":\"Gr\u00E9 des champs lait cru coup\u00E9\",\"nme\":\"Gre des Champs Cut\",\"attr\":\"Aliment du Qu\u00E9bec, Produit local\",\"sku\":\"20001\",\"l2\":\"Fromage\",\"sl\":\"gre-des-champs-lait-cru-coupe-gre-des-champs-20001\",\"sn\":\"fromages\",\"idxP\":22},{\"mq\":\"Fromagerie de l'Isle\",\"nm\":\"Fromage Cur\u00E9 Quertier de l'Isle Coup\u00E9\",\"nme\":\"Cur\u00E9 Quertier de l'Isle Cheese Wheel Cut\",\"attr\":\"Produit local\",\"sku\":\"25095\",\"l2\":\"Fromage\",\"sl\":\"fromage-cure-quertier-de-lisle-coupe-fromagerie-de-lisle-25095\",\"sn\":\"\",\"idxP\":10},{\"mq\":\"Thibault\",\"nm\":\"Margarine sans sel Arc en Ciel\",\"nme\":\"Unsalted Arc en Ciel Margarine\",\"attr\":\"\",\"sku\":\"49482\",\"l2\":\"Beurre et margarine\",\"sl\":\"margarine-sans-sel-arc-en-ciel-thibault-49482\",\"sn\":\"\",\"idxP\":23},{\"mq\":\"Magie de madawa\",\"nm\":\"Fromage \u00E0 p\u00E2te molle coup\u00E9\",\"nme\":\"Soft Paste Cheese Cut\",\"attr\":\"\",\"sku\":\"24310\",\"l2\":\"Fromage\",\"sl\":\"fromage-a-pate-molle-coupe-magie-de-madawa-24310\",\"sn\":\"fromages\",\"idxP\":16},{\"mq\":\"Le Pont Tournant\",\"nm\":\"Fromage \u00E0 p\u00E2te molle et \u00E0 cro\u00FBte fleurie coup\u00E9\",\"nme\":\"Soft Cheese with White Soft Rind Cut\",\"attr\":\"Produit local\",\"sku\":\"24418\",\"l2\":\"Fromage\",\"sl\":\"fromage-a-pate-molle-et-a-croute-fleurie-coupe-le-pont-tournant-24418\",\"sn\":\"\",\"idxP\":17},{\"mq\":\"Dofino\",\"nm\":\"Havarti cr\u00E9meux coup\u00E9\",\"nme\":\"Creamy Havarti Cheese Cut\",\"attr\":\"\",\"sku\":\"35161\",\"l2\":\"Fromage\",\"sl\":\"havarti-cremeux-coupe-dofino-35161\",\"sn\":\"\",\"idxP\":13},{\"mq\":\"Tre Stelle\",\"nm\":\"Ricotta l\u00E9ger\",\"nme\":\"Light Ricotta\",\"attr\":\"\",\"sku\":\"09220\",\"l2\":\"Fromage\",\"sl\":\"ricotta-leger-tre-stelle-09220\",\"sn\":\"\",\"idxP\":30},{\"mq\":\"Fritz Kaiser\",\"nm\":\"Fromage la mascotte coup\u00E9\",\"nme\":\"La Mascotte Cheese Cut\",\"attr\":\"Aliment du Qu\u00E9bec, Produit local\",\"sku\":\"37238\",\"l2\":\"Fromage\",\"sl\":\"fromage-la-mascotte-coupe-fritz-kaiser-37238\",\"sn\":\"\",\"idxP\":15},{\"mq\":\"Grand cheddar\",\"nm\":\"Cheddar 5 ans d'\u00E2ge\",\"nme\":\"5-Year Aged Cheddar\",\"attr\":\"\",\"sku\":\"28884\",\"l2\":\"Fromage\",\"sl\":\"cheddar-5-ans-dage-grand-cheddar-28884\",\"sn\":\"\",\"idxP\":30},{\"mq\":\"Tre Stelle\",\"nm\":\"Cheddar fum\u00E9 coup\u00E9\",\"nme\":\"Smoked Cheddar Cheese Cut\",\"attr\":\"\",\"sku\":\"37272\",\"l2\":\"Fromage\",\"sl\":\"cheddar-fume-coupe-tre-stelle-37272\",\"sn\":\"\",\"idxP\":19},{\"mq\":\"Laiterie Charlevoix\",\"nm\":\"L'Origine de Charlevoix meule\",\"nme\":\"L'Origine de Charlevoix Wheel\",\"attr\":\"Produit local\",\"sku\":\"37488\",\"l2\":\"Fromage\",\"sl\":\"lorigine-de-charlevoix-meule-laiterie-charlevoix-37488\",\"sn\":\"\",\"idxP\":24},{\"mq\":\"Le Noble\",\"nm\":\"Fromage cr\u00E9meux coup\u00E9\",\"nme\":\"Soft Cheese Cut\",\"attr\":\"Aliment du Qu\u00E9bec, Produit local\",\"sku\":\"37240\",\"l2\":\"Fromage\",\"sl\":\"fromage-cremeux-coupe-le-noble-37240\",\"sn\":\"fromages\",\"idxP\":24},{\"mq\":\"Promar\",\"nm\":\"Margarine croissant non hydrog\u00E9n\u00E9\",\"nme\":\"Non Hygrogen Croissant Margarine\",\"attr\":\"\",\"sku\":\"41793\",\"l2\":\"Beurre et margarine\",\"sl\":\"margarine-croissant-non-hydrogene-promar-41793\",\"sn\":\"\",\"idxP\":21},{\"mq\":\"Bon Alpi\",\"nm\":\"Edam autrichien coup\u00E9\",\"nme\":\"Austrian Edam Cheese Cut\",\"attr\":\"\",\"sku\":\"26360\",\"l2\":\"Fromage\",\"sl\":\"edam-autrichien-coupe-bon-alpi-26360\",\"sn\":\"\",\"idxP\":13},{\"mq\":\"Tre Stelle\",\"nm\":\"Haloomi\",\"nme\":\"Haloomi\",\"attr\":\"\",\"sku\":\"28885\",\"l2\":\"Fromage\",\"sl\":\"haloomi-tre-stelle-28885\",\"sn\":\"\",\"idxP\":18},{\"mq\":\"14 Arpents\",\"nm\":\"Fromage fermier 14 Arpents coup\u00E9\",\"nme\":\"14 Arpents Farm Cheese Cut\",\"attr\":\"\",\"sku\":\"36777\",\"l2\":\"Fromage\",\"sl\":\"fromage-fermier-14-arpents-coupe-14-arpents-36777\",\"sn\":\"fromages\",\"idxP\":19},{\"mq\":\"Galbani\",\"nm\":\"Parmesan r\u00E2p\u00E9 100% 250g\",\"nme\":\"Grated Cheese 100%\",\"attr\":\"\",\"sku\":\"28988\",\"l2\":\"Fromage\",\"sl\":\"parmesan-rape-100-250g-galbani-28988\",\"sn\":\"\",\"idxP\":47},{\"mq\":\"Golosini\",\"nm\":\"Fromage romano r\u00E2p\u00E9 60%\",\"nme\":\"Shredded 60% Romano Cheese\",\"attr\":\"\",\"sku\":\"29463\",\"l2\":\"Fromage\",\"sl\":\"fromage-romano-rape-60-golosini-29463\",\"sn\":\"\",\"idxP\":43},{\"mq\":\"Tre Stelle\",\"nm\":\"Parmesan r\u00E2p\u00E9\",\"nme\":\"Shredded Parmesan\",\"attr\":\"\",\"sku\":\"29824\",\"l2\":\"Fromage\",\"sl\":\"parmesan-rape-tre-stelle-29824\",\"sn\":\"\",\"idxP\":27},{\"mq\":\"Auricchio\",\"nm\":\"Provolone italien piccante tranci coup\u00E9\",\"nme\":\"Cut Piccante Tranci Italian Provolone\",\"attr\":\"\",\"sku\":\"36498\",\"l2\":\"Fromage\",\"sl\":\"provolone-italien-piccante-tranci-coupe-auricchio-36498\",\"sn\":\"fromages\",\"idxP\":14},{\"mq\":\"Tre Stelle\",\"nm\":\"Parmesan p\u00E9tales\",\"nme\":\"Parmesan petals\",\"attr\":\"\",\"sku\":\"29825\",\"l2\":\"Fromage\",\"sl\":\"parmesan-petales-tre-stelle-29825\",\"sn\":\"croustille\",\"idxP\":47},{\"mq\":\"Missiska\",\"nm\":\"Fromage \u00E0 p\u00E2te molle Jersey Royal\",\"nme\":\"Soft cheese Jersey Royal\",\"attr\":\"Produit local\",\"sku\":\"29388\",\"l2\":\"Fromage\",\"sl\":\"fromage-a-pate-molle-jersey-royal-missiska-29388\",\"sn\":\"fromages\",\"idxP\":4},{\"mq\":\"Tre Stelle\",\"nm\":\"Mozzarella 25% en boule\",\"nme\":\"25% Mozzarella Ball\",\"attr\":\"\",\"sku\":\"29829\",\"l2\":\"Fromage\",\"sl\":\"mozzarella-25-en-boule-tre-stelle-29829\",\"sn\":\"\",\"idxP\":51},{\"mq\":\"Le B\u00E9douin\",\"nm\":\"Fromage haloumi\",\"nme\":\"Haloumi Cheese\",\"attr\":\"Produit local\",\"sku\":\"11014\",\"l2\":\"Fromage\",\"sl\":\"fromage-haloumi-le-bedouin-11014\",\"sn\":\"fromages\",\"idxP\":45},{\"mq\":\"Galbani\",\"nm\":\"Fromage provolone\",\"nme\":\"Provolone Cheese\",\"attr\":\"\",\"sku\":\"31082\",\"l2\":\"Fromage\",\"sl\":\"fromage-provolone-galbani-31082\",\"sn\":\"\",\"idxP\":22},{\"mq\":\"L'INSPIR\u00C9\",\"nm\":\"Fromage L'Inspir\u00E9\",\"nme\":\"L'Inspir\u00E9 Cheese\",\"attr\":\"Produit local\",\"sku\":\"31086\",\"l2\":\"Fromage\",\"sl\":\"fromage-linspire-linspire-31086\",\"sn\":\"\",\"idxP\":14},{\"mq\":\"Riviera\",\"nm\":\"D\u00E9lice v\u00E9g\u00E9tal lait coco mangue et fruit passion\",\"nme\":\"Coconut Milk Vegan Delight Mango Passion Fruit\",\"attr\":\"\",\"sku\":\"31182\",\"l2\":\"Yogourt\",\"sl\":\"delice-vegetal-lait-coco-mangue-et-fruit-passion-riviera-31182\",\"sn\":\"v\u00E9g\u00E9talien, mangues\",\"idxP\":5},{\"mq\":\"Paysan Breton\",\"nm\":\"Fromage fouett\u00E9 frais nature Mme Loik\",\"nme\":\"Fresh natural whipped cheese Mme Loik\",\"attr\":\"\",\"sku\":\"31385\",\"l2\":\"Fromage\",\"sl\":\"fromage-fouette-frais-nature-mme-loik-paysan-breton-31385\",\"sn\":\"fromages\",\"idxP\":17},{\"mq\":\"Paysan Breton\",\"nm\":\"Fromage fouett\u00E9 ail et fines herbes Mme Loik\",\"nme\":\"Garlic & herbs whipped cheese Mme Loik\",\"attr\":\"\",\"sku\":\"31383\",\"l2\":\"Fromage\",\"sl\":\"fromage-fouette-ail-et-fines-herbes-mme-loik-paysan-breton-31383\",\"sn\":\"fromages\",\"idxP\":8},{\"mq\":\"Pr\u00E9sident\",\"nm\":\"Fromage \u00E0 tartiner Rondel\u00E9 noix de dordogne\",\"nme\":\"Rondel\u00E9 Nuts Spread Cheese\",\"attr\":\"\",\"sku\":\"31386\",\"l2\":\"Fromage\",\"sl\":\"fromage-a-tartiner-rondele-noix-de-dordogne-president-31386\",\"sn\":\"fromages\",\"idxP\":78},{\"mq\":\"Riviera\",\"nm\":\"D\u00E9lice v\u00E9g\u00E9tal au lait de coco nature\",\"nme\":\"Coconut Milk Vegan Delight Plain\",\"attr\":\"\",\"sku\":\"31116\",\"l2\":\"Yogourt\",\"sl\":\"delice-vegetal-au-lait-de-coco-nature-riviera-31116\",\"sn\":\"v\u00E9g\u00E9talien\",\"idxP\":20},{\"mq\":\"Riviera\",\"nm\":\"D\u00E9lice v\u00E9g\u00E9tal au lait de coco vanille\",\"nme\":\"Coconut Milk Vegan Delight Vanilla\",\"attr\":\"\",\"sku\":\"31117\",\"l2\":\"Yogourt\",\"sl\":\"delice-vegetal-au-lait-de-coco-vanille-riviera-31117\",\"sn\":\"v\u00E9g\u00E9talien\",\"idxP\":19},{\"mq\":\"Riviera\",\"nm\":\"K\u00E9fir v\u00E9g\u00E9talien nature\",\"nme\":\"Vegan Plain Kefir\",\"attr\":\"\",\"sku\":\"31113\",\"l2\":\"Yogourt\",\"sl\":\"kefir-vegetalien-nature-riviera-31113\",\"sn\":\"v\u00E9g\u00E9talien\",\"idxP\":17},{\"mq\":\"Riviera\",\"nm\":\"D\u00E9lice v\u00E9g\u00E9tal au lait de coco framboise et cassis\",\"nme\":\"Coconut Milk Vegan Delight Rasp. & Blackcurrant\",\"attr\":\"\",\"sku\":\"31127\",\"l2\":\"Yogourt\",\"sl\":\"delice-vegetal-au-lait-de-coco-framboise-et-cassis-riviera-31127\",\"sn\":\"v\u00E9g\u00E9talien, framboises\",\"idxP\":4},{\"mq\":\"Riviera\",\"nm\":\"D\u00E9lice v\u00E9g\u00E9tal au lait de coco ananas et coco\",\"nme\":\"Coconut Milk Vegan Delight Pineapple & Coconut\",\"attr\":\"\",\"sku\":\"31119\",\"l2\":\"Yogourt\",\"sl\":\"delice-vegetal-au-lait-de-coco-ananas-et-coco-riviera-31119\",\"sn\":\"apples, v\u00E9g\u00E9talien, ananas\",\"idxP\":4},{\"mq\":\"Riviera\",\"nm\":\"D\u00E9lice v\u00E9g\u00E9tal au lait de coco citron\",\"nme\":\"Coconut Milk Vegan Delight Lemon\",\"attr\":\"\",\"sku\":\"31128\",\"l2\":\"Yogourt\",\"sl\":\"delice-vegetal-au-lait-de-coco-citron-riviera-31128\",\"sn\":\"v\u00E9g\u00E9talien, citrons\",\"idxP\":4},{\"mq\":\"Pr\u00E9sident\",\"nm\":\"Fromage \u00E0 tartiner Rondel\u00E9 ail & fines herbes\",\"nme\":\"Rondel\u00E9 Herb sand Garlic Cheese Spread\",\"attr\":\"\",\"sku\":\"31387\",\"l2\":\"Fromage\",\"sl\":\"fromage-a-tartiner-rondele-ail-fines-herbes-president-31387\",\"sn\":\"fromages\",\"idxP\":77},{\"mq\":\"Riviera\",\"nm\":\"K\u00E9fir v\u00E9g\u00E9talien \u00E0 la vanille\",\"nme\":\"Vanilla vegan kefir\",\"attr\":\"\",\"sku\":\"31114\",\"l2\":\"Yogourt\",\"sl\":\"kefir-vegetalien-a-la-vanille-riviera-31114\",\"sn\":\"v\u00E9g\u00E9talien\",\"idxP\":15},{\"mq\":\"Riviera\",\"nm\":\"K\u00E9fir v\u00E9g\u00E9talien \u00E0 la framboise\",\"nme\":\"Raspberry vegan kefir\",\"attr\":\"\",\"sku\":\"31115\",\"l2\":\"Yogourt\",\"sl\":\"kefir-vegetalien-a-la-framboise-riviera-31115\",\"sn\":\"v\u00E9g\u00E9talien, framboises\",\"idxP\":16},{\"mq\":\"Riviera\",\"nm\":\"D\u00E9lice v\u00E9g\u00E9tal au lait de coco cerise\",\"nme\":\"Coconut Milk Vegan Delight Cherry\",\"attr\":\"\",\"sku\":\"31118\",\"l2\":\"Yogourt\",\"sl\":\"delice-vegetal-au-lait-de-coco-cerise-riviera-31118\",\"sn\":\"v\u00E9g\u00E9talien\",\"idxP\":4},{\"mq\":\"Natrel\",\"nm\":\"Lait 2% biologique\",\"nme\":\"2% Organic Milk\",\"attr\":\"\",\"sku\":\"31521\",\"l2\":\"Lait\",\"sl\":\"lait-2-biologique-natrel-31521\",\"sn\":\"biologique, bio, organic, organique\",\"idxP\":70},{\"mq\":\"Natrel\",\"nm\":\"Lait biologique 3,8%\",\"nme\":\"3.8% Organic Milk\",\"attr\":\"Biologique\",\"sku\":\"31520\",\"l2\":\"Lait\",\"sl\":\"lait-biologique-38-natrel-31520\",\"sn\":\"biologique, bio, organic, organique\",\"idxP\":69},{\"mq\":\"Le B\u00E9douin\",\"nm\":\"Fromage haloumi coup\u00E9\",\"nme\":\"Cut Haloumi Cheese\",\"attr\":\"\",\"sku\":\"11016\",\"l2\":\"Fromage\",\"sl\":\"fromage-haloumi-coupe-le-bedouin-11016\",\"sn\":\"fromages\",\"idxP\":7},{\"mq\":\"Qu\u00E9bon\",\"nm\":\"Cr\u00E8me champ\u00EAtre 15%\",\"nme\":\"15% Country Style Cream\",\"attr\":\"\",\"sku\":\"31482\",\"l2\":\"Cr\u00E8me\",\"sl\":\"creme-champetre-15-quebon-31482\",\"sn\":\"\",\"idxP\":100},{\"mq\":\"Natrel\",\"nm\":\"Cr\u00E9mette 10%\",\"nme\":\"10% Creamer\",\"attr\":\"\",\"sku\":\"31480\",\"l2\":\"Cr\u00E8me\",\"sl\":\"cremette-10-natrel-31480\",\"sn\":\"\",\"idxP\":100},{\"mq\":\"Qu\u00E9bon\",\"nm\":\"Cr\u00E8me de table 15% 473 ml\",\"nme\":\"15% Table Cream 473 ml\",\"attr\":\"\",\"sku\":\"31483\",\"l2\":\"Cr\u00E8me\",\"sl\":\"creme-de-table-15-473-ml-quebon-31483\",\"sn\":\"\",\"idxP\":45},{\"mq\":\"Natrel\",\"nm\":\"Lait 1% finement filtr\u00E9\",\"nme\":\"1% fine filtered milk\",\"attr\":\"\",\"sku\":\"31491\",\"l2\":\"Lait\",\"sl\":\"lait-1-finement-filtre-natrel-31491\",\"sn\":\"\",\"idxP\":89},{\"mq\":\"Qu\u00E9bon\",\"nm\":\"Lait \u00E9cr\u00E9m\u00E9 0%\",\"nme\":\"0% Skim Milk\",\"attr\":\"Produit local\",\"sku\":\"31516\",\"l2\":\"Lait\",\"sl\":\"lait-ecreme-0-quebon-31516\",\"sn\":\"\",\"idxP\":44},{\"mq\":\"Natrel\",\"nm\":\"Lait 1% biologique PurFiltre\",\"nme\":\"1% Organic Milk PurFiltre\",\"attr\":\"Biologique, Produit local\",\"sku\":\"31522\",\"l2\":\"Lait\",\"sl\":\"lait-1-biologique-purfiltre-natrel-31522\",\"sn\":\"biologique, bio, organic, organique\",\"idxP\":19},{\"mq\":\"Natrel\",\"nm\":\"Cr\u00E8me 10% sans lactose\",\"nme\":\"Lactose Free 10% Cream\",\"attr\":\"Sans lactose\",\"sku\":\"31485\",\"l2\":\"Cr\u00E8me\",\"sl\":\"creme-10-sans-lactose-natrel-31485\",\"sn\":\"\",\"idxP\":56},{\"mq\":\"Natrel\",\"nm\":\"Lait 2% finement filtr\u00E9\",\"nme\":\"Fine filtered milk 2%\",\"attr\":\"\",\"sku\":\"31489\",\"l2\":\"Lait\",\"sl\":\"lait-2-finement-filtre-natrel-31489\",\"sn\":\"\",\"idxP\":81},{\"mq\":\"Natrel\",\"nm\":\"M\u00E9lange \u00E0 cr\u00E8me glac\u00E9e au chocolat\",\"nme\":\"Chocolate Ice Cream Mix\",\"attr\":\"\",\"sku\":\"31548\",\"l2\":\"Cr\u00E8me\",\"sl\":\"melange-a-creme-glacee-au-chocolat-natrel-31548\",\"sn\":\"\",\"idxP\":46},{\"mq\":\"Qu\u00E9bon\",\"nm\":\"Cr\u00E8me \u00E0 fouetter 35%\",\"nme\":\"35% Whipping Cream\",\"attr\":\"\",\"sku\":\"31484\",\"l2\":\"Cr\u00E8me\",\"sl\":\"creme-a-fouetter-35-quebon-31484\",\"sn\":\"\",\"idxP\":82},{\"mq\":\"Qu\u00E9bon\",\"nm\":\"Lait \u00E9cr\u00E9m\u00E9 0%\",\"nme\":\"0% Skim Milk\",\"attr\":\"\",\"sku\":\"31515\",\"l2\":\"Lait\",\"sl\":\"lait-ecreme-0-quebon-31515\",\"sn\":\"\",\"idxP\":14},{\"mq\":\"Qu\u00E9bon\",\"nm\":\"Lait 1%\",\"nme\":\"1% Milk\",\"attr\":\"Produit local\",\"sku\":\"31523\",\"l2\":\"Lait\",\"sl\":\"lait-1-quebon-31523\",\"sn\":\"\",\"idxP\":70},{\"mq\":\"Sealtest\",\"nm\":\"Fromage cottage 1%\",\"nme\":\"Cottage Cheese 1%\",\"attr\":\"\",\"sku\":\"31527\",\"l2\":\"Fromage\",\"sl\":\"fromage-cottage-1-sealtest-31527\",\"sn\":\"fromages\",\"idxP\":65},{\"mq\":\"Oikos\",\"nm\":\"Yogourt grec fraise-framboise 0%\",\"nme\":\"Strawberry-raspberry greek yogurt 0%\",\"attr\":\"\",\"sku\":\"31576\",\"l2\":\"Yogourt\",\"sl\":\"yogourt-grec-fraise-framboise-0-oikos-31576\",\"sn\":\"fraises, framboises\",\"idxP\":31},{\"mq\":\"Natrel\",\"nm\":\"Lait \u00E9cr\u00E9m\u00E9 0% finement filtr\u00E9\",\"nme\":\"0% fine filtered skim milk\",\"attr\":\"\",\"sku\":\"31493\",\"l2\":\"Lait\",\"sl\":\"lait-ecreme-0-finement-filtre-natrel-31493\",\"sn\":\"\",\"idxP\":29},{\"mq\":\"Natrel\",\"nm\":\"Cr\u00E9mette 2%\",\"nme\":\"2% Creamer\",\"attr\":\"\",\"sku\":\"31524\",\"l2\":\"Cr\u00E8me\",\"sl\":\"cremette-2-natrel-31524\",\"sn\":\"\",\"idxP\":100},{\"mq\":\"Qu\u00E9bon\",\"nm\":\"Lait 3.25%\",\"nme\":\"3.25% Milk\",\"attr\":\"Produit local\",\"sku\":\"31525\",\"l2\":\"Lait\",\"sl\":\"lait-3.25-quebon-31525\",\"sn\":\"\",\"idxP\":100},{\"mq\":\"Qu\u00E9bon\",\"nm\":\"Lait au chocolat\",\"nme\":\"Chocolate milk\",\"attr\":\"\",\"sku\":\"31517\",\"l2\":\"Lait\",\"sl\":\"lait-au-chocolat-quebon-31517\",\"sn\":\"\",\"idxP\":55},{\"mq\":\"Natrel\",\"nm\":\"Cr\u00E8me 35% sans lactose\",\"nme\":\"Lactose Free 35% Cream\",\"attr\":\"Sans lactose\",\"sku\":\"31488\",\"l2\":\"Cr\u00E8me\",\"sl\":\"creme-35-sans-lactose-natrel-31488\",\"sn\":\"\",\"idxP\":67},{\"mq\":\"Natrel\",\"nm\":\"Lait 1% finement filtr\u00E9\",\"nme\":\"1% fine filtered milk\",\"attr\":\"\",\"sku\":\"31490\",\"l2\":\"Lait\",\"sl\":\"lait-1-finement-filtre-natrel-31490\",\"sn\":\"\",\"idxP\":31},{\"mq\":\"Natrel\",\"nm\":\"Lait 2% sans lactose\",\"nme\":\"Lactose Free 2% Milk\",\"attr\":\"Sans lactose, Produit local\",\"sku\":\"31519\",\"l2\":\"Lait\",\"sl\":\"lait-2-sans-lactose-natrel-31519\",\"sn\":\"\",\"idxP\":53},{\"mq\":\"Natrel\",\"nm\":\"Lait \u00E9cr\u00E9m\u00E9 0% finement filtr\u00E9\",\"nme\":\"0% fine filtered skim milk\",\"attr\":\"\",\"sku\":\"31492\",\"l2\":\"Lait\",\"sl\":\"lait-ecreme-0-finement-filtre-natrel-31492\",\"sn\":\"\",\"idxP\":9},{\"mq\":\"Cracker Barrel\",\"nm\":\"Fromage parmesan r\u00E2p\u00E9\",\"nme\":\"Shredded Parmesan Cheese\",\"attr\":\"\",\"sku\":\"31550\",\"l2\":\"Fromage\",\"sl\":\"fromage-parmesan-rape-cracker-barrel-31550\",\"sn\":\"fromages\",\"idxP\":47},{\"mq\":\"Natrel\",\"nm\":\"M\u00E9lange \u00E0 cr\u00E8me glac\u00E9e vanille\",\"nme\":\"Vanilla Ice Cream Mix\",\"attr\":\"\",\"sku\":\"31528\",\"l2\":\"Cr\u00E8me\",\"sl\":\"melange-a-creme-glacee-vanille-natrel-31528\",\"sn\":\"\",\"idxP\":89},{\"mq\":\"Qu\u00E9bon\",\"nm\":\"Cr\u00E8me \u00E0 caf\u00E9 10%\",\"nme\":\"10% Coffee Cream\",\"attr\":\"\",\"sku\":\"31153\",\"l2\":\"Cr\u00E8me\",\"sl\":\"creme-a-cafe-10-quebon-31153\",\"sn\":\"\",\"idxP\":100},{\"mq\":\"Qu\u00E9bon\",\"nm\":\"Lait au chocolat 1%\",\"nme\":\"1% chocolate milk\",\"attr\":\"\",\"sku\":\"31264\",\"l2\":\"Lait\",\"sl\":\"lait-au-chocolat-1-quebon-31264\",\"sn\":\"\",\"idxP\":85},{\"mq\":\"Qu\u00E9bon\",\"nm\":\"Lait 2%\",\"nme\":\"2% Milk\",\"attr\":\"Produit local\",\"sku\":\"31502\",\"l2\":\"Lait\",\"sl\":\"lait-2-quebon-31502\",\"sn\":\"\",\"idxP\":100},{\"mq\":\"Qu\u00E9bon\",\"nm\":\"Lait 1%\",\"nme\":\"1% Milk\",\"attr\":\"Produit local\",\"sku\":\"31504\",\"l2\":\"Lait\",\"sl\":\"lait-1-quebon-31504\",\"sn\":\"\",\"idxP\":82},{\"mq\":\"Oikos\",\"nm\":\"Yogourt grec lime-citron 0%\",\"nme\":\"Zesty lemon-lime greek yogurt 0%\",\"attr\":\"\",\"sku\":\"31575\",\"l2\":\"Yogourt\",\"sl\":\"yogourt-grec-lime-citron-0-oikos-31575\",\"sn\":\"citrons\",\"idxP\":26},{\"mq\":\"Qu\u00E9bon\",\"nm\":\"Lait 3,25%\",\"nme\":\"3.25% Milk\",\"attr\":\"Produit local\",\"sku\":\"31501\",\"l2\":\"Lait\",\"sl\":\"lait-325-quebon-31501\",\"sn\":\"\",\"idxP\":100},{\"mq\":\"Cracker Barrel\",\"nm\":\"Cheddar doux&Monterey Jack r\u00E2p\u00E9\",\"nme\":\"Shredded mild cheddar&Monterey Jack\",\"attr\":\"\",\"sku\":\"31553\",\"l2\":\"Fromage\",\"sl\":\"cheddar-douxmonterey-jack-rape-cracker-barrel-31553\",\"sn\":\"\",\"idxP\":28},{\"mq\":\"Black Diamond\",\"nm\":\"Cheddar jaune moulu\",\"nme\":\"Ground Yellow Cheddar\",\"attr\":\"\",\"sku\":\"31551\",\"l2\":\"Fromage\",\"sl\":\"cheddar-jaune-moulu-black-diamond-31551\",\"sn\":\"\",\"idxP\":6},{\"mq\":\"Qu\u00E9bon\",\"nm\":\"Lait 2%\",\"nme\":\"2% Milk\",\"attr\":\"Produit local\",\"sku\":\"31503\",\"l2\":\"Lait\",\"sl\":\"lait-2-quebon-31503\",\"sn\":\"\",\"idxP\":100},{\"mq\":\"Qu\u00E9bon\",\"nm\":\"Cr\u00E8me \u00E0 cuisson 35%\",\"nme\":\"35% Cooking Cream\",\"attr\":\"Produit local\",\"sku\":\"31263\",\"l2\":\"Cr\u00E8me\",\"sl\":\"creme-a-cuisson-35-quebon-31263\",\"sn\":\"\",\"idxP\":100},{\"mq\":\"Qu\u00E9bon\",\"nm\":\"Lait babeurre\",\"nme\":\"Buttermilk\",\"attr\":\"\",\"sku\":\"31495\",\"l2\":\"Lait\",\"sl\":\"lait-babeurre-quebon-31495\",\"sn\":\"\",\"idxP\":78},{\"mq\":\"Oikos\",\"nm\":\"Yogourt grec nature 0%\",\"nme\":\"Plain greek yogurt\",\"attr\":\"\",\"sku\":\"17872\",\"l2\":\"Yogourt\",\"sl\":\"yogourt-grec-nature-0-oikos-17872\",\"sn\":\"\",\"idxP\":83},{\"mq\":\"Sealtest\",\"nm\":\"Fromage cottage 2%\",\"nme\":\"Cottage Cheese 2%\",\"attr\":\"\",\"sku\":\"31075\",\"l2\":\"Fromage\",\"sl\":\"fromage-cottage-2-sealtest-31075\",\"sn\":\"fromages\",\"idxP\":67},{\"mq\":\"Sealtest\",\"nm\":\"Cr\u00E8me sure 14%\",\"nme\":\"14% Sour Cream\",\"attr\":\"Aliment du Qu\u00E9bec, Produit local\",\"sku\":\"30993\",\"l2\":\"Cr\u00E8me\",\"sl\":\"creme-sure-14-sealtest-30993\",\"sn\":\"\",\"idxP\":100},{\"mq\":\"Cypress Grove\",\"nm\":\"Fromage de brebis Lamb Chopper meule\",\"nme\":\"Lamb Chopper Sheep Milk Cheese Wheel\",\"attr\":\"\",\"sku\":\"31714\",\"l2\":\"Fromage\",\"sl\":\"fromage-de-brebis-lamb-chopper-meule-cypress-grove-31714\",\"sn\":\"fromages\",\"idxP\":5},{\"mq\":\"Cypress Grove\",\"nm\":\"Fromage de brebis Lamb Chopper coup\u00E9\",\"nme\":\"Lamb Chopper Cut Sheep Milk Cheese\",\"attr\":\"\",\"sku\":\"31715\",\"l2\":\"Fromage\",\"sl\":\"fromage-de-brebis-lamb-chopper-coupe-cypress-grove-31715\",\"sn\":\"fromages\",\"idxP\":13},{\"mq\":\"Le Cousin\",\"nm\":\"Fromage Fermier Le Cousin\",\"nme\":\"Le Cousin Farmstead Cheese\",\"attr\":\"Produit local\",\"sku\":\"31704\",\"l2\":\"Fromage\",\"sl\":\"fromage-fermier-le-cousin-le-cousin-31704\",\"sn\":\"fromages\",\"idxP\":14},{\"mq\":\"Natrel\",\"nm\":\"Beurre sal\u00E9 sans lactose\",\"nme\":\"Lactose Free Salted Butter\",\"attr\":\"Sans lactose\",\"sku\":\"31796\",\"l2\":\"Beurre et margarine\",\"sl\":\"beurre-sale-sans-lactose-natrel-31796\",\"sn\":\"\",\"idxP\":44},{\"mq\":\"Gay Lea\",\"nm\":\"Cr\u00E8me s\u00FBre 14% sans lactose\",\"nme\":\"Lactose free 14% sour cream\",\"attr\":\"Sans lactose\",\"sku\":\"31987\",\"l2\":\"Cr\u00E8me\",\"sl\":\"creme-sure-14-sans-lactose-gay-lea-31987\",\"sn\":\"\",\"idxP\":76},{\"mq\":\"Gay Lea\",\"nm\":\"Fromage cottage 2% sans lactose\",\"nme\":\"Lactose free 2% cottage cheese\",\"attr\":\"Sans lactose\",\"sku\":\"31988\",\"l2\":\"Fromage\",\"sl\":\"fromage-cottage-2-sans-lactose-gay-lea-31988\",\"sn\":\"fromages\",\"idxP\":36},{\"mq\":\"Boursin\",\"nm\":\"Fromage frais figue & balsamique\",\"nme\":\"Fig & Balsamic Fresh Cheese\",\"attr\":\"Aliment du Qu\u00E9bec\",\"sku\":\"32034\",\"l2\":\"Fromage\",\"sl\":\"fromage-frais-figue-balsamique-boursin-32034\",\"sn\":\"fromages\",\"idxP\":15},{\"mq\":\"Qu\u00E9bon\",\"nm\":\"Lait 1%\",\"nme\":\"1% Milk\",\"attr\":\"\",\"sku\":\"32350\",\"l2\":\"Lait\",\"sl\":\"lait-1-quebon-32350\",\"sn\":\"\",\"idxP\":23},{\"mq\":\"Qu\u00E9bon\",\"nm\":\"Lait 2%\",\"nme\":\"2% milk\",\"attr\":\"\",\"sku\":\"32273\",\"l2\":\"Lait\",\"sl\":\"lait-2-quebon-32273\",\"sn\":\"\",\"idxP\":43},{\"mq\":\"Qu\u00E9bon\",\"nm\":\"Lait 3.25%\",\"nme\":\"3.25% Milk\",\"attr\":\"\",\"sku\":\"32352\",\"l2\":\"Lait\",\"sl\":\"lait-3.25-quebon-32352\",\"sn\":\"\",\"idxP\":53},{\"mq\":\"Natrel\",\"nm\":\"Cr\u00E8me s\u00FBre 14%\",\"nme\":\"14% Sour Cream\",\"attr\":\"Aliment du Qu\u00E9bec, Produit local\",\"sku\":\"30779\",\"l2\":\"Cr\u00E8me\",\"sl\":\"creme-sure-14-natrel-30779\",\"sn\":\"\",\"idxP\":92},{\"mq\":\"Natrel\",\"nm\":\"Lait 2% finement filtr\u00E9\",\"nme\":\"Fine filtered 2% milk\",\"attr\":\"\",\"sku\":\"31003\",\"l2\":\"Lait\",\"sl\":\"lait-2-finement-filtre-natrel-31003\",\"sn\":\"\",\"idxP\":66},{\"mq\":\"Grillou\",\"nm\":\"Fromage de ch\u00E8vre et brebis \u00E0 griller\",\"nme\":\"Goat and Sheep Cheese for grilling\",\"attr\":\"\",\"sku\":\"33091\",\"l2\":\"Fromage\",\"sl\":\"fromage-de-chevre-et-brebis-a-griller-grillou-33091\",\"sn\":\"fromages\",\"idxP\":7},{\"mq\":\"Natrel\",\"nm\":\"Lait sans lactose 2%\",\"nme\":\"2% lactose free milk\",\"attr\":\"Sans lactose, Produit local\",\"sku\":\"00203\",\"l2\":\"Lait\",\"sl\":\"lait-sans-lactose-2-natrel-00203\",\"sn\":\"\",\"idxP\":100},{\"mq\":\"Fritz Kaiser\",\"nm\":\"Fromage Le Clos St Ambroise coup\u00E9\",\"nme\":\"Cut Le Clos St Ambroise Cheese\",\"attr\":\"Aliment du Qu\u00E9bec, Produit local\",\"sku\":\"33715\",\"l2\":\"Fromage\",\"sl\":\"fromage-le-clos-st-ambroise-coupe-fritz-kaiser-33715\",\"sn\":\"\",\"idxP\":14},{\"mq\":\"Fromagerie de l'Isle\",\"nm\":\"L'Angelique a Marc meule\",\"nme\":\"L'Angelique a Marc Wheel\",\"attr\":\"Produit local\",\"sku\":\"33687\",\"l2\":\"Fromage\",\"sl\":\"langelique-a-marc-meule-fromagerie-de-lisle-33687\",\"sn\":\"\",\"idxP\":6},{\"mq\":\"Fou du roy\",\"nm\":\"Fromage Fou Du Roy meule\",\"nme\":\"Cheese Fou Du Roy Wheel\",\"attr\":\"Biologique, Produit local\",\"sku\":\"33693\",\"l2\":\"Fromage\",\"sl\":\"fromage-fou-du-roy-meule-fou-du-roy-33693\",\"sn\":\"biologique, bio, organic, organique, fromages\",\"idxP\":9},{\"mq\":\"Roucoulons\",\"nm\":\"Fromage Roucoulons\",\"nme\":\"Roucoulons cheese\",\"attr\":\"\",\"sku\":\"33739\",\"l2\":\"Fromage\",\"sl\":\"fromage-roucoulons-roucoulons-33739\",\"sn\":\"\",\"idxP\":5},{\"mq\":\"Alexis de Portneuf\",\"nm\":\"Fromage petit ruby\",\"nme\":\"Petit ruby cheese\",\"attr\":\"Produit local\",\"sku\":\"33720\",\"l2\":\"Fromage\",\"sl\":\"fromage-petit-ruby-alexis-de-portneuf-33720\",\"sn\":\"fromages\",\"idxP\":16},{\"mq\":\"P'tit grey\",\"nm\":\"Fromage P'tit grey\",\"nme\":\"P'tit grey cheese\",\"attr\":\"\",\"sku\":\"33740\",\"l2\":\"Fromage\",\"sl\":\"fromage-ptit-grey-ptit-grey-33740\",\"sn\":\"fromages\",\"idxP\":7},{\"mq\":\"Tre Stelle\",\"nm\":\"Romano Lupa r\u00E2p\u00E9 en pot\",\"nme\":\"Jar Shredded Whole Lupa Romano\",\"attr\":\"\",\"sku\":\"12222\",\"l2\":\"Fromage\",\"sl\":\"romano-lupa-rape-en-pot-tre-stelle-12222\",\"sn\":\"\",\"idxP\":47},{\"mq\":\"Riviera\",\"nm\":\"Fromage cheddar jaune bloc coup\u00E9\",\"nme\":\"Yellow Cheddar Cheese Cut\",\"attr\":\"\",\"sku\":\"34351\",\"l2\":\"Fromage\",\"sl\":\"fromage-cheddar-jaune-bloc-coupe-riviera-34351\",\"sn\":\"\",\"idxP\":6},{\"mq\":\"Armstrong\",\"nm\":\"Pizza mozzarella\",\"nme\":\"Pizza Mozzarella\",\"attr\":\"\",\"sku\":\"34574\",\"l2\":\"Fromage\",\"sl\":\"pizza-mozzarella-armstrong-34574\",\"sn\":\"\",\"idxP\":77},{\"mq\":\"Oikos\",\"nm\":\"Yogourt cappuccino extra-cr\u00E9meux 9%\",\"nme\":\"Cappuccino extra-creamy yogurt 9%\",\"attr\":\"\",\"sku\":\"34944\",\"l2\":\"Yogourt\",\"sl\":\"yogourt-cappuccino-extra-cremeux-9-oikos-34944\",\"sn\":\"\",\"idxP\":28},{\"mq\":\"Oikos\",\"nm\":\"Yogourt cerises noires extra-cr\u00E9meux 9%\",\"nme\":\"Black cherry extra-creamy yogurt 9%\",\"attr\":\"\",\"sku\":\"34940\",\"l2\":\"Yogourt\",\"sl\":\"yogourt-cerises-noires-extra-cremeux-9-oikos-34940\",\"sn\":\"\",\"idxP\":16},{\"mq\":\"Natrel\",\"nm\":\"Lait 3.25% finement filtr\u00E9\",\"nme\":\"Fine filtered 3.25% milk\",\"attr\":\"Produit local\",\"sku\":\"31024\",\"l2\":\"Lait\",\"sl\":\"lait-3.25-finement-filtre-natrel-31024\",\"sn\":\"\",\"idxP\":44},{\"mq\":\"Natrel\",\"nm\":\"Lait 3.25% finement filtr\u00E9\",\"nme\":\"Fine filtered 3.25% milk\",\"attr\":\"Produit local\",\"sku\":\"31073\",\"l2\":\"Lait\",\"sl\":\"lait-3.25-finement-filtre-natrel-31073\",\"sn\":\"\",\"idxP\":100},{\"mq\":\"Fleischmann\",\"nm\":\"Levure fra\u00EEche\",\"nme\":\"Fresh Yeast\",\"attr\":\"\",\"sku\":\"33584\",\"l2\":\"Autre\",\"sl\":\"levure-fraiche-fleischmann-33584\",\"sn\":\"\",\"idxP\":100},{\"mq\":\"Natrel\",\"nm\":\"Lait chocolat 1%\",\"nme\":\"Chocolate milk 1%\",\"attr\":\"\",\"sku\":\"35285\",\"l2\":\"Lait\",\"sl\":\"lait-chocolat-1-natrel-35285\",\"sn\":\"\",\"idxP\":24},{\"mq\":\"Armstrong\",\"nm\":\"Cheddar jaune fort\",\"nme\":\"Old Yellow Cheddar\",\"attr\":\"\",\"sku\":\"35449\",\"l2\":\"Fromage\",\"sl\":\"cheddar-jaune-fort-armstrong-35449\",\"sn\":\"\",\"idxP\":59},{\"mq\":\"Oikos\",\"nm\":\"Yogourt \u00E9dition limit\u00E9e\",\"nme\":\"Limited edition yogurt\",\"attr\":\"\",\"sku\":\"35033\",\"l2\":\"Yogourt\",\"sl\":\"yogourt-edition-limitee-oikos-35033\",\"sn\":\"\",\"idxP\":24},{\"mq\":\"Oasis\",\"nm\":\"Jus orange avec pulpe frais\",\"nme\":\"Fresh orange juice with pulp\",\"attr\":\"\",\"sku\":\"36101\",\"l2\":\"Jus frais\",\"sl\":\"jus-orange-avec-pulpe-frais-oasis-36101\",\"sn\":\"\",\"idxP\":65},{\"mq\":\"Oasis\",\"nm\":\"Jus orange sans pulpe frais\",\"nme\":\"Fresh No Pulp Orange Juice\",\"attr\":\"\",\"sku\":\"36100\",\"l2\":\"Jus frais\",\"sl\":\"jus-orange-sans-pulpe-frais-oasis-36100\",\"sn\":\"\",\"idxP\":85},{\"mq\":\"Armstrong\",\"nm\":\"Cheddar jaune mi-fort\",\"nme\":\"Medium Yellow Cheddar\",\"attr\":\"\",\"sku\":\"36873\",\"l2\":\"Fromage\",\"sl\":\"cheddar-jaune-mi-fort-armstrong-36873\",\"sn\":\"\",\"idxP\":53},{\"mq\":\"Natrel\",\"nm\":\"Lait sans lactose 3.25%\",\"nme\":\"Lactose free milk 3.25%\",\"attr\":\"Sans lactose, Produit local\",\"sku\":\"37979\",\"l2\":\"Lait\",\"sl\":\"lait-sans-lactose-3.25-natrel-37979\",\"sn\":\"\",\"idxP\":77},{\"mq\":\"Natrel\",\"nm\":\"Lait sans lactose 1%\",\"nme\":\"Lactose free milk 1%\",\"attr\":\"Sans lactose, Produit local\",\"sku\":\"38015\",\"l2\":\"Lait\",\"sl\":\"lait-sans-lactose-1-natrel-38015\",\"sn\":\"\",\"idxP\":81},{\"mq\":\"Natrel\",\"nm\":\"Lait sans lactose 0%\",\"nme\":\"Lactose free milk 0%\",\"attr\":\"Sans lactose, Produit local\",\"sku\":\"37997\",\"l2\":\"Lait\",\"sl\":\"lait-sans-lactose-0-natrel-37997\",\"sn\":\"\",\"idxP\":52},{\"mq\":\"Gustav\",\"nm\":\"Gouda Fume Sans Lactose Meule 4.5 kg\",\"nme\":\"Smoked Gouda Lactose Free Wheel 4.5 kg\",\"attr\":\"Sans lactose\",\"sku\":\"40956\",\"l2\":\"Fromage\",\"sl\":\"gouda-fume-sans-lactose-meule-4.5-kg-gustav-40956\",\"sn\":\"\",\"idxP\":10},{\"mq\":\"Gustav\",\"nm\":\"St Paulin Meule 2.8 kg\",\"nme\":\"St Paulin Wheel 2.8 kg\",\"attr\":\"\",\"sku\":\"40962\",\"l2\":\"Fromage\",\"sl\":\"st-paulin-meule-2.8-kg-gustav-40962\",\"sn\":\"\",\"idxP\":5},{\"mq\":\"Gustav\",\"nm\":\"Gouda doux sans lactose coup\u00E9\",\"nme\":\"Mild Gouda Lactose Free Cut\",\"attr\":\"Sans lactose\",\"sku\":\"40953\",\"l2\":\"Fromage\",\"sl\":\"gouda-doux-sans-lactose-coupe-gustav-40953\",\"sn\":\"\",\"idxP\":21},{\"mq\":\"Gustav\",\"nm\":\"Gouda mi-fort coup\u00E9\",\"nme\":\"Medium Gouda  Cut\",\"attr\":\"Sans lactose\",\"sku\":\"40961\",\"l2\":\"Fromage\",\"sl\":\"gouda-mi-fort-coupe-gustav-40961\",\"sn\":\"\",\"idxP\":17},{\"mq\":\"Gustav\",\"nm\":\"Gouda Doux Sans Lactose Meule 4.5 kg\",\"nme\":\"Mild Gouda Lactose Free Wheel 4.5 kg\",\"attr\":\"Sans lactose\",\"sku\":\"40952\",\"l2\":\"Fromage\",\"sl\":\"gouda-doux-sans-lactose-meule-4.5-kg-gustav-40952\",\"sn\":\"\",\"idxP\":4},{\"mq\":\"Gustav\",\"nm\":\"Gouda carvi coup\u00E9\",\"nme\":\"Mild Gouda Cheese Cut\",\"attr\":\"Sans lactose\",\"sku\":\"40955\",\"l2\":\"Fromage\",\"sl\":\"gouda-carvi-coupe-gustav-40955\",\"sn\":\"\",\"idxP\":13},{\"mq\":\"Gustav\",\"nm\":\"Gouda Jalepeno Meule 4.5 kg\",\"nme\":\"Jalepeno Gouda  Wheel 4.5 kg\",\"attr\":\"Sans lactose\",\"sku\":\"40958\",\"l2\":\"Fromage\",\"sl\":\"gouda-jalepeno-meule-4.5-kg-gustav-40958\",\"sn\":\"\",\"idxP\":2},{\"mq\":\"Gustav\",\"nm\":\"Gouda jalepeno coup\u00E9\",\"nme\":\"Jalepeno Gouda  Cut\",\"attr\":\"Sans lactose\",\"sku\":\"40959\",\"l2\":\"Fromage\",\"sl\":\"gouda-jalepeno-coupe-gustav-40959\",\"sn\":\"\",\"idxP\":13},{\"mq\":\"Gustav\",\"nm\":\"Gouda Mi-Fort Meule 4.5 kg\",\"nme\":\"Medium Gouda  Wheel 4.5 kg\",\"attr\":\"Sans lactose\",\"sku\":\"40960\",\"l2\":\"Fromage\",\"sl\":\"gouda-mi-fort-meule-4.5-kg-gustav-40960\",\"sn\":\"\",\"idxP\":3},{\"mq\":\"Gustav\",\"nm\":\"Raclette plateau 3 saveurs\",\"nme\":\"3 flavors raclette platter\",\"attr\":\"Sans lactose\",\"sku\":\"40967\",\"l2\":\"Fromage\",\"sl\":\"raclette-plateau-3-saveurs-gustav-40967\",\"sn\":\"\",\"idxP\":96},{\"mq\":\"Gustav\",\"nm\":\"St Paulin Coup\u00E9\",\"nme\":\"St Paulin Cut\",\"attr\":\"\",\"sku\":\"40964\",\"l2\":\"Fromage\",\"sl\":\"st-paulin-coupe-gustav-40964\",\"sn\":\"\",\"idxP\":20},{\"mq\":\"Oka\",\"nm\":\"Fromage Oka l\u00E9ger\",\"nme\":\"Oka Light Cheese\",\"attr\":\"\",\"sku\":\"41013\",\"l2\":\"Fromage\",\"sl\":\"fromage-oka-leger-oka-41013\",\"sn\":\"fromages\",\"idxP\":6},{\"mq\":\"Oka\",\"nm\":\"Fromage Oka classique\",\"nme\":\"Oka Classic Cheese\",\"attr\":\"\",\"sku\":\"41014\",\"l2\":\"Fromage\",\"sl\":\"fromage-oka-classique-oka-41014\",\"sn\":\"fromages\",\"idxP\":26},{\"mq\":\"Oka\",\"nm\":\"Fromage Oka original\",\"nme\":\"Oka Original Cheese\",\"attr\":\"\",\"sku\":\"41012\",\"l2\":\"Fromage\",\"sl\":\"fromage-oka-original-oka-41012\",\"sn\":\"fromages\",\"idxP\":28},{\"mq\":\"Bellavitano\",\"nm\":\"Fromage chardonnay\",\"nme\":\"Chardonnay cheese\",\"attr\":\"\",\"sku\":\"41094\",\"l2\":\"Fromage\",\"sl\":\"fromage-chardonnay-bellavitano-41094\",\"sn\":\"fromages\",\"idxP\":15},{\"mq\":\"Gustav\",\"nm\":\"Gouda Carvi Meule 4.5 kg\",\"nme\":\"Mild Gouda Cheese Wheel 4.5 kg\",\"attr\":\"Sans lactose\",\"sku\":\"40954\",\"l2\":\"Fromage\",\"sl\":\"gouda-carvi-meule-4.5-kg-gustav-40954\",\"sn\":\"\",\"idxP\":3},{\"mq\":\"Pur Kombucha\",\"nm\":\"Kombucha aux fruits bor\u00E9als\",\"nme\":\"Boreal fruits kombucha\",\"attr\":\"Biologique\",\"sku\":\"41112\",\"l2\":\"Jus frais\",\"sl\":\"kombucha-aux-fruits-boreals-pur-kombucha-41112\",\"sn\":\"biologique, bio, organic, organique\",\"idxP\":26},{\"mq\":\"Pur Kombucha\",\"nm\":\"Kombucha aux canneberges\",\"nme\":\"Cranberry kombucha\",\"attr\":\"Biologique\",\"sku\":\"41097\",\"l2\":\"Jus frais\",\"sl\":\"kombucha-aux-canneberges-pur-kombucha-41097\",\"sn\":\"biologique, bio, organic, organique\",\"idxP\":36},{\"mq\":\"Pur Kombucha\",\"nm\":\"Kombucha aux ananas et basilic\",\"nme\":\"Pineapple and basil kombucha\",\"attr\":\"Biologique\",\"sku\":\"41113\",\"l2\":\"Jus frais\",\"sl\":\"kombucha-aux-ananas-et-basilic-pur-kombucha-41113\",\"sn\":\"apples, biologique, ananas, bio, organic, organique\",\"idxP\":29},{\"mq\":\"Auricchio\",\"nm\":\"Provolone piccante classico coup\u00E9\",\"nme\":\"Cut Piccante Classico Provolone\",\"attr\":\"\",\"sku\":\"42093\",\"l2\":\"Fromage\",\"sl\":\"provolone-piccante-classico-coupe-auricchio-42093\",\"sn\":\"\",\"idxP\":10},{\"mq\":\"Agropur\",\"nm\":\"Fromage pizza mozzarella\",\"nme\":\"Pizza Mozzarella Cheese\",\"attr\":\"\",\"sku\":\"25590\",\"l2\":\"Fromage\",\"sl\":\"fromage-pizza-mozzarella-agropur-25590\",\"sn\":\"fromages\",\"idxP\":100},{\"mq\":\"Pur Kombucha\",\"nm\":\"Kombucha au gingembre et curcuma\",\"nme\":\"Ginger and turmeric kombucha\",\"attr\":\"Biologique\",\"sku\":\"41096\",\"l2\":\"Jus frais\",\"sl\":\"kombucha-au-gingembre-et-curcuma-pur-kombucha-41096\",\"sn\":\"biologique, bio, organic, organique, turmeric, safran des indes\",\"idxP\":34},{\"mq\":\"Agropur\",\"nm\":\"Yogourt vanille 2.5%\",\"nme\":\"Vanilla Yogurt 2.5%\",\"attr\":\"\",\"sku\":\"46326\",\"l2\":\"Yogourt\",\"sl\":\"yogourt-vanille-2.5-agropur-46326\",\"sn\":\"\",\"idxP\":15},{\"mq\":\"Cathedral City\",\"nm\":\"Cheddar affin\u00E9 anglais\",\"nme\":\"English mature cheddar\",\"attr\":\"\",\"sku\":\"41184\",\"l2\":\"Fromage\",\"sl\":\"cheddar-affine-anglais-cathedral-city-41184\",\"sn\":\"\",\"idxP\":19},{\"mq\":\"Pur Kombucha\",\"nm\":\"Kombucha au gingembre\",\"nme\":\"Ginger kombucha\",\"attr\":\"Biologique\",\"sku\":\"41090\",\"l2\":\"Jus frais\",\"sl\":\"kombucha-au-gingembre-pur-kombucha-41090\",\"sn\":\"biologique, bio, organic, organique\",\"idxP\":35},{\"mq\":\"Cathedral City\",\"nm\":\"Cheddar extra affin\u00E9 anglais\",\"nme\":\"English extra mature cheddar\",\"attr\":\"\",\"sku\":\"41183\",\"l2\":\"Fromage\",\"sl\":\"cheddar-extra-affine-anglais-cathedral-city-41183\",\"sn\":\"\",\"idxP\":21},{\"mq\":\"Auricchio\",\"nm\":\"Provolone piccante classico\",\"nme\":\"Classico Piccante Provolone\",\"attr\":\"\",\"sku\":\"42092\",\"l2\":\"Fromage\",\"sl\":\"provolone-piccante-classico-auricchio-42092\",\"sn\":\"\",\"idxP\":-1},{\"mq\":\"Agropur\",\"nm\":\"Yogourt nature 2.5%\",\"nme\":\"Plain Yogurt 2.5%\",\"attr\":\"\",\"sku\":\"33084\",\"l2\":\"Yogourt\",\"sl\":\"yogourt-nature-2.5-agropur-33084\",\"sn\":\"\",\"idxP\":40},{\"mq\":\"Activia\",\"nm\":\"Yogourt 0% vanille, framboise et p\u00EAche\",\"nme\":\"0% vanilla, raspberry and peach yogurt\",\"attr\":\"\",\"sku\":\"10430\",\"l2\":\"Yogourt\",\"sl\":\"yogourt-0-vanille-framboise-et-peche-activia-10430\",\"sn\":\"framboises\",\"idxP\":11},{\"mq\":\"Activia\",\"nm\":\"Smoothie probiotique baies\",\"nme\":\"Berry probiotic smoothie\",\"attr\":\"\",\"sku\":\"10429\",\"l2\":\"Yogourt\",\"sl\":\"smoothie-probiotique-baies-activia-10429\",\"sn\":\"biologique\",\"idxP\":18},{\"mq\":\"Activia\",\"nm\":\"Smoothie probiotique p\u00EAche et mangue\",\"nme\":\"Peach and mango probiotic smoothie\",\"attr\":\"\",\"sku\":\"10422\",\"l2\":\"Yogourt\",\"sl\":\"smoothie-probiotique-peche-et-mangue-activia-10422\",\"sn\":\"biologique, mangues\",\"idxP\":17},{\"mq\":\"Chic Fondue\",\"nm\":\"Fondue aux fromages au gin et violette\",\"nme\":\"Violet & Gin Cheese Fondue\",\"attr\":\"Sans gluten, Sans lactose, Produit local\",\"sku\":\"10539\",\"l2\":\"Fromage\",\"sl\":\"fondue-aux-fromages-au-gin-et-violette-chic-fondue-10539\",\"sn\":\"fromages\",\"idxP\":9},{\"mq\":\"Activia\",\"nm\":\"Yogourt pure nature\",\"nme\":\"Pure plain yogurt\",\"attr\":\"\",\"sku\":\"10436\",\"l2\":\"Yogourt\",\"sl\":\"yogourt-pure-nature-activia-10436\",\"sn\":\"\",\"idxP\":35},{\"mq\":\"Lactantia\",\"nm\":\"Beurre non sal\u00E9 de campagne baratt\u00E9\",\"nme\":\"Unsalted Country Churned Butter\",\"attr\":\"\",\"sku\":\"48749\",\"l2\":\"Beurre et margarine\",\"sl\":\"beurre-non-sale-de-campagne-baratte-lactantia-48749\",\"sn\":\"\",\"idxP\":100},{\"mq\":\"I\u00F6go\",\"nm\":\"Yogourt en tube fraise\\\/banane et vanille\",\"nme\":\"Yogurt in strawberry\\\/banana and vanilla  tube\",\"attr\":\"\",\"sku\":\"01758\",\"l2\":\"Yogourt\",\"sl\":\"yogourt-en-tube-fraisebanane-et-vanille-iogo-01758\",\"sn\":\"ananas, bananes, fraises, framboises\",\"idxP\":96},{\"mq\":\"Table de Claire Th\u00E9r\u00E8se\",\"nm\":\"Fromage Emmental Coup\u00E9\",\"nme\":\"Emmentalcheese cut\",\"attr\":\"\",\"sku\":\"34575\",\"l2\":\"Fromage\",\"sl\":\"fromage-emmental-coupe-table-de-claire-therese-34575\",\"sn\":\"\",\"idxP\":31},{\"mq\":\"Switzerland\",\"nm\":\"Emmental Switzerland coup\u00E9\",\"nme\":\"Switzerland Emmentaler Cut\",\"attr\":\"\",\"sku\":\"13157\",\"l2\":\"Fromage\",\"sl\":\"emmental-switzerland-coupe-switzerland-13157\",\"sn\":\"\",\"idxP\":26},{\"mq\":\"Table de Claire Th\u00E9r\u00E8se\",\"nm\":\"Fromage brie meule\",\"nme\":\"Brie Cheese Wheel\",\"attr\":\"\",\"sku\":\"34571\",\"l2\":\"Fromage\",\"sl\":\"fromage-brie-meule-table-de-claire-therese-34571\",\"sn\":\"\",\"idxP\":0},{\"mq\":\"Tre Stelle\",\"nm\":\"Romano Lupa entier\",\"nme\":\"Whole Romano Lupa\",\"attr\":\"\",\"sku\":\"06579\",\"l2\":\"Fromage\",\"sl\":\"romano-lupa-entier-tre-stelle-06579\",\"sn\":\"\",\"idxP\":20},{\"mq\":\"Table de Claire Th\u00E9r\u00E8se\",\"nm\":\"Fromage brie coup\u00E9\",\"nme\":\"Brie Cheese cut\",\"attr\":\"\",\"sku\":\"34577\",\"l2\":\"Fromage\",\"sl\":\"fromage-brie-coupe-table-de-claire-therese-34577\",\"sn\":\"\",\"idxP\":0},{\"mq\":\"Reggiano\",\"nm\":\"Fromage parmesan reggiano r\u00E2p\u00E9 16 mois\",\"nme\":\"Shredded Parmesan Reggiano Cheese 16 Months\",\"attr\":\"\",\"sku\":\"47706\",\"l2\":\"Fromage\",\"sl\":\"fromage-parmesan-reggiano-rape-16-mois-reggiano-47706\",\"sn\":\"\",\"idxP\":41},{\"mq\":\"Table de Claire Th\u00E9r\u00E8se\",\"nm\":\"Fromage Emmental Meule\",\"nme\":\"Emmentalcheese wheel\",\"attr\":\"\",\"sku\":\"34566\",\"l2\":\"Fromage\",\"sl\":\"fromage-emmental-meule-table-de-claire-therese-34566\",\"sn\":\"\",\"idxP\":19},{\"mq\":\"Tre Stelle\",\"nm\":\"Fromage Romano Lupa r\u00E2p\u00E9\",\"nme\":\"Shredded Whole Romano Lupa Cheese\",\"attr\":\"\",\"sku\":\"47710\",\"l2\":\"Fromage\",\"sl\":\"fromage-romano-lupa-rape-tre-stelle-47710\",\"sn\":\"\",\"idxP\":10},{\"mq\":\"I\u00F6go\",\"nm\":\"Yogourt cr\u00E9meux aux fraises sans lactose\",\"nme\":\"Lactose Free Creamy Strawberry Yogurt\",\"attr\":\"Sans lactose\",\"sku\":\"01276\",\"l2\":\"Yogourt\",\"sl\":\"yogourt-cremeux-aux-fraises-sans-lactose-iogo-01276\",\"sn\":\"fraises\",\"idxP\":35},{\"mq\":\"Plant Ahead\",\"nm\":\"Fromage \u00E0 base de plante style mozzarella\",\"nme\":\"Mozzarella Style Plant-Based Cheese\",\"attr\":\"Sans gluten, Sans lactose\",\"sku\":\"01321\",\"l2\":\"Fromage\",\"sl\":\"fromage-a-base-de-plante-style-mozzarella-plant-ahead-01321\",\"sn\":\"\",\"idxP\":54},{\"mq\":\"I\u00F6go\",\"nm\":\"Yogourt cr\u00E9meux \u00E0 la vanille sans lactose\",\"nme\":\"Lactose Free Creamy Vanilla Yogurt\",\"attr\":\"\",\"sku\":\"01277\",\"l2\":\"Yogourt\",\"sl\":\"yogourt-cremeux-a-la-vanille-sans-lactose-iogo-01277\",\"sn\":\"\",\"idxP\":20},{\"mq\":\"Plant Ahead\",\"nm\":\"Fromage \u00E0 base de plante m\u00E9lange analogue tex mex\",\"nme\":\"Tex Mex Analog Plant-Based Cheese Mix\",\"attr\":\"Sans gluten, Sans lactose\",\"sku\":\"01320\",\"l2\":\"Fromage\",\"sl\":\"fromage-a-base-de-plante-melange-analogue-tex-mex-plant-ahead-01320\",\"sn\":\"\",\"idxP\":32},{\"mq\":\"I\u00F6go\",\"nm\":\"Yogourt cr\u00E9meux desserts\",\"nme\":\"Dessert creamy yogurt\",\"attr\":\"\",\"sku\":\"01279\",\"l2\":\"Yogourt\",\"sl\":\"yogourt-cremeux-desserts-iogo-01279\",\"sn\":\"\",\"idxP\":18},{\"mq\":\"Fritz Kaiser\",\"nm\":\"Fromage Miranda meule\",\"nme\":\"Miranda cheese wheel\",\"attr\":\"Aliment du Qu\u00E9bec, Produit local\",\"sku\":\"01382\",\"l2\":\"Fromage\",\"sl\":\"fromage-miranda-meule-fritz-kaiser-01382\",\"sn\":\"\",\"idxP\":2},{\"mq\":\"Fritz Kaiser\",\"nm\":\"Fromage Tomme du haut richelieu meule\",\"nme\":\"CheeseTomme du haut richelieu wheel\",\"attr\":\"Aliment du Qu\u00E9bec, Produit local\",\"sku\":\"01384\",\"l2\":\"Fromage\",\"sl\":\"fromage-tomme-du-haut-richelieu-meule-fritz-kaiser-01384\",\"sn\":\"\",\"idxP\":5},{\"mq\":\"Fritz Kaiser\",\"nm\":\"Fromage vacherin fri-charco meule\",\"nme\":\"Vacherin fri-charco cheese wheel\",\"attr\":\"Aliment du Qu\u00E9bec, Produit local\",\"sku\":\"01385\",\"l2\":\"Fromage\",\"sl\":\"fromage-vacherin-fri-charco-meule-fritz-kaiser-01385\",\"sn\":\"\",\"idxP\":8},{\"mq\":\"Rang 9\",\"nm\":\"Fromage la meule des champs\",\"nme\":\"Wheel la meule des champs cheese\",\"attr\":\"Aliment du Qu\u00E9bec, Sans lactose, Produit local\",\"sku\":\"01381\",\"l2\":\"Fromage\",\"sl\":\"fromage-la-meule-des-champs-rang-9-01381\",\"sn\":\"\",\"idxP\":2},{\"mq\":\"Riviera\",\"nm\":\"M\u00E9lange fromage gratin r\u00E2p\u00E9 sans lactose\",\"nme\":\"Lactose free Grated gratin cheese mix\",\"attr\":\"Sans lactose, Produit local\",\"sku\":\"01600\",\"l2\":\"Fromage\",\"sl\":\"melange-fromage-gratin-rape-sans-lactose-riviera-01600\",\"sn\":\"\",\"idxP\":11},{\"mq\":\"Le B\u00E9douin\",\"nm\":\"Fromage haloumi ail et fines herbes\",\"nme\":\"Garlic and Herb Halloumi Cheese\",\"attr\":\"\",\"sku\":\"01652\",\"l2\":\"Fromage\",\"sl\":\"fromage-haloumi-ail-et-fines-herbes-le-bedouin-01652\",\"sn\":\"fromages\",\"idxP\":19},{\"mq\":\"Le B\u00E9douin\",\"nm\":\"Fromage haloumi\",\"nme\":\"Haloumi Cheese\",\"attr\":\"Produit local\",\"sku\":\"01651\",\"l2\":\"Fromage\",\"sl\":\"fromage-haloumi-le-bedouin-01651\",\"sn\":\"fromages\",\"idxP\":26},{\"mq\":\"Le B\u00E9douin\",\"nm\":\"Fromage nabulsi\",\"nme\":\"Nabulsi cheese\",\"attr\":\"Produit local\",\"sku\":\"01655\",\"l2\":\"Fromage\",\"sl\":\"fromage-nabulsi-le-bedouin-01655\",\"sn\":\"fromages\",\"idxP\":8},{\"mq\":\"Agropur\",\"nm\":\"Grand cheddar 5 ans entier\",\"nme\":\"Large whole 5-year-old cheddar\",\"attr\":\"\",\"sku\":\"01669\",\"l2\":\"Fromage\",\"sl\":\"grand-cheddar-5-ans-entier-agropur-01669\",\"sn\":\"\",\"idxP\":11},{\"mq\":\"Agropur\",\"nm\":\"Grand cheddar 3 ans entier\",\"nme\":\"Large whole 3-year-old cheddar\",\"attr\":\"\",\"sku\":\"01670\",\"l2\":\"Fromage\",\"sl\":\"grand-cheddar-3-ans-entier-agropur-01670\",\"sn\":\"\",\"idxP\":13},{\"mq\":\"Fleur St-Michel\",\"nm\":\"Fromage \u00E0 griller \u00E0 la fleur d'ail\",\"nme\":\"Grilling cheese with garlic flower\",\"attr\":\"Aliment du Qu\u00E9bec, Produit local\",\"sku\":\"01784\",\"l2\":\"Fromage\",\"sl\":\"fromage-a-griller-a-la-fleur-dail-fleur-st-michel-01784\",\"sn\":\"fromages\",\"idxP\":1},{\"mq\":\"Le St-Vallier\",\"nm\":\"Fromage type haloumi \u00E0 griller\",\"nme\":\"Grilling haloumi type cheese\",\"attr\":\"Aliment du Qu\u00E9bec, Produit local\",\"sku\":\"01785\",\"l2\":\"Fromage\",\"sl\":\"fromage-type-haloumi-a-griller-le-st-vallier-01785\",\"sn\":\"fromages\",\"idxP\":3},{\"mq\":\"Agropur\",\"nm\":\"Grand cheddar 1 an entier\",\"nme\":\"Large whole 1-year-old cheddar\",\"attr\":\"\",\"sku\":\"01671\",\"l2\":\"Fromage\",\"sl\":\"grand-cheddar-1-an-entier-agropur-01671\",\"sn\":\"\",\"idxP\":14},{\"mq\":\"Saint-Beno\u00EEt-du-Lac\",\"nm\":\"Fromage Fontina meule\",\"nme\":\"Fontina cheese wheel\",\"attr\":\"Sans gluten, Aliment du Qu\u00E9bec, Sans lactose, Produit local\",\"sku\":\"01386\",\"l2\":\"Fromage\",\"sl\":\"fromage-fontina-meule-saint-benoit-du-lac-01386\",\"sn\":\"\",\"idxP\":6},{\"mq\":\"International Delight\",\"nm\":\"Colorant \u00E0 caf\u00E9 beurre de pacane\",\"nme\":\"Butter pecan coffee whitener\",\"attr\":\"Sans lactose\",\"sku\":\"01904\",\"l2\":\"Cr\u00E8me\",\"sl\":\"colorant-a-cafe-beurre-de-pacane-international-delight-01904\",\"sn\":\"\",\"idxP\":17},{\"mq\":\"Tre Stelle\",\"nm\":\"Grana Padano 20 mois coup\u00E9\",\"nme\":\"Grana Padano 20 months cut\",\"attr\":\"\",\"sku\":\"30324\",\"l2\":\"Fromage\",\"sl\":\"grana-padano-20-mois-coupe-tre-stelle-30324\",\"sn\":\"\",\"idxP\":66},{\"mq\":\"Lactantia\",\"nm\":\"Beurre sal\u00E9\",\"nme\":\"Salted Butter\",\"attr\":\"\",\"sku\":\"15325\",\"l2\":\"Beurre et margarine\",\"sl\":\"beurre-sale-lactantia-15325\",\"sn\":\"\",\"idxP\":80},{\"mq\":\"Lactantia\",\"nm\":\"Beurre \u00E0 l'ail\",\"nme\":\"Garlic Butter\",\"attr\":\"\",\"sku\":\"01960\",\"l2\":\"Beurre et margarine\",\"sl\":\"beurre-a-lail-lactantia-01960\",\"sn\":\"\",\"idxP\":100},{\"mq\":\"Lactantia\",\"nm\":\"Beurre sal\u00E9\",\"nme\":\"Salted Country Churned Butter\",\"attr\":\"\",\"sku\":\"09221\",\"l2\":\"Beurre et margarine\",\"sl\":\"beurre-sale-lactantia-09221\",\"sn\":\"\",\"idxP\":26},{\"mq\":\"Lactantia\",\"nm\":\"Beurre en portion\",\"nme\":\"Butter Portion\",\"attr\":\"\",\"sku\":\"34889\",\"l2\":\"Beurre et margarine\",\"sl\":\"beurre-en-portion-lactantia-34889\",\"sn\":\"\",\"idxP\":90},{\"mq\":\"Lactantia\",\"nm\":\"Margarine \u00E0 l'ail\",\"nme\":\"Garlic Margarine\",\"attr\":\"\",\"sku\":\"01971\",\"l2\":\"Beurre et margarine\",\"sl\":\"margarine-a-lail-lactantia-01971\",\"sn\":\"\",\"idxP\":24},{\"mq\":\"Lactantia\",\"nm\":\"Beurre fouett\u00E9 portion\",\"nme\":\"Whipped Butter Single Serve\",\"attr\":\"\",\"sku\":\"46330\",\"l2\":\"Beurre et margarine\",\"sl\":\"beurre-fouette-portion-lactantia-46330\",\"sn\":\"\",\"idxP\":14},{\"mq\":\"Kaamps\",\"nm\":\"Fromage kaamps whisky d'\u00E9rable meule\",\"nme\":\"Maple whisky kaamps cheese wheel\",\"attr\":\"\",\"sku\":\"02011\",\"l2\":\"Fromage\",\"sl\":\"fromage-kaamps-whisky-derable-meule-kaamps-02011\",\"sn\":\"fromages\",\"idxP\":3},{\"mq\":\"Kaamps\",\"nm\":\"Fromage kaamps saveurs d'automne\",\"nme\":\"Autumn Flavors Kaamps Cheese\",\"attr\":\"\",\"sku\":\"02010\",\"l2\":\"Fromage\",\"sl\":\"fromage-kaamps-saveurs-dautomne-kaamps-02010\",\"sn\":\"fromages\",\"idxP\":0},{\"mq\":\"Joseph Paccard\",\"nm\":\"Fromage reblochon aop fermier\",\"nme\":\"Reblochon aop fermier cheese\",\"attr\":\"\",\"sku\":\"02013\",\"l2\":\"Fromage\",\"sl\":\"fromage-reblochon-aop-fermier-joseph-paccard-02013\",\"sn\":\"\",\"idxP\":16},{\"mq\":\"Tomme\",\"nm\":\"Fromage tomme au cidre de pomme meule\",\"nme\":\"Apple cider tomme cheese wheel\",\"attr\":\"Produit local\",\"sku\":\"02015\",\"l2\":\"Fromage\",\"sl\":\"fromage-tomme-au-cidre-de-pomme-meule-tomme-02015\",\"sn\":\"apples, pommes\",\"idxP\":5},{\"mq\":\"Ch\u00E2teau de Bourgogne\",\"nm\":\"Fromage cr\u00E9meux aux truffes\",\"nme\":\"Truffle creamy cheese\",\"attr\":\"\",\"sku\":\"02022\",\"l2\":\"Fromage\",\"sl\":\"fromage-cremeux-aux-truffes-chateau-de-bourgogne-02022\",\"sn\":\"\",\"idxP\":18},{\"mq\":\"Brebirousse\",\"nm\":\"Fromage brebirousse meule\",\"nme\":\"Brebirousse cheese\",\"attr\":\"\",\"sku\":\"02019\",\"l2\":\"Fromage\",\"sl\":\"fromage-brebirousse-meule-brebirousse-02019\",\"sn\":\"\",\"idxP\":5},{\"mq\":\"Berthaut\",\"nm\":\"Fromage \u00E9poisses aop\",\"nme\":\"\u00C9poisse aop cheese\",\"attr\":\"\",\"sku\":\"02023\",\"l2\":\"Fromage\",\"sl\":\"fromage-epoisses-aop-berthaut-02023\",\"sn\":\"\",\"idxP\":27},{\"mq\":\"Haute Montagne\",\"nm\":\"Fromage reblochon savoie aop meule\",\"nme\":\"Savoie raop reblochon cheese wheel\",\"attr\":\"\",\"sku\":\"02014\",\"l2\":\"Fromage\",\"sl\":\"fromage-reblochon-savoie-aop-meule-haute-montagne-02014\",\"sn\":\"\",\"idxP\":14},{\"mq\":\"Godminster\",\"nm\":\"Fromage cheddar bio\",\"nme\":\"Organic cheedar cheese\",\"attr\":\"Biologique\",\"sku\":\"02027\",\"l2\":\"Fromage\",\"sl\":\"fromage-cheddar-bio-godminster-02027\",\"sn\":\"biologique, bio, organic, organique\",\"idxP\":13},{\"mq\":\"Utrecht\",\"nm\":\"Fromage Gouda rose-tomate meule\",\"nme\":\"Tomato-Rose gouda Wheel\",\"attr\":\"\",\"sku\":\"02028\",\"l2\":\"Fromage\",\"sl\":\"fromage-gouda-rose-tomate-meule-utrecht-02028\",\"sn\":\"tomates\",\"idxP\":1},{\"mq\":\"Ch\u00E2teau de Bourgogne\",\"nm\":\"Fromage cr\u00E9meux bleu\",\"nme\":\"Blue creamy cheese\",\"attr\":\"\",\"sku\":\"02021\",\"l2\":\"Fromage\",\"sl\":\"fromage-cremeux-bleu-chateau-de-bourgogne-02021\",\"sn\":\"\",\"idxP\":16},{\"mq\":\"Gigha\",\"nm\":\"Fromage en forme de pomme Whiskey\",\"nme\":\"Whiskey apple cheese\",\"attr\":\"\",\"sku\":\"02026\",\"l2\":\"Fromage\",\"sl\":\"fromage-en-forme-de-pomme-whiskey-gigha-02026\",\"sn\":\"\",\"idxP\":10},{\"mq\":\"Oveja Trufa La Quesera\",\"nm\":\"Fromage aux truffes meule\",\"nme\":\"Truffle cheese wheel\",\"attr\":\"\",\"sku\":\"02012\",\"l2\":\"Fromage\",\"sl\":\"fromage-aux-truffes-meule-oveja-trufa-la-quesera-02012\",\"sn\":\"fromages\",\"idxP\":4},{\"mq\":\"Utrecht\",\"nm\":\"Fromage Gouda vert-olive meule\",\"nme\":\"Olive green gouda wheel\",\"attr\":\"\",\"sku\":\"02029\",\"l2\":\"Fromage\",\"sl\":\"fromage-gouda-vert-olive-meule-utrecht-02029\",\"sn\":\"\",\"idxP\":1},{\"mq\":\"Gigha\",\"nm\":\"Fromage en forme d'orange Grand Marnier\",\"nme\":\"Grand Marnier orange  cheese\",\"attr\":\"\",\"sku\":\"02024\",\"l2\":\"Fromage\",\"sl\":\"fromage-en-forme-dorange-grand-marnier-gigha-02024\",\"sn\":\"\",\"idxP\":9},{\"mq\":\"Gigha\",\"nm\":\"Fromage en forme de poire liqueur Schnapps\",\"nme\":\"Schnapps pear cheese\",\"attr\":\"\",\"sku\":\"02025\",\"l2\":\"Fromage\",\"sl\":\"fromage-en-forme-de-poire-liqueur-schnapps-gigha-02025\",\"sn\":\"poires\",\"idxP\":14},{\"mq\":\"Riviera\",\"nm\":\"Cr\u00E8me fra\u00EEche 35%\",\"nme\":\"Fresh cream 35%\",\"attr\":\"\",\"sku\":\"02127\",\"l2\":\"Cr\u00E8me\",\"sl\":\"creme-fraiche-35-riviera-02127\",\"sn\":\"\",\"idxP\":47},{\"mq\":\"La Station\",\"nm\":\"Raclette Compton poivre en meule\",\"nme\":\"Pepper raclette Compton Cheese Wheel\",\"attr\":\"Biologique, Produit local\",\"sku\":\"33995\",\"l2\":\"Fromage\",\"sl\":\"raclette-compton-poivre-en-meule-la-station-33995\",\"sn\":\"\",\"idxP\":12},{\"mq\":\"La Station\",\"nm\":\"Raclette Compton nature en meule\",\"nme\":\"Plain raclette Compton Cheese Wheel\",\"attr\":\"Biologique, Produit local\",\"sku\":\"33998\",\"l2\":\"Fromage\",\"sl\":\"raclette-compton-nature-en-meule-la-station-33998\",\"sn\":\"\",\"idxP\":15},{\"mq\":\"La Station\",\"nm\":\"Raclette Compton poivre coup\u00E9\",\"nme\":\"Pepper raclette Compton cut\",\"attr\":\"Biologique, Produit local\",\"sku\":\"33996\",\"l2\":\"Fromage\",\"sl\":\"raclette-compton-poivre-coupe-la-station-33996\",\"sn\":\"\",\"idxP\":14},{\"mq\":\"La Station\",\"nm\":\"Raclette Compton nature coup\u00E9\",\"nme\":\"Plain raclette Compton cut\",\"attr\":\"Biologique, Produit local\",\"sku\":\"33999\",\"l2\":\"Fromage\",\"sl\":\"raclette-compton-nature-coupe-la-station-33999\",\"sn\":\"\",\"idxP\":15},{\"mq\":\"Switzerland\",\"nm\":\"Fromage cr\u00E9meux grotte kalbatch meule\",\"nme\":\"Swiss cave-aged creamy wheel\",\"attr\":\"\",\"sku\":\"02266\",\"l2\":\"Fromage\",\"sl\":\"fromage-cremeux-grotte-kalbatch-meule-switzerland-02266\",\"sn\":\"fromages\",\"idxP\":9},{\"mq\":\"Saint-Beno\u00EEt-du-Lac\",\"nm\":\"Fromage Fontina coup\u00E9\",\"nme\":\"Fontina cheese sliced\",\"attr\":\"Sans gluten, Aliment du Qu\u00E9bec, Sans lactose, Produit local\",\"sku\":\"72086\",\"l2\":\"Fromage\",\"sl\":\"fromage-fontina-coupe-saint-benoit-du-lac-72086\",\"sn\":\"\",\"idxP\":20},{\"mq\":\"Fritz Kaiser\",\"nm\":\"Fromage Le Clos St Ambroise meule\",\"nme\":\"Le Clos St Ambroise Cheese Wheel\",\"attr\":\"\",\"sku\":\"33710\",\"l2\":\"Fromage\",\"sl\":\"fromage-le-clos-st-ambroise-meule-fritz-kaiser-33710\",\"sn\":\"\",\"idxP\":7},{\"mq\":\"Virgilio\",\"nm\":\"Parmigiano Reggiano 24 mois pointe\",\"nme\":\"Parmigiano Reggiano 24 months\",\"attr\":\"\",\"sku\":\"66184\",\"l2\":\"Fromage\",\"sl\":\"parmigiano-reggiano-24-mois-pointe-virgilio-66184\",\"sn\":\"\",\"idxP\":67},{\"mq\":\"Virgilio\",\"nm\":\"Parmesan Reggiano 24 mois 1\\\/8 r\u00E2p\u00E9\",\"nme\":\"Parmigiano Reggiano 1\\\/8 grated 24 months\",\"attr\":\"\",\"sku\":\"66194\",\"l2\":\"Fromage\",\"sl\":\"parmesan-reggiano-24-mois-18-rape-virgilio-66194\",\"sn\":\"\",\"idxP\":1},{\"mq\":\"Virgilio\",\"nm\":\"Parmesan Reggiano 24 mois 1\\\/8 coup\u00E9\",\"nme\":\"Parmigiano Reggiano 1\\\/8 cut 24 months\",\"attr\":\"\",\"sku\":\"66193\",\"l2\":\"Fromage\",\"sl\":\"parmesan-reggiano-24-mois-18-coupe-virgilio-66193\",\"sn\":\"\",\"idxP\":0},{\"mq\":\"Virgilio\",\"nm\":\"Grana Padano 16 mois 1\\\/8 meule\",\"nme\":\"Grana Padano 1\\\/8 wheel 16 months\",\"attr\":\"\",\"sku\":\"66186\",\"l2\":\"Fromage\",\"sl\":\"grana-padano-16-mois-18-meule-virgilio-66186\",\"sn\":\"\",\"idxP\":17},{\"mq\":\"Virgilio\",\"nm\":\"Parmesan Reggiano 24mois 1\\\/8 meule\",\"nme\":\"24 months Parmegiano Reggiano 1\\\/8  wheel\",\"attr\":\"\",\"sku\":\"66183\",\"l2\":\"Fromage\",\"sl\":\"parmesan-reggiano-24mois-18-meule-virgilio-66183\",\"sn\":\"\",\"idxP\":26},{\"mq\":\"Virgilio\",\"nm\":\"Grana Padano 16 mois pointe\",\"nme\":\"Grana Padano 16 Months\",\"attr\":\"\",\"sku\":\"66181\",\"l2\":\"Fromage\",\"sl\":\"grana-padano-16-mois-pointe-virgilio-66181\",\"sn\":\"\",\"idxP\":67},{\"mq\":\"La Station\",\"nm\":\"Raclette Compton poivre tranch\u00E9\",\"nme\":\"Pepper raclette Compton sliced\",\"attr\":\"\",\"sku\":\"75043\",\"l2\":\"Fromage\",\"sl\":\"raclette-compton-poivre-tranche-la-station-75043\",\"sn\":\"fromages\",\"idxP\":6},{\"mq\":\"Emborg\",\"nm\":\"Emmental Allemand coup\u00E9\",\"nme\":\"German Emmental Cheese Cut\",\"attr\":\"\",\"sku\":\"02580\",\"l2\":\"Fromage\",\"sl\":\"emmental-allemand-coupe-emborg-02580\",\"sn\":\"\",\"idxP\":20},{\"mq\":\"Emborg\",\"nm\":\"Emmental Allemand meule\",\"nme\":\"German Emmental Cheese Wheel\",\"attr\":\"\",\"sku\":\"02579\",\"l2\":\"Fromage\",\"sl\":\"emmental-allemand-meule-emborg-02579\",\"sn\":\"\",\"idxP\":35},{\"mq\":\"Tre Stelle\",\"nm\":\"Mozzarella boule sans lactose\",\"nme\":\"Lactose free mozzarella ball\",\"attr\":\"Sans lactose\",\"sku\":\"02640\",\"l2\":\"Fromage\",\"sl\":\"mozzarella-boule-sans-lactose-tre-stelle-02640\",\"sn\":\"\",\"idxP\":42},{\"mq\":\"Saputo\",\"nm\":\"Provolone canadien coup\u00E9\",\"nme\":\"Cut Canadian provolone cheese\",\"attr\":\"\",\"sku\":\"10681\",\"l2\":\"Fromage\",\"sl\":\"provolone-canadien-coupe-saputo-10681\",\"sn\":\"\",\"idxP\":12},{\"mq\":\"Tre Stelle\",\"nm\":\"Fromage feta sans lactose\",\"nme\":\"Lactose free feta cheese\",\"attr\":\"\",\"sku\":\"02641\",\"l2\":\"Fromage\",\"sl\":\"fromage-feta-sans-lactose-tre-stelle-02641\",\"sn\":\"\",\"idxP\":33},{\"mq\":\"Dal molise\",\"nm\":\"Mozzarella buffalo italienne\",\"nme\":\"Italian Buffala Mozzarella\",\"attr\":\"\",\"sku\":\"02632\",\"l2\":\"Fromage\",\"sl\":\"mozzarella-buffalo-italienne-dal-molise-02632\",\"sn\":\"\",\"idxP\":24},{\"mq\":\"Tre Stelle\",\"nm\":\"Grana Padano 20 mois\",\"nme\":\"Grana Padano 20 months\",\"attr\":\"\",\"sku\":\"30323\",\"l2\":\"Fromage\",\"sl\":\"grana-padano-20-mois-tre-stelle-30323\",\"sn\":\"\",\"idxP\":21},{\"mq\":\"Tre Stelle\",\"nm\":\"Fromage feta sans lactose\",\"nme\":\"Lactose free feta cheese\",\"attr\":\"Sans lactose\",\"sku\":\"02639\",\"l2\":\"Fromage\",\"sl\":\"fromage-feta-sans-lactose-tre-stelle-02639\",\"sn\":\"\",\"idxP\":49},{\"mq\":\"Saputo\",\"nm\":\"Provolone canadien entier\",\"nme\":\"Canadian whole provolone cheese\",\"attr\":\"\",\"sku\":\"02610\",\"l2\":\"Fromage\",\"sl\":\"provolone-canadien-entier-saputo-02610\",\"sn\":\"\",\"idxP\":59},{\"mq\":\"Dofino\",\"nm\":\"Fromage havarti \u00E0 l'aneth meule\",\"nme\":\"Havarti Cheese with Dill Wheel\",\"attr\":\"\",\"sku\":\"35162\",\"l2\":\"Fromage\",\"sl\":\"fromage-havarti-a-laneth-meule-dofino-35162\",\"sn\":\"\",\"idxP\":6},{\"mq\":\"P'tit brie\",\"nm\":\"Fromage p'tit brie\",\"nme\":\"P'tit brie cheese\",\"attr\":\"\",\"sku\":\"33731\",\"l2\":\"Fromage\",\"sl\":\"fromage-ptit-brie-ptit-brie-33731\",\"sn\":\"fromages\",\"idxP\":12},{\"mq\":\"Dal molise\",\"nm\":\"Mozzarella italienne\",\"nme\":\"Italian Mozzarella\",\"attr\":\"\",\"sku\":\"02633\",\"l2\":\"Fromage\",\"sl\":\"mozzarella-italienne-dal-molise-02633\",\"sn\":\"\",\"idxP\":24},{\"mq\":\"Oka\",\"nm\":\"Fromage Oka \u00E9rable\",\"nme\":\"Oka mapple cheese\",\"attr\":\"\",\"sku\":\"02683\",\"l2\":\"Fromage\",\"sl\":\"fromage-oka-erable-oka-02683\",\"sn\":\"fromages\",\"idxP\":10},{\"mq\":\"Reggiano\",\"nm\":\"Parmesan reggiano 16 mois cro\u00FBtes\",\"nme\":\"Crust16 Month Reggiano Parmigiano\",\"attr\":\"\",\"sku\":\"02691\",\"l2\":\"Fromage\",\"sl\":\"parmesan-reggiano-16-mois-croutes-reggiano-02691\",\"sn\":\"\",\"idxP\":0},{\"mq\":\"Virgilio\",\"nm\":\"Parmesan Reggiano 24 mois cro\u00FBtes\",\"nme\":\"Parmigiano Reggiano 24 months crust\",\"attr\":\"\",\"sku\":\"02693\",\"l2\":\"Fromage\",\"sl\":\"parmesan-reggiano-24-mois-croutes-virgilio-02693\",\"sn\":\"\",\"idxP\":0},{\"mq\":\"Saint Henri\",\"nm\":\"Cheddar blanc\",\"nme\":\"White Cheddar\",\"attr\":\"\",\"sku\":\"02758\",\"l2\":\"Fromage\",\"sl\":\"cheddar-blanc-saint-henri-02758\",\"sn\":\"\",\"idxP\":6},{\"mq\":\"Armstrong\",\"nm\":\"Fromage cheddar jaune doux entier\",\"nme\":\"Mild yellow cheddar cheese\",\"attr\":\"\",\"sku\":\"02777\",\"l2\":\"Fromage\",\"sl\":\"fromage-cheddar-jaune-doux-entier-armstrong-02777\",\"sn\":\"fromages\",\"idxP\":4},{\"mq\":\"Armstrong\",\"nm\":\"Fromage cheddar marbr\u00E9 entier\",\"nme\":\"Mild marble cheddar cheese\",\"attr\":\"\",\"sku\":\"02779\",\"l2\":\"Fromage\",\"sl\":\"fromage-cheddar-marbre-entier-armstrong-02779\",\"sn\":\"fromages\",\"idxP\":5},{\"mq\":\"Armstrong\",\"nm\":\"Fromage cheddar marbr\u00E9 coup\u00E9\",\"nme\":\"Marble cheddar cheese\",\"attr\":\"\",\"sku\":\"02780\",\"l2\":\"Fromage\",\"sl\":\"fromage-cheddar-marbre-coupe-armstrong-02780\",\"sn\":\"fromages\",\"idxP\":18},{\"mq\":\"Armstrong\",\"nm\":\"Fromage cheddar jaune doux coup\u00E9\",\"nme\":\"Mild yellow cheddar cheese\",\"attr\":\"\",\"sku\":\"02778\",\"l2\":\"Fromage\",\"sl\":\"fromage-cheddar-jaune-doux-coupe-armstrong-02778\",\"sn\":\"fromages\",\"idxP\":13},{\"mq\":\"Tradition\",\"nm\":\"Jus pomme et mangue frais\",\"nme\":\"Fresh apple and Mango juice\",\"attr\":\"\",\"sku\":\"03008\",\"l2\":\"Jus frais\",\"sl\":\"jus-pomme-et-mangue-frais-tradition-03008\",\"sn\":\"apples, mangues, pommes\",\"idxP\":55},{\"mq\":\"Tradition\",\"nm\":\"Jus limonade frais\",\"nme\":\"Fresh limonade juice\",\"attr\":\"\",\"sku\":\"03011\",\"l2\":\"Jus frais\",\"sl\":\"jus-limonade-frais-tradition-03011\",\"sn\":\"\",\"idxP\":50},{\"mq\":\"Tradition\",\"nm\":\"Jus l'exotique frais\",\"nme\":\"The exotic fresh juice\",\"attr\":\"\",\"sku\":\"03023\",\"l2\":\"Jus frais\",\"sl\":\"jus-lexotique-frais-tradition-03023\",\"sn\":\"tropical\",\"idxP\":41},{\"mq\":\"Tradition\",\"nm\":\"Jus limonade framboise et fraise frais\",\"nme\":\"Fresh strawberry rasberry limonade juice\",\"attr\":\"\",\"sku\":\"03013\",\"l2\":\"Jus frais\",\"sl\":\"jus-limonade-framboise-et-fraise-frais-tradition-03013\",\"sn\":\"fraises, framboises\",\"idxP\":49},{\"mq\":\"Vitalite\",\"nm\":\"R\u00E2p\u00E9 saveur mozzarella \u00E0 base de plante\",\"nme\":\"Plant based sherred mozzarella\",\"attr\":\"\",\"sku\":\"02989\",\"l2\":\"Fromage\",\"sl\":\"rape-saveur-mozzarella-a-base-de-plante-vitalite-02989\",\"sn\":\"\",\"idxP\":23},{\"mq\":\"Tradition\",\"nm\":\"Jus pomme frais\",\"nme\":\"Fresh apple juice\",\"attr\":\"\",\"sku\":\"03010\",\"l2\":\"Jus frais\",\"sl\":\"jus-pomme-frais-tradition-03010\",\"sn\":\"apples, pommes\",\"idxP\":69},{\"mq\":\"Beatrice\",\"nm\":\"Cr\u00E8me sure 18%\",\"nme\":\"18% Sour Cream\",\"attr\":\"\",\"sku\":\"33057\",\"l2\":\"Cr\u00E8me\",\"sl\":\"creme-sure-18-beatrice-33057\",\"sn\":\"\",\"idxP\":42},{\"mq\":\"Oasis\",\"nm\":\"Jus smoothie vert actif frais\",\"nme\":\"Fresh green actif smoothie\",\"attr\":\"\",\"sku\":\"66816\",\"l2\":\"Jus frais\",\"sl\":\"jus-smoothie-vert-actif-frais-oasis-66816\",\"sn\":\"\",\"idxP\":27},{\"mq\":\"Armstrong\",\"nm\":\"M\u00E9lange fromage avec miettes bacon\",\"nme\":\"Bacon bits blend cheese\",\"attr\":\"\",\"sku\":\"03212\",\"l2\":\"Fromage\",\"sl\":\"melange-fromage-avec-miettes-bacon-armstrong-03212\",\"sn\":\"fromages\",\"idxP\":26},{\"mq\":\"Oasis\",\"nm\":\"Jus orange et mangue frais\",\"nme\":\"fresh premium orange mango juice\",\"attr\":\"\",\"sku\":\"66817\",\"l2\":\"Jus frais\",\"sl\":\"jus-orange-et-mangue-frais-oasis-66817\",\"sn\":\"mangues\",\"idxP\":34},{\"mq\":\"Oasis\",\"nm\":\"Jus cocktail baies grenade frais\",\"nme\":\"Fresh berry pomegranate cocktail\",\"attr\":\"\",\"sku\":\"66818\",\"l2\":\"Jus frais\",\"sl\":\"jus-cocktail-baies-grenade-frais-oasis-66818\",\"sn\":\"\",\"idxP\":23},{\"mq\":\"I\u00F6go\",\"nm\":\"Yogourt vanille sans lactose 1.5%\",\"nme\":\"1,5% lactose free vanilla yogurt\",\"attr\":\"\",\"sku\":\"03491\",\"l2\":\"Yogourt\",\"sl\":\"yogourt-vanille-sans-lactose-1.5-iogo-03491\",\"sn\":\"\",\"idxP\":69},{\"mq\":\"Kaamps\",\"nm\":\"Fromage kaamps saveurs d'automne coup\u00E9\",\"nme\":\"Cut Autumn Flavors Kaamps Cheese\",\"attr\":\"\",\"sku\":\"72101\",\"l2\":\"Fromage\",\"sl\":\"fromage-kaamps-saveurs-dautomne-coupe-kaamps-72101\",\"sn\":\"fromages\",\"idxP\":3},{\"mq\":\"Tomme\",\"nm\":\"Fromage champignons coup\u00E9\",\"nme\":\"Cut mushroom cheese\",\"attr\":\"\",\"sku\":\"03478\",\"l2\":\"Fromage\",\"sl\":\"fromage-champignons-coupe-tomme-03478\",\"sn\":\"fromages\",\"idxP\":17},{\"mq\":\"Riviera\",\"nm\":\"Fromage cheddar blanc 1 an r\u00E2p\u00E9 s\\\/lactose\",\"nme\":\"1 year old grated white cheddar cheese w\\\/lactose\",\"attr\":\"\",\"sku\":\"03584\",\"l2\":\"Fromage\",\"sl\":\"fromage-cheddar-blanc-1-an-rape-slactose-riviera-03584\",\"sn\":\"fromages\",\"idxP\":12},{\"mq\":\"Riviera\",\"nm\":\"Fromage cheddar blanc doux r\u00E2p\u00E9 s\\\/lactose\",\"nme\":\"Grated mild white cheddar cheese without lactose\",\"attr\":\"\",\"sku\":\"03585\",\"l2\":\"Fromage\",\"sl\":\"fromage-cheddar-blanc-doux-rape-slactose-riviera-03585\",\"sn\":\"fromages\",\"idxP\":12},{\"mq\":\"Armstrong\",\"nm\":\"Fromage Cheddar Monterey Jack meule\",\"nme\":\"Monterey Jack Cheddar Cheese Wheel\",\"attr\":\"\",\"sku\":\"48797\",\"l2\":\"Fromage\",\"sl\":\"fromage-cheddar-monterey-jack-meule-armstrong-48797\",\"sn\":\"\",\"idxP\":3},{\"mq\":\"Qu\u00E9bon\",\"nm\":\"Cr\u00E8me \u00E0 fouetter 35%\",\"nme\":\"35% Whipping Cream\",\"attr\":\"\",\"sku\":\"31481\",\"l2\":\"Cr\u00E8me\",\"sl\":\"creme-a-fouetter-35-quebon-31481\",\"sn\":\"\",\"idxP\":100},{\"mq\":\"Flirt\",\"nm\":\"Jus limonade p\u00E9tillante framboise\",\"nme\":\"Rasberry sparkling limonade juice\",\"attr\":\"\",\"sku\":\"03250\",\"l2\":\"Jus frais\",\"sl\":\"jus-limonade-petillante-framboise-flirt-03250\",\"sn\":\"framboises, gaz\u00E9ifi\u00E9\",\"idxP\":13},{\"mq\":\"Flirt\",\"nm\":\"Jus limonade p\u00E9tillante basilic\",\"nme\":\"Basil sparkling limonade juice\",\"attr\":\"\",\"sku\":\"03256\",\"l2\":\"Jus frais\",\"sl\":\"jus-limonade-petillante-basilic-flirt-03256\",\"sn\":\"gaz\u00E9ifi\u00E9\",\"idxP\":23},{\"mq\":\"Flirt\",\"nm\":\"Jus limonade p\u00E9tillante lime menthe\",\"nme\":\"Mint lime sparkling limonade juice\",\"attr\":\"\",\"sku\":\"03251\",\"l2\":\"Jus frais\",\"sl\":\"jus-limonade-petillante-lime-menthe-flirt-03251\",\"sn\":\"gaz\u00E9ifi\u00E9\",\"idxP\":14},{\"mq\":\"Virgilio\",\"nm\":\"Mascarpone\",\"nme\":\"Mascarpone\",\"attr\":\"\",\"sku\":\"11354\",\"l2\":\"Fromage\",\"sl\":\"mascarpone-virgilio-11354\",\"sn\":\"\",\"idxP\":50},{\"mq\":\"Saputo\",\"nm\":\"Fromage mozzarella stella r\u00E2p\u00E9 20%\",\"nme\":\"20% Grated Stella Mozzarella Cheese\",\"attr\":\"\",\"sku\":\"11023\",\"l2\":\"Fromage\",\"sl\":\"fromage-mozzarella-stella-rape-20-saputo-11023\",\"sn\":\"fromages\",\"idxP\":53},{\"mq\":\"Saputo\",\"nm\":\"Fromage mozzarella stella r\u00E2p\u00E9 17%\",\"nme\":\"17% Grated Stella Mozzarella Cheese\",\"attr\":\"\",\"sku\":\"01748\",\"l2\":\"Fromage\",\"sl\":\"fromage-mozzarella-stella-rape-17-saputo-01748\",\"sn\":\"fromages\",\"idxP\":62},{\"mq\":\"Becel\",\"nm\":\"Beurre v\u00E9g\u00E9tal sal\u00E9\",\"nme\":\"Salted Plant Butter\",\"attr\":\"\",\"sku\":\"67387\",\"l2\":\"Beurre et margarine\",\"sl\":\"beurre-vegetal-sale-becel-67387\",\"sn\":\"\",\"idxP\":17},{\"mq\":\"Becel\",\"nm\":\"Beurre v\u00E9g\u00E9tal non sal\u00E9\",\"nme\":\"Unsalted Plant Butter\",\"attr\":\"\",\"sku\":\"67386\",\"l2\":\"Beurre et margarine\",\"sl\":\"beurre-vegetal-non-sale-becel-67386\",\"sn\":\"\",\"idxP\":17},{\"mq\":\"K Life\",\"nm\":\"K\u00E9fir \u00E0 la fraise\",\"nme\":\"Strawberry k\u00E9fir\",\"attr\":\"\",\"sku\":\"11392\",\"l2\":\"Yogourt\",\"sl\":\"kefir-a-la-fraise-k-life-11392\",\"sn\":\"fraises\",\"idxP\":0},{\"mq\":\"Elwest\",\"nm\":\"K\u00E9fir classique 2.5%\",\"nme\":\"Classic 2,5% k\u00E9fir\",\"attr\":\"\",\"sku\":\"11393\",\"l2\":\"Yogourt\",\"sl\":\"kefir-classique-2.5-elwest-11393\",\"sn\":\"\",\"idxP\":0},{\"mq\":\"Becel\",\"nm\":\"Margarine en portion\",\"nme\":\"Margarine Single Serve\",\"attr\":\"\",\"sku\":\"67397\",\"l2\":\"Beurre et margarine\",\"sl\":\"margarine-en-portion-becel-67397\",\"sn\":\"\",\"idxP\":3},{\"mq\":\"Saputo\",\"nm\":\"Bocconcini cocktail\",\"nme\":\"Cocktail Bocconcini\",\"attr\":\"\",\"sku\":\"11403\",\"l2\":\"Fromage\",\"sl\":\"bocconcini-cocktail-saputo-11403\",\"sn\":\"boconccini\",\"idxP\":0},{\"mq\":\"K Life\",\"nm\":\"K\u00E9fir \u00E0 la mangue\",\"nme\":\"Mango k\u00E9fir\",\"attr\":\"\",\"sku\":\"11394\",\"l2\":\"Yogourt\",\"sl\":\"kefir-a-la-mangue-k-life-11394\",\"sn\":\"mangues\",\"idxP\":0},{\"mq\":\"Gr\u00E9 des Champs\",\"nm\":\"Gr\u00E9 des champs lait cru meule\",\"nme\":\"Gre des Champs Wheel\",\"attr\":\"\",\"sku\":\"20017\",\"l2\":\"Fromage\",\"sl\":\"gre-des-champs-lait-cru-meule-gre-des-champs-20017\",\"sn\":\"\",\"idxP\":13},{\"mq\":\"Natrel\",\"nm\":\"Fromage cottage 4%\",\"nme\":\"Cottage Cheese 4%\",\"attr\":\"\",\"sku\":\"29674\",\"l2\":\"Fromage\",\"sl\":\"fromage-cottage-4-natrel-29674\",\"sn\":\"fromages\",\"idxP\":33},{\"mq\":\"Armstrong\",\"nm\":\"Fromage fondu en tranches\",\"nme\":\"Process Cheese Slices\",\"attr\":\"\",\"sku\":\"18123\",\"l2\":\"Fromage\",\"sl\":\"fromage-fondu-en-tranches-armstrong-18123\",\"sn\":\"fromages\",\"idxP\":100},{\"mq\":\"FROM ISLE AUX GRUES\",\"nm\":\"MacPherson de L'isle\",\"nme\":\"MacPherson de L'isle\",\"attr\":\"\",\"sku\":\"33685\",\"l2\":\"Fromage\",\"sl\":\"macpherson-de-lisle-from-isle-aux-grues-33685\",\"sn\":\"\",\"idxP\":6},{\"mq\":\"BRIE PAYSAN\",\"nm\":\"Fromage Brie Paysan en meule\",\"nme\":\"Brie Paysan Cheese Wheel\",\"attr\":\"\",\"sku\":\"33952\",\"l2\":\"Fromage\",\"sl\":\"fromage-brie-paysan-en-meule-brie-paysan-33952\",\"sn\":\"fromages\",\"idxP\":14},{\"mq\":\"Armstrong\",\"nm\":\"Cheddar marbr\u00E9 doux\",\"nme\":\"Cheddar marble mild\",\"attr\":\"\",\"sku\":\"34572\",\"l2\":\"Fromage\",\"sl\":\"cheddar-marbre-doux-armstrong-34572\",\"sn\":\"\",\"idxP\":85},{\"mq\":\"Alexis de Portneuf\",\"nm\":\"Cantonnier coup\u00E9\",\"nme\":\"Cantonnier Cut\",\"attr\":\"\",\"sku\":\"36103\",\"l2\":\"Fromage\",\"sl\":\"cantonnier-coupe-alexis-de-portneuf-36103\",\"sn\":\"\",\"idxP\":5}], [{\"mq\":\"La Chaudi\u00E8re\",\"nm\":\"Cheddar blanc extra fort bloc long entier coup\u00E9\",\"nme\":\"Extra Strong White Cheddar Cheese Cut\",\"attr\":\"\",\"sku\":\"34342\",\"l2\":\"Fromage\",\"sl\":\"cheddar-blanc-extra-fort-bloc-long-entier-coupe-la-chaudiere-34342\",\"sn\":\"\",\"idxP\":1},{\"mq\":\"La Chaudi\u00E8re\",\"nm\":\"Cheddar blanc extra fort coup\u00E9\",\"nme\":\"Extra Strong White Cheedar Cheese Cut\",\"attr\":\"\",\"sku\":\"34340\",\"l2\":\"Fromage\",\"sl\":\"cheddar-blanc-extra-fort-coupe-la-chaudiere-34340\",\"sn\":\"\",\"idxP\":1},{\"mq\":\"La Chaudi\u00E8re\",\"nm\":\"Cheddar blanc medium coup\u00E9\",\"nme\":\"Medium white Cheddar Cheese Cut\",\"attr\":\"\",\"sku\":\"34343\",\"l2\":\"Fromage\",\"sl\":\"cheddar-blanc-medium-coupe-la-chaudiere-34343\",\"sn\":\"\",\"idxP\":3},{\"mq\":\"Natrel\",\"nm\":\"Lait 2% carton finement filtr\u00E9\",\"nme\":\"Fine filtered carton 2% Milk\",\"attr\":\"\",\"sku\":\"30724\",\"l2\":\"Lait\",\"sl\":\"lait-2-carton-finement-filtre-natrel-30724\",\"sn\":\"\",\"idxP\":100},{\"mq\":\"Switzerland\",\"nm\":\"Fromage cr\u00E9meux grotte kalbatch coup\u00E9\",\"nme\":\"Swiss cave-aged creamy cut\",\"attr\":\"\",\"sku\":\"75026\",\"l2\":\"Fromage\",\"sl\":\"fromage-cremeux-grotte-kalbatch-coupe-switzerland-75026\",\"sn\":\"fromages\",\"idxP\":16},{\"mq\":\"La Chaudi\u00E8re\",\"nm\":\"Cheddar blanc doux coup\u00E9\",\"nme\":\"Mild White Cheddar Chesse Cut\",\"attr\":\"\",\"sku\":\"34345\",\"l2\":\"Fromage\",\"sl\":\"cheddar-blanc-doux-coupe-la-chaudiere-34345\",\"sn\":\"\",\"idxP\":6},{\"mq\":\"La Chaudi\u00E8re\",\"nm\":\"Cheddar blanc fort coup\u00E9\",\"nme\":\"Old White Cheddar Cheese Cut\",\"attr\":\"\",\"sku\":\"34348\",\"l2\":\"Fromage\",\"sl\":\"cheddar-blanc-fort-coupe-la-chaudiere-34348\",\"sn\":\"\",\"idxP\":0},{\"mq\":\"Qu\u00E9bon\",\"nm\":\"Cr\u00E8me \u00E0 cuisson 35%\",\"nme\":\"Cooking cream 35%\",\"attr\":\"\",\"sku\":\"36287\",\"l2\":\"Cr\u00E8me\",\"sl\":\"creme-a-cuisson-35-quebon-36287\",\"sn\":\"\",\"idxP\":93},{\"mq\":\"La Chaudi\u00E8re\",\"nm\":\"Cheddar jaune doux petit coup\u00E9\",\"nme\":\"Small Mild Yellow Cheddar Cheese Cut\",\"attr\":\"\",\"sku\":\"34346\",\"l2\":\"Fromage\",\"sl\":\"cheddar-jaune-doux-petit-coupe-la-chaudiere-34346\",\"sn\":\"\",\"idxP\":0},{\"mq\":\"D'iberville\",\"nm\":\"Fromage d'Iberville meule\",\"nme\":\"D'Iberville Cheese Wheel\",\"attr\":\"\",\"sku\":\"36780\",\"l2\":\"Fromage\",\"sl\":\"fromage-diberville-meule-diberville-36780\",\"sn\":\"fromages\",\"idxP\":7},{\"mq\":\"Tradition\",\"nm\":\"Jus de pomme et petits fruits frais\",\"nme\":\"Fresh Apple and Berry Juice\",\"attr\":\"\",\"sku\":\"11427\",\"l2\":\"Jus frais\",\"sl\":\"jus-de-pomme-et-petits-fruits-frais-tradition-11427\",\"sn\":\"apples, pommes\",\"idxP\":32},{\"mq\":\"Philadelphia\",\"nm\":\"Fromage \u00E0 la cr\u00E8me nature\",\"nme\":\"Original Cream Cheese\",\"attr\":\"\",\"sku\":\"67293\",\"l2\":\"Fromage\",\"sl\":\"fromage-a-la-creme-nature-philadelphia-67293\",\"sn\":\"fromages\",\"idxP\":23},{\"mq\":\"Tradition\",\"nm\":\"Limonade au melon d'eau fra\u00EEche\",\"nme\":\"Fresh Watermelon Lemonade\",\"attr\":\"\",\"sku\":\"11429\",\"l2\":\"Jus frais\",\"sl\":\"limonade-au-melon-deau-fraiche-tradition-11429\",\"sn\":\"\",\"idxP\":30},{\"mq\":\"Lactantia\",\"nm\":\"Beurre en portion\",\"nme\":\"Beurre Single Serve\",\"attr\":\"\",\"sku\":\"46290\",\"l2\":\"Beurre et margarine\",\"sl\":\"beurre-en-portion-lactantia-46290\",\"sn\":\"\",\"idxP\":41},{\"mq\":\"Source\",\"nm\":\"Yogourt vanille prot\u00E9ine\",\"nme\":\"Vanilla protein yogurt\",\"attr\":\"\",\"sku\":\"11459\",\"l2\":\"Yogourt\",\"sl\":\"yogourt-vanille-proteine-source-11459\",\"sn\":\"\",\"idxP\":0},{\"mq\":\"St-Guillaume\",\"nm\":\"Parmesan r\u00E2p\u00E9\",\"nme\":\"Shredded Parmsan\",\"attr\":\"\",\"sku\":\"11432\",\"l2\":\"Fromage\",\"sl\":\"parmesan-rape-st-guillaume-11432\",\"sn\":\"\",\"idxP\":0},{\"mq\":\"Spring Creek\",\"nm\":\"Oeuf de caille\",\"nme\":\"Quail Egg\",\"attr\":\"\",\"sku\":\"11433\",\"l2\":\"Oeuf\",\"sl\":\"oeuf-de-caille-spring-creek-11433\",\"sn\":\"oeufs\",\"idxP\":0},{\"mq\":\"Source\",\"nm\":\"Yogourt fraise prot\u00E9ine\",\"nme\":\"Strawberry protein yogurt\",\"attr\":\"\",\"sku\":\"11460\",\"l2\":\"Yogourt\",\"sl\":\"yogourt-fraise-proteine-source-11460\",\"sn\":\"fraises\",\"idxP\":0},{\"mq\":\"Tradition\",\"nm\":\"Limonade \u00E0 la p\u00EAche p\u00E9tillante\",\"nme\":\"Sparkling Peach Lemonade\",\"attr\":\"\",\"sku\":\"11428\",\"l2\":\"Jus frais\",\"sl\":\"limonade-a-la-peche-petillante-tradition-11428\",\"sn\":\"gaz\u00E9ifi\u00E9\",\"idxP\":0},{\"mq\":\"Activia\",\"nm\":\"Yogourt fraise\\\/baies sauvages\\\/ mangue c\u00E9r\u00E9ales\",\"nme\":\"Strawberry\\\/wild berries\\\/mango cereal yogurt\",\"attr\":\"\",\"sku\":\"11456\",\"l2\":\"Yogourt\",\"sl\":\"yogourt-fraisebaies-sauvages-mangue-cereales-activia-11456\",\"sn\":\"fraises, mangues\",\"idxP\":0},{\"mq\":\"Woolwich\",\"nm\":\"Fromage de ch\u00E8vre \u00E9miett\u00E9\",\"nme\":\"Crumbled Goat Cheese\",\"attr\":\"\",\"sku\":\"11497\",\"l2\":\"Fromage\",\"sl\":\"fromage-de-chevre-emiette-woolwich-11497\",\"sn\":\"fromages\",\"idxP\":0},{\"mq\":\"Activia\",\"nm\":\"Yogourt p\u00EAche\\\/bleuet\\\/vanille\\\/fraise\\\/kiwi c\u00E9r\u00E9ales\",\"nme\":\"Peach\\\/blueb\\\/vanilla\\\/strawb\\\/kiwi cereal yogurt\",\"attr\":\"\",\"sku\":\"11455\",\"l2\":\"Yogourt\",\"sl\":\"yogourt-pechebleuetvanillefraisekiwi-cereales-activia-11455\",\"sn\":\"fraises\",\"idxP\":0},{\"mq\":\"Flirt\",\"nm\":\"Jus limonade p\u00E9tillante cl\u00E9mentine\",\"nme\":\"Clementine Sparkling Lemonade Juice\",\"attr\":\"\",\"sku\":\"11499\",\"l2\":\"Jus frais\",\"sl\":\"jus-limonade-petillante-clementine-flirt-11499\",\"sn\":\"gaz\u00E9ifi\u00E9\",\"idxP\":21},{\"mq\":\"I\u00F6go\",\"nm\":\"Yogourt nature\",\"nme\":\"Plain Yogurt\",\"attr\":\"\",\"sku\":\"11554\",\"l2\":\"Yogourt\",\"sl\":\"yogourt-nature-iogo-11554\",\"sn\":\"\",\"idxP\":13},{\"mq\":\"Natrel\",\"nm\":\"Cr\u00E9mier caramel\",\"nme\":\"Caramel Mix Coffee Creamer\",\"attr\":\"\",\"sku\":\"11559\",\"l2\":\"Cr\u00E8me\",\"sl\":\"cremier-caramel-natrel-11559\",\"sn\":\"\",\"idxP\":0},{\"mq\":\"Natrel\",\"nm\":\"Cr\u00E9mier vanille\",\"nme\":\"Vanille Coffee Creamer\",\"attr\":\"\",\"sku\":\"11557\",\"l2\":\"Cr\u00E8me\",\"sl\":\"cremier-vanille-natrel-11557\",\"sn\":\"\",\"idxP\":0},{\"mq\":\"I\u00F6go\",\"nm\":\"Yogourt vanille\",\"nme\":\"Vanilla Yogurt\",\"attr\":\"\",\"sku\":\"11555\",\"l2\":\"Yogourt\",\"sl\":\"yogourt-vanille-iogo-11555\",\"sn\":\"\",\"idxP\":6},{\"mq\":\"Natrel\",\"nm\":\"Cr\u00E9mier noisette\",\"nme\":\"Hazelnut Mix Coffee Creamer\",\"attr\":\"\",\"sku\":\"11558\",\"l2\":\"Cr\u00E8me\",\"sl\":\"cremier-noisette-natrel-11558\",\"sn\":\"\",\"idxP\":0},{\"mq\":\"St-Albert\",\"nm\":\"Fromage cheddar marbr\u00E9 r\u00E2p\u00E9\",\"nme\":\"Shredded Marbled Cheddar Cheese\",\"attr\":\"\",\"sku\":\"11603\",\"l2\":\"Fromage\",\"sl\":\"fromage-cheddar-marbre-rape-st-albert-11603\",\"sn\":\"fromages\",\"idxP\":6},{\"mq\":\"Switzerland\",\"nm\":\"Emmental 1\\\/8 meule coup\u00E9\",\"nme\":\"Emmentaler Switzerland 1\\\/8 Wheel Cut\",\"attr\":\"\",\"sku\":\"11725\",\"l2\":\"Fromage\",\"sl\":\"emmental-18-meule-coupe-switzerland-11725\",\"sn\":\"\",\"idxP\":0},{\"mq\":\"Switzerland\",\"nm\":\"Gruy\u00E8re suisse affin\u00E9 en grotte kaltbach KC coup\u00E9\",\"nme\":\"Swiss Cave-Aged King Cut Gruyere Cheese Cut\",\"attr\":\"\",\"sku\":\"11733\",\"l2\":\"Fromage\",\"sl\":\"gruyere-suisse-affine-en-grotte-kaltbach-kc-coupe-switzerland-11733\",\"sn\":\"\",\"idxP\":0},{\"mq\":\"Switzerland\",\"nm\":\"Gruy\u00E8re suisse raffin\u00E9 grotte kaltbach king cut\",\"nme\":\"Swiss Cave-Aged King Cut Gruyere Cheese Wheel\",\"attr\":\"\",\"sku\":\"11732\",\"l2\":\"Fromage\",\"sl\":\"gruyere-suisse-raffine-grotte-kaltbach-king-cut-switzerland-11732\",\"sn\":\"\",\"idxP\":0},{\"mq\":\"Switzerland\",\"nm\":\"Emmental 1\\\/8 meule\",\"nme\":\"Emmentaler Switzerland 1\\\/8 Wheel\",\"attr\":\"\",\"sku\":\"11724\",\"l2\":\"Fromage\",\"sl\":\"emmental-18-meule-switzerland-11724\",\"sn\":\"\",\"idxP\":0},{\"mq\":\"Tre Stelle\",\"nm\":\"Fromage feta traditionnel\",\"nme\":\"Traditional feta cheese\",\"attr\":\"\",\"sku\":\"11947\",\"l2\":\"Fromage\",\"sl\":\"fromage-feta-traditionnel-tre-stelle-11947\",\"sn\":\"fromages\",\"idxP\":0},{\"mq\":\"I\u00F6go\",\"nm\":\"Yogourt cr\u00E9meux\",\"nme\":\"Creamy Yogurt\",\"attr\":\"\",\"sku\":\"11829\",\"l2\":\"Yogourt\",\"sl\":\"yogourt-cremeux-iogo-11829\",\"sn\":\"\",\"idxP\":4},{\"mq\":\"Virgilio\",\"nm\":\"Parmigiano Reggiano 24 mois pointe r\u00E2p\u00E9e\",\"nme\":\"Shredded 24 Months Parmigiano Reggiano\",\"attr\":\"\",\"sku\":\"11927\",\"l2\":\"Fromage\",\"sl\":\"parmigiano-reggiano-24-mois-pointe-rapee-virgilio-11927\",\"sn\":\"\",\"idxP\":18},{\"mq\":\"Switzerland\",\"nm\":\"Fromage Kalbath de ch\u00E8vre\",\"nme\":\"Goat Kalbath Cheese\",\"attr\":\"\",\"sku\":\"12029\",\"l2\":\"Fromage\",\"sl\":\"fromage-kalbath-de-chevre-switzerland-12029\",\"sn\":\"fromages\",\"idxP\":0},{\"mq\":\"Laiterie Charlevoix\",\"nm\":\"Fondue charlevoisienne\",\"nme\":\"Charlevoisienne Fondue Cheese\",\"attr\":\"\",\"sku\":\"11984\",\"l2\":\"Fromage\",\"sl\":\"fondue-charlevoisienne-laiterie-charlevoix-11984\",\"sn\":\"\",\"idxP\":0},{\"mq\":\"Spectra\",\"nm\":\"Margarine sal\u00E9e non hydrog\u00E9n\u00E9e jaune\",\"nme\":\"Yellow Non Hydrogenated Salted Margarine\",\"attr\":\"\",\"sku\":\"68046\",\"l2\":\"Beurre et margarine\",\"sl\":\"margarine-salee-non-hydrogenee-jaune-spectra-68046\",\"sn\":\"\",\"idxP\":53},{\"mq\":\"Switzerland\",\"nm\":\"Fromage Kalbath de ch\u00E8vre coup\u00E9\",\"nme\":\"Sliced Goat Kalbath Cheese\",\"attr\":\"\",\"sku\":\"12031\",\"l2\":\"Fromage\",\"sl\":\"fromage-kalbath-de-chevre-coupe-switzerland-12031\",\"sn\":\"fromages\",\"idxP\":0},{\"mq\":\"St-Albert\",\"nm\":\"Cheddar fort jaune\",\"nme\":\"Old Yellow Cheddar\",\"attr\":\"\",\"sku\":\"12061\",\"l2\":\"Fromage\",\"sl\":\"cheddar-fort-jaune-st-albert-12061\",\"sn\":\"\",\"idxP\":0},{\"mq\":\"St-Albert\",\"nm\":\"Cheddar fort blanc\",\"nme\":\"Old White Cheddar\",\"attr\":\"\",\"sku\":\"12063\",\"l2\":\"Fromage\",\"sl\":\"cheddar-fort-blanc-st-albert-12063\",\"sn\":\"\",\"idxP\":0},{\"mq\":\"Spectra\",\"nm\":\"Margarine sal\u00E9e non hydrog\u00E9n\u00E9e blanche\",\"nme\":\"White Non Hydrogenated Salted Margarine\",\"attr\":\"\",\"sku\":\"68047\",\"l2\":\"Beurre et margarine\",\"sl\":\"margarine-salee-non-hydrogenee-blanche-spectra-68047\",\"sn\":\"\",\"idxP\":18},{\"mq\":\"Riviera\",\"nm\":\"Fromage 2 couleurs r\u00E2p\u00E9\",\"nme\":\"Grated 2 Colours Cheese\",\"attr\":\"\",\"sku\":\"67913\",\"l2\":\"Fromage\",\"sl\":\"fromage-2-couleurs-rape-riviera-67913\",\"sn\":\"fromages\",\"idxP\":0},{\"mq\":\"Qu\u00E9bon\",\"nm\":\"Lait de poule\",\"nme\":\"Egg nog\",\"attr\":\"\",\"sku\":\"33723\",\"l2\":\"Lait\",\"sl\":\"lait-de-poule-quebon-33723\",\"sn\":\"\",\"idxP\":52},{\"mq\":\"St-Albert\",\"nm\":\"Cheddar doux jaune\",\"nme\":\"Mild Yellow Cheese\",\"attr\":\"\",\"sku\":\"12060\",\"l2\":\"Fromage\",\"sl\":\"cheddar-doux-jaune-st-albert-12060\",\"sn\":\"\",\"idxP\":0},{\"mq\":\"St-Albert\",\"nm\":\"Cheddar mi-fort blanc\",\"nme\":\"Medium White Cheddar\",\"attr\":\"\",\"sku\":\"12069\",\"l2\":\"Fromage\",\"sl\":\"cheddar-mi-fort-blanc-st-albert-12069\",\"sn\":\"\",\"idxP\":0},{\"mq\":\"St-Albert\",\"nm\":\"Cheddar doux blanc\",\"nme\":\"Mild White Cheddar\",\"attr\":\"\",\"sku\":\"12064\",\"l2\":\"Fromage\",\"sl\":\"cheddar-doux-blanc-st-albert-12064\",\"sn\":\"\",\"idxP\":0},{\"mq\":\"St-Albert\",\"nm\":\"Cheddar doux marbr\u00E9\",\"nme\":\"Mild Marbled Cheddar\",\"attr\":\"\",\"sku\":\"12068\",\"l2\":\"Fromage\",\"sl\":\"cheddar-doux-marbre-st-albert-12068\",\"sn\":\"\",\"idxP\":0},{\"mq\":\"Tre Stelle\",\"nm\":\"Grana padano pointe 14 mois\",\"nme\":\"14 Month Grana Padano Slice\",\"attr\":\"\",\"sku\":\"12171\",\"l2\":\"Fromage\",\"sl\":\"grana-padano-pointe-14-mois-tre-stelle-12171\",\"sn\":\"\",\"idxP\":0},{\"mq\":\"Tre Stelle\",\"nm\":\"Parmesan Reggiano pointe 14 mois\",\"nme\":\"14 Month Reggiano Parmesan Slice\",\"attr\":\"\",\"sku\":\"12172\",\"l2\":\"Fromage\",\"sl\":\"parmesan-reggiano-pointe-14-mois-tre-stelle-12172\",\"sn\":\"\",\"idxP\":0},{\"mq\":\"Riviera\",\"nm\":\"Fromage \u00E0 la cr\u00E8me\",\"nme\":\"Cream Cheese\",\"attr\":\"\",\"sku\":\"12168\",\"l2\":\"Fromage\",\"sl\":\"fromage-a-la-creme-riviera-12168\",\"sn\":\"fromages\",\"idxP\":0},{\"mq\":\"Emmi\",\"nm\":\"Fromage raclette suisse demi-meule\",\"nme\":\"Switzerland Raclette Cheese Half-Wheel\",\"attr\":\"\",\"sku\":\"12292\",\"l2\":\"Fromage\",\"sl\":\"fromage-raclette-suisse-demi-meule-emmi-12292\",\"sn\":\"fromages\",\"idxP\":0},{\"mq\":\"Nutri-Oeuf\",\"nm\":\"Oeuf gros blanc\",\"nme\":\"Large White Egg\",\"attr\":\"\",\"sku\":\"12329\",\"l2\":\"Oeuf\",\"sl\":\"oeuf-gros-blanc-nutri-oeuf-12329\",\"sn\":\"oeufs\",\"idxP\":0},{\"mq\":\"Nutri-Oeuf\",\"nm\":\"Oeuf gros blanc \",\"nme\":\"Large White Egg\",\"attr\":\"\",\"sku\":\"12331\",\"l2\":\"Oeuf\",\"sl\":\"oeuf-gros-blanc-nutri-oeuf-12331\",\"sn\":\"oeufs\",\"idxP\":0},{\"mq\":\"Nutri-Oeuf\",\"nm\":\"Oeuf biologique gros brun\",\"nme\":\"Large Brown Organic Egg\",\"attr\":\"\",\"sku\":\"12335\",\"l2\":\"Oeuf\",\"sl\":\"oeuf-biologique-gros-blanc-nutri-oeuf-12335\",\"sn\":\"biologique, bio, organic, organique, oeufs\",\"idxP\":0},{\"mq\":\"I\u00F6go\",\"nm\":\"Yogourt cr\u00E9meux duo citron vanille\",\"nme\":\"Lemon Vanille Creamy Yogurt Duo\",\"attr\":\"\",\"sku\":\"12339\",\"l2\":\"Yogourt\",\"sl\":\"yogourt-cremeux-duo-citron-vanille-iogo-12339\",\"sn\":\"citrons\",\"idxP\":0},{\"mq\":\"I\u00F6go\",\"nm\":\"Yogourt cr\u00E9meux duo vanille fraise\",\"nme\":\"Vanilla Strawberry Creamy Yogurt Duo\",\"attr\":\"\",\"sku\":\"12340\",\"l2\":\"Yogourt\",\"sl\":\"yogourt-cremeux-duo-vanille-fraise-iogo-12340\",\"sn\":\"fraises\",\"idxP\":0},{\"mq\":\"Nutri-Oeuf\",\"nm\":\"Oeuf biologique moyen brun\",\"nme\":\"Medium Brown Organic Egg\",\"attr\":\"\",\"sku\":\"12336\",\"l2\":\"Oeuf\",\"sl\":\"oeuf-biologique-moyen-brun-nutri-oeuf-12336\",\"sn\":\"biologique, bio, organic, organique, oeufs\",\"idxP\":0},{\"mq\":\"Tre Stelle\",\"nm\":\"Bocconcini cocktail\",\"nme\":\"Cocktail Bocconcini\",\"attr\":\"\",\"sku\":\"12327\",\"l2\":\"Fromage\",\"sl\":\"bocconcini-cocktail-tre-stelle-12327\",\"sn\":\"boconccini\",\"idxP\":0},{\"mq\":\"Nutri-Oeuf\",\"nm\":\"Oeuf gros brun\",\"nme\":\"Large Brown Egg\",\"attr\":\"\",\"sku\":\"12330\",\"l2\":\"Oeuf\",\"sl\":\"oeuf-gros-brun-nutri-oeuf-12330\",\"sn\":\"oeufs\",\"idxP\":0},{\"mq\":\"Nutri-Oeuf\",\"nm\":\"Oeuf extra gros blanc vrac\",\"nme\":\"Bulk Extra Large White Egg\",\"attr\":\"\",\"sku\":\"12337\",\"l2\":\"Oeuf\",\"sl\":\"oeuf-extra-gros-blanc-vrac-nutri-oeuf-12337\",\"sn\":\"oeufs\",\"idxP\":0},{\"mq\":\"I\u00F6go\",\"nm\":\"Yogourt cr\u00E9meux duo fraise p\u00EAche\",\"nme\":\"Strawberry Peach Creamy Yogurt Duo\",\"attr\":\"\",\"sku\":\"12338\",\"l2\":\"Yogourt\",\"sl\":\"yogourt-cremeux-duo-fraise-peche-iogo-12338\",\"sn\":\"fraises\",\"idxP\":0},{\"mq\":\"Tre Stelle\",\"nm\":\"Ricotta sans lactose\",\"nme\":\"Lactose-Free Ricotta\",\"attr\":\"\",\"sku\":\"12326\",\"l2\":\"Fromage\",\"sl\":\"ricotta-sans-lactose-tre-stelle-12326\",\"sn\":\"\",\"idxP\":0},{\"mq\":\"Auricchio\",\"nm\":\"Provolone piccante classico tranch\u00E9\",\"nme\":\"Sliced Classico Piccante Provolone\",\"attr\":\"\",\"sku\":\"12419\",\"l2\":\"Fromage\",\"sl\":\"provolone-piccante-classico-tranche-auricchio-12419\",\"sn\":\"\",\"idxP\":0},{\"mq\":\"Auricchio\",\"nm\":\"Provolone italien doux tranch\u00E9\",\"nme\":\"Sliced Mild Italian Provolone\",\"attr\":\"\",\"sku\":\"12423\",\"l2\":\"Fromage\",\"sl\":\"provolone-italien-doux-tranche-auricchio-12423\",\"sn\":\"\",\"idxP\":0},{\"mq\":\"Auricchio\",\"nm\":\"Provolone italien stravecchio extra \u00E2g\u00E9 tranch\u00E9\",\"nme\":\"Sliced Extra Old Stravecchio Italian Provolone\",\"attr\":\"\",\"sku\":\"12420\",\"l2\":\"Fromage\",\"sl\":\"provolone-italien-stravecchio-extra-age-tranche-auricchio-12420\",\"sn\":\"\",\"idxP\":0},{\"mq\":\"Nutri-Oeuf\",\"nm\":\"Oeuf moyen poule en libert\u00E9\",\"nme\":\"Medium Free Run Egg\",\"attr\":\"Aliment du Qu\u00E9bec, Produit local\",\"sku\":\"12427\",\"l2\":\"Oeuf\",\"sl\":\"oeuf-moyen-poule-en-liberte-nutri-oeuf-12427\",\"sn\":\"oeufs\",\"idxP\":0},{\"mq\":\"Tre Stelle\",\"nm\":\"Fromage pan\u00E9 \u00E0 griller\",\"nme\":\"Breaded Grilling Cheese\",\"attr\":\"\",\"sku\":\"12475\",\"l2\":\"Fromage\",\"sl\":\"fromage-pane-a-griller-12475\",\"sn\":\"fromages\",\"idxP\":19},{\"mq\":\"Gay Lea\",\"nm\":\"Cr\u00E8me fouett\u00E9e chocolat a\u00E9rosol\",\"nme\":\"Chocolate Whipped Cream Spray\",\"attr\":\"\",\"sku\":\"12483\",\"l2\":\"Cr\u00E8me\",\"sl\":\"creme-fouettee-chocolat-aerosol-12483\",\"sn\":\"\",\"idxP\":27},{\"mq\":\"Armstrong\",\"nm\":\"Cheddar blanc fort\",\"nme\":\"Strong White Cheddar\",\"attr\":\"\",\"sku\":\"33853\",\"l2\":\"Fromage\",\"sl\":\"cheddar-blanc-fort-33853\",\"sn\":\"\",\"idxP\":33},{\"mq\":\"Switzerland\",\"nm\":\"Gruy\u00E8re suisse raffin\u00E9 grotte kaltbach meule\",\"nme\":\"Swiss Cave-Aged Cut Gruyere Cheese Wheel\",\"attr\":\"\",\"sku\":\"39095\",\"l2\":\"Fromage\",\"sl\":\"gruyere-suisse-raffine-32-kg-39095\",\"sn\":\"\",\"idxP\":7},{\"mq\":\"Emmi\",\"nm\":\"Girolle\",\"nme\":\"Girolle\",\"attr\":\"\",\"sku\":\"09546\",\"l2\":\"Fromage\",\"sl\":\"girolle-09546\",\"sn\":\"\",\"idxP\":4},{\"mq\":\"Milk to Go\",\"nm\":\"Lait frapp\u00E9 au chocolat\",\"nme\":\"Chocolate Milkshake\",\"attr\":\"\",\"sku\":\"12215\",\"l2\":\"Lait\",\"sl\":\"lait-frappe-au-chocolat-12215\",\"sn\":\"\",\"idxP\":6},{\"mq\":\"Milk to Go\",\"nm\":\"Lait frapp\u00E9 \u00E0 la vanille\",\"nme\":\"Vanilla Milkshake\",\"attr\":\"\",\"sku\":\"12216\",\"l2\":\"Lait\",\"sl\":\"lait-frappe-a-la-vanille-12216\",\"sn\":\"\",\"idxP\":5},{\"mq\":\"Le B\u00E9douin\",\"nm\":\"Fromage haloumi\",\"nme\":\"Haloumi Cheese\",\"attr\":\"\",\"sku\":\"12586\",\"l2\":\"Fromage\",\"sl\":\"fromage-haloumi-12586\",\"sn\":\"fromages\",\"idxP\":2},{\"mq\":\"St-Albert\",\"nm\":\"Cheddar doux blanc\",\"nme\":\"Mild White Cheddar\",\"attr\":\"\",\"sku\":\"12604\",\"l2\":\"Fromage\",\"sl\":\"cheddar-doux-blanc-12604\",\"sn\":\"\",\"idxP\":5},{\"mq\":\"Tradition Plus\",\"nm\":\"Jus d-stress\",\"nme\":\"D-Stres Juice\",\"attr\":\"\",\"sku\":\"12609\",\"l2\":\"Jus frais\",\"sl\":\"jus-d-stress-12609\",\"sn\":\"\",\"idxP\":6},{\"mq\":\"Tradition Plus\",\"nm\":\"Jus \u00E9nergie\",\"nme\":\"Energy Juice\",\"attr\":\"\",\"sku\":\"12610\",\"l2\":\"Jus frais\",\"sl\":\"jus-energie-12610\",\"sn\":\"\",\"idxP\":11},{\"mq\":\"Tradition Plus\",\"nm\":\"Jus immunit\u00E9\",\"nme\":\"Immunity Juice\",\"attr\":\"\",\"sku\":\"12611\",\"l2\":\"Jus frais\",\"sl\":\"jus-immunite-12611\",\"sn\":\"\",\"idxP\":4},{\"mq\":\"Tradition Plus\",\"nm\":\"Jus d\u00E9tox\",\"nme\":\"Detox Juice\",\"attr\":\"\",\"sku\":\"12612\",\"l2\":\"Jus frais\",\"sl\":\"jus-detox-12612\",\"sn\":\"\",\"idxP\":5},{\"mq\":\"Simply\",\"nm\":\"Jus d'orange avec pulpe frais\",\"nme\":\"Fresh Orange Juice With Pulp\",\"attr\":\"\",\"sku\":\"12620\",\"l2\":\"Jus frais\",\"sl\":\"jus-dorange-avec-pulpe-frais-12620\",\"sn\":\"\",\"idxP\":7},{\"mq\":\"Simply\",\"nm\":\"Jus d'orange sans pulpe frais\",\"nme\":\"Fresh Orange Juice Without Pulp\",\"attr\":\"\",\"sku\":\"12621\",\"l2\":\"Jus frais\",\"sl\":\"jus-dorange-sans-pulpe-frais-12621\",\"sn\":\"\",\"idxP\":8},{\"mq\":\"Oasis\",\"nm\":\"Jus smoothie fraise banane frais\",\"nme\":\"Fresh Strawberry Banana Smoothie\",\"attr\":\"\",\"sku\":\"68108\",\"l2\":\"Jus frais\",\"sl\":\"jus-smoothie-fraise-banane-frais-68108\",\"sn\":\"ananas, bananes, fraises\",\"idxP\":1},{\"mq\":\"Galbani\",\"nm\":\"Mozzarella galbani premio 25% r\u00E2p\u00E9\",\"nme\":\"Grated 25% Galbani Premio Mozzarella\",\"attr\":\"\",\"sku\":\"68674\",\"l2\":\"Fromage\",\"sl\":\"mozzarella-galbani-premio-25-rape-68674\",\"sn\":\"\",\"idxP\":15},{\"mq\":\"Galbani\",\"nm\":\"Mozzarella 21% sans lactose r\u00E2p\u00E9\",\"nme\":\"Grated 21% Lactose-Free Mozzarella\",\"attr\":\"\",\"sku\":\"68713\",\"l2\":\"Fromage\",\"sl\":\"mozzarella-21-sans-lactose-rape-68713\",\"sn\":\"\",\"idxP\":0},{\"mq\":\"Saputo\",\"nm\":\"Fromage feta sans lactose\",\"nme\":\"Lactose-Free Feta Cheese\",\"attr\":\"\",\"sku\":\"12696\",\"l2\":\"Fromage\",\"sl\":\"fromage-feta-sans-lactose-12696\",\"sn\":\"fromages\",\"idxP\":0},{\"mq\":\"Oikos\",\"nm\":\"Yogourt nature\",\"nme\":\"Plain Yogurt\",\"attr\":\"\",\"sku\":\"12698\",\"l2\":\"Yogourt\",\"sl\":\"yogourt-nature-12698\",\"sn\":\"\",\"idxP\":0},{\"mq\":\"Oikos\",\"nm\":\"Yogourt vanille\",\"nme\":\"Vanilla Yogurt\",\"attr\":\"\",\"sku\":\"12699\",\"l2\":\"Yogourt\",\"sl\":\"yogourt-vanille-12699\",\"sn\":\"\",\"idxP\":0},{\"mq\":\"Nutri-Oeuf\",\"nm\":\"Oeuf moyen biologique brun\",\"nme\":\"Medium Brown Organic Egg\",\"attr\":\"\",\"sku\":\"24397\",\"l2\":\"Oeuf\",\"sl\":\"oeuf-moyen-biologique-brun-24397\",\"sn\":\"biologique, bio, organic, organique, oeufs\",\"idxP\":10},{\"mq\":\"Natural One\",\"nm\":\"Jus orange sans pulpe frais\",\"nme\":\"Fresh Orange Juice Without Pulp\",\"attr\":\"\",\"sku\":\"12756\",\"l2\":\"Jus frais\",\"sl\":\"jus-orange-sans-pulpe-frais-12756\",\"sn\":\"\",\"idxP\":0},{\"mq\":\"Bella Casara\",\"nm\":\"Fromage burratini\",\"nme\":\"Burratini Cheese\",\"attr\":\"\",\"sku\":\"12873\",\"l2\":\"Fromage\",\"sl\":\"fromage-burratini-12873\",\"sn\":\"fromages\",\"idxP\":0},{\"mq\":\"Marc Angelo\",\"nm\":\"Fromage provolone Misto tranch\u00E9\",\"nme\":\"Sliced Misto Provolone Cheese\",\"attr\":\"\",\"sku\":\"12877\",\"l2\":\"Fromage\",\"sl\":\"fromage-provolone-misto-tranche-12877\",\"sn\":\"fromages\",\"idxP\":0},{\"mq\":\"Nutri-Oeuf\",\"nm\":\"Oeuf cuit dur\",\"nme\":\"Hard-Boiled Egg\",\"attr\":\"\",\"sku\":\"12881\",\"l2\":\"Oeuf\",\"sl\":\"oeuf-cuit-dur-12881\",\"sn\":\"oeufs\",\"idxP\":0},{\"mq\":\"Nutri\",\"nm\":\"Oeuf marin\u00E9 cornichon \u00E0 l'aneth\",\"nme\":\"Dill Pickle Marinated Egg\",\"attr\":\"\",\"sku\":\"12934\",\"l2\":\"Oeuf\",\"sl\":\"oeuf-marine-cornichon-a-laneth-12934\",\"sn\":\"oeufs\",\"idxP\":0},{\"mq\":\"Oka\",\"nm\":\"Fromage Oka pomme\",\"nme\":\"Apple Oka Cheese\",\"attr\":\"\",\"sku\":\"13128\",\"l2\":\"Fromage\",\"sl\":\"fromage-oka-pomme-13128\",\"sn\":\"apples, fromages, pommes\",\"idxP\":0},{\"mq\":\"Fruiti\u00E8re Chabert\",\"nm\":\"Fromage Flocon de Savoie\",\"nme\":\"Flocon de Savoie Cheese\",\"attr\":\"\",\"sku\":\"13129\",\"l2\":\"Fromage\",\"sl\":\"fromage-flocon-de-savoie-13129\",\"sn\":\"fromages\",\"idxP\":0},{\"mq\":\"Ermitage\",\"nm\":\"Fromage tartiflette\",\"nme\":\"Tartiflette Cheese\",\"attr\":\"\",\"sku\":\"13131\",\"l2\":\"Fromage\",\"sl\":\"fromage-tartiflette-13131\",\"sn\":\"fromages\",\"idxP\":0},{\"mq\":\"Chalet Gourmet\",\"nm\":\"Fromage bo\u00EEte festive\",\"nme\":\"Party Cheese Box\",\"attr\":\"\",\"sku\":\"13132\",\"l2\":\"Fromage\",\"sl\":\"fromage-boite-festive-13132\",\"sn\":\"fromages\",\"idxP\":0},{\"mq\":\"St-Guillaume\",\"nm\":\"Fromage tortillon\",\"nme\":\"Twist Cheese\",\"attr\":\"\",\"sku\":\"13134\",\"l2\":\"Fromage\",\"sl\":\"fromage-tortillon-13134\",\"sn\":\"fromages\",\"idxP\":0},{\"mq\":\"Bella Casara\",\"nm\":\"Fromage Fior di latte\",\"nme\":\"Fior Di Latte Cheese\",\"attr\":\"\",\"sku\":\"13159\",\"l2\":\"Fromage\",\"sl\":\"fromage-fior-di-latte-13159\",\"sn\":\"fromages\",\"idxP\":0},{\"mq\":\"Beatrice\",\"nm\":\"Lait de poule\",\"nme\":\"Egg Nog\",\"attr\":\"\",\"sku\":\"13269\",\"l2\":\"Lait\",\"sl\":\"lait-de-poule-13269\",\"sn\":\"\",\"idxP\":0},{\"mq\":\"Lactantia\",\"nm\":\"Lait 1% PurFiltre\",\"nme\":\"1% Milk PurFiltre\",\"attr\":\"\",\"sku\":\"47133\",\"l2\":\"Lait\",\"sl\":\"lait-1-purfiltre-47133\",\"sn\":\"\",\"idxP\":0},{\"mq\":\"Beatrice\",\"nm\":\"Fromage cottage 2%\",\"nme\":\"2% Cottage Cheese\",\"attr\":\"\",\"sku\":\"13296\",\"l2\":\"Fromage\",\"sl\":\"fromage-cottage-2-13296\",\"sn\":\"fromages\",\"idxP\":0},{\"mq\":\"Lactantia\",\"nm\":\"Beurre sal\u00E9 sans lactose\",\"nme\":\"Lactose-Free Salted Butter\",\"attr\":\"\",\"sku\":\"13302\",\"l2\":\"Beurre et margarine\",\"sl\":\"beurre-sale-sans-lactose-13302\",\"sn\":\"\",\"idxP\":0},{\"mq\":\"Lactantia\",\"nm\":\"Cr\u00E8me 10% godet\",\"nme\":\"10% Creamer Cup\",\"attr\":\"\",\"sku\":\"13313\",\"l2\":\"Cr\u00E8me\",\"sl\":\"creme-10-godet-13313\",\"sn\":\"\",\"idxP\":0},{\"mq\":\"Beatrice\",\"nm\":\"Cr\u00E8me s\u00FBre 14%\",\"nme\":\"18% Sour Cream\",\"attr\":\"\",\"sku\":\"13316\",\"l2\":\"Cr\u00E8me\",\"sl\":\"creme-sure-14-13316\",\"sn\":\"\",\"idxP\":0},{\"mq\":\"Beatrice\",\"nm\":\"Cr\u00E8me s\u00FBre 14%\",\"nme\":\"14% Sour Cream\",\"attr\":\"\",\"sku\":\"13320\",\"l2\":\"Cr\u00E8me\",\"sl\":\"creme-sure-14-13320\",\"sn\":\"\",\"idxP\":0},{\"mq\":\"Lactantia\",\"nm\":\"Cr\u00E8me \u00E0 caf\u00E9 10%\",\"nme\":\"10% Coffee Cream\",\"attr\":\"\",\"sku\":\"13326\",\"l2\":\"Cr\u00E8me\",\"sl\":\"creme-a-cafe-10-13326\",\"sn\":\"\",\"idxP\":0},{\"mq\":\"Lactantia\",\"nm\":\"Cr\u00E8me \u00E0 cuisson 35%\",\"nme\":\"35% Cooking Cream\",\"attr\":\"\",\"sku\":\"13328\",\"l2\":\"Cr\u00E8me\",\"sl\":\"creme-a-cuisson-35-13328\",\"sn\":\"\",\"idxP\":0},{\"mq\":\"Lactantia\",\"nm\":\"Cr\u00E8me \u00E0 fouetter 35%\",\"nme\":\"35% Whipping Cream\",\"attr\":\"\",\"sku\":\"13331\",\"l2\":\"Cr\u00E8me\",\"sl\":\"creme-a-fouetter-35-13331\",\"sn\":\"\",\"idxP\":0},{\"mq\":\"Lactantia\",\"nm\":\"Cr\u00E8me de table 15%\",\"nme\":\"15% Table Cream\",\"attr\":\"\",\"sku\":\"13332\",\"l2\":\"Cr\u00E8me\",\"sl\":\"creme-de-table-15-13332\",\"sn\":\"\",\"idxP\":0},{\"mq\":\"Lactantia\",\"nm\":\"Cr\u00E8me \u00E0 fouetter 35%\",\"nme\":\"15% Whipping Cream\",\"attr\":\"\",\"sku\":\"13333\",\"l2\":\"Cr\u00E8me\",\"sl\":\"creme-a-fouetter-35-13333\",\"sn\":\"\",\"idxP\":0},{\"mq\":\"Lactantia\",\"nm\":\"Cr\u00E8me 10% sans lactose\",\"nme\":\"10% Lactose-Free Cream\",\"attr\":\"\",\"sku\":\"13335\",\"l2\":\"Cr\u00E8me\",\"sl\":\"creme-10-sans-lactose-13335\",\"sn\":\"\",\"idxP\":0},{\"mq\":\"Lactantia\",\"nm\":\"Cr\u00E8me 35% sans lactose\",\"nme\":\"35% Lactose-Free Cream\",\"attr\":\"\",\"sku\":\"13336\",\"l2\":\"Cr\u00E8me\",\"sl\":\"creme-35-sans-lactose-13336\",\"sn\":\"\",\"idxP\":0},{\"mq\":\"Lactantia\",\"nm\":\"Cr\u00E9mette 2%\",\"nme\":\"2% Creamer Cup\",\"attr\":\"\",\"sku\":\"13337\",\"l2\":\"Cr\u00E8me\",\"sl\":\"cremette-2-13337\",\"sn\":\"\",\"idxP\":0},{\"mq\":\"Lactantia\",\"nm\":\"M\u00E9lange \u00E0 cr\u00E8me glac\u00E9e vanille\",\"nme\":\"Vanilla Soft Serve Ice Cream Mix\",\"attr\":\"\",\"sku\":\"13345\",\"l2\":\"Cr\u00E8me\",\"sl\":\"melange-a-creme-glacee-vanille-13345\",\"sn\":\"\",\"idxP\":0},{\"mq\":\"Lactantia\",\"nm\":\"M\u00E9lange \u00E0 cr\u00E8me glac\u00E9e chocolat\",\"nme\":\"Chocolate Soft Serve Ice Cream Mix\",\"attr\":\"\",\"sku\":\"13346\",\"l2\":\"Cr\u00E8me\",\"sl\":\"melange-a-creme-glacee-chocolat-13346\",\"sn\":\"\",\"idxP\":0},{\"mq\":\"Lactantia\",\"nm\":\"Cr\u00E8me champ\u00EAtre 15%\",\"nme\":\"15% Old Fashioned Cream\",\"attr\":\"\",\"sku\":\"13347\",\"l2\":\"Cr\u00E8me\",\"sl\":\"creme-champetre-15-13347\",\"sn\":\"\",\"idxP\":0},{\"mq\":\"Lactantia\",\"nm\":\"Cr\u00E8me \u00E0 cuisson 35%\",\"nme\":\"35% Cooking Cream\",\"attr\":\"\",\"sku\":\"13348\",\"l2\":\"Cr\u00E8me\",\"sl\":\"creme-a-cuisson-35-13348\",\"sn\":\"\",\"idxP\":0},{\"mq\":\"Lactantia\",\"nm\":\"Cr\u00E8me \u00E0 cuisson 15%\",\"nme\":\"15% Cooking Cream\",\"attr\":\"\",\"sku\":\"13349\",\"l2\":\"Cr\u00E8me\",\"sl\":\"creme-a-cuisson-15-13349\",\"sn\":\"\",\"idxP\":0},{\"mq\":\"Lactantia\",\"nm\":\"Cr\u00E8me \u00E0 caf\u00E9 10%\",\"nme\":\"10% Coffee Cream\",\"attr\":\"\",\"sku\":\"13350\",\"l2\":\"Cr\u00E8me\",\"sl\":\"creme-a-cafe-10-13350\",\"sn\":\"\",\"idxP\":0},{\"mq\":\"Ferme Burnbrae\",\"nm\":\"Oeuf blanc extra gros vrac\",\"nme\":\"Bulk Extra Large White Egg\",\"attr\":\"\",\"sku\":\"26202\",\"l2\":\"Oeuf\",\"sl\":\"oeuf-blanc-extra-gros-vrac-26202\",\"sn\":\"oeufs\",\"idxP\":0},{\"mq\":\"Ferme Burnbrae\",\"nm\":\"Oeuf blanc moyen\",\"nme\":\"White Medium Egg\",\"attr\":\"\",\"sku\":\"13698\",\"l2\":\"Oeuf\",\"sl\":\"oeuf-blanc-moyen-13698\",\"sn\":\"oeufs\",\"idxP\":0},{\"mq\":\"Ferme Burnbrae\",\"nm\":\"Oeuf blanc gros\",\"nme\":\"White Large Egg\",\"attr\":\"\",\"sku\":\"13699\",\"l2\":\"Oeuf\",\"sl\":\"oeuf-blanc-gros-13699\",\"sn\":\"oeufs\",\"idxP\":0},{\"mq\":\"Galbani\",\"nm\":\"Fromage pizza mozzarella bloc Premio 26%\",\"nme\":\"26% Premio Mozzarella Pizza Cheese Block\",\"attr\":\"\",\"sku\":\"13701\",\"l2\":\"Fromage\",\"sl\":\"fromage-pizza-mozzarella-bloc-premio-26-13701\",\"sn\":\"fromages\",\"idxP\":0},{\"mq\":\"Mozzabene\",\"nm\":\"Fromage pizza mozzarella bloc 22%\",\"nme\":\"22% Pizza Mozzarella Cheese Block\",\"attr\":\"\",\"sku\":\"13702\",\"l2\":\"Fromage\",\"sl\":\"fromage-pizza-mozzarella-bloc-22-13702\",\"sn\":\"fromages\",\"idxP\":0},{\"mq\":\"Racolli\",\"nm\":\"Fromage pizza mozzarella bloc 22%\",\"nme\":\"22% Pizza Mozzarella Cheese Block\",\"attr\":\"\",\"sku\":\"13703\",\"l2\":\"Fromage\",\"sl\":\"fromage-pizza-mozzarella-bloc-22-13703\",\"sn\":\"fromages\",\"idxP\":0},{\"mq\":\"Galbani\",\"nm\":\"Fromage pizza mozzarella bloc 22%\",\"nme\":\"22% Pizza Mozzarella Cheese Block\",\"attr\":\"\",\"sku\":\"13704\",\"l2\":\"Fromage\",\"sl\":\"fromage-pizza-mozzarella-bloc-22-13704\",\"sn\":\"fromages\",\"idxP\":0},{\"mq\":\"Racolli\",\"nm\":\"Fromage pizza mozzarella bloc 19%\",\"nme\":\"19% Pizza Mozzarella Cheese Block\",\"attr\":\"\",\"sku\":\"13705\",\"l2\":\"Fromage\",\"sl\":\"fromage-pizza-mozzarella-bloc-19-13705\",\"sn\":\"fromages\",\"idxP\":0},{\"mq\":\"Mozzabene\",\"nm\":\"Fromage pizza mozzarella bloc 19%\",\"nme\":\"19% Pizza Mozzarella Cheese Block\",\"attr\":\"\",\"sku\":\"13707\",\"l2\":\"Fromage\",\"sl\":\"fromage-pizza-mozzarella-bloc-19-13707\",\"sn\":\"fromages\",\"idxP\":0},{\"mq\":\"Thibault\",\"nm\":\"Tartinade de soya non hydrog\u00E9n\u00E9e\",\"nme\":\"Non-Hydrogenated Soy Spread\",\"attr\":\"\",\"sku\":\"13902\",\"l2\":\"Beurre et margarine\",\"sl\":\"tartinade-de-soya-non-hydrogenee-13902\",\"sn\":\"\",\"idxP\":0},{\"mq\":\"Bergeron\",\"nm\":\"Margarine soya non hydrog\u00E9n\u00E9e jaune\",\"nme\":\"Yellow Non-Hydrogenated Soy Margarine\",\"attr\":\"\",\"sku\":\"13903\",\"l2\":\"Beurre et margarine\",\"sl\":\"margarine-soya-non-hydrogenee-jaune-13903\",\"sn\":\"\",\"idxP\":0},{\"mq\":\"Bergeron\",\"nm\":\"Margarine soya non hydrog\u00E9n\u00E9e blanche\",\"nme\":\"White Non-Hydrogenated Soy Margarine\",\"attr\":\"\",\"sku\":\"13909\",\"l2\":\"Beurre et margarine\",\"sl\":\"margarine-soya-non-hydrogenee-blanche-13909\",\"sn\":\"\",\"idxP\":0},{\"mq\":\"Thibault\",\"nm\":\"Tartinate soya non hydrog\u00E9n\u00E9e blanche\",\"nme\":\"White Non-Hydrogenated Soy Spread\",\"attr\":\"\",\"sku\":\"13912\",\"l2\":\"Beurre et margarine\",\"sl\":\"tartinate-soya-non-hydrogenee-blanche-13912\",\"sn\":\"\",\"idxP\":0},{\"mq\":\"Emmi\",\"nm\":\"Fromage fondue gruy\u00E8re\",\"nme\":\"Fondue Gruyere Cheese\",\"attr\":\"\",\"sku\":\"14073\",\"l2\":\"Fromage\",\"sl\":\"fromage-fondue-gruyere-14073\",\"sn\":\"fromages\",\"idxP\":0},{\"mq\":\"Emmi\",\"nm\":\"Fromage fondue Appenzeller\",\"nme\":\"Fondue Appenzeller Cheese\",\"attr\":\"\",\"sku\":\"14074\",\"l2\":\"Fromage\",\"sl\":\"fromage-fondue-appenzeller-14074\",\"sn\":\"fromages\",\"idxP\":0},{\"mq\":\"Emmi\",\"nm\":\"Fromage raclette poivre tranch\u00E9\",\"nme\":\"Sliced Pepper Raclette Cheese\",\"attr\":\"\",\"sku\":\"14079\",\"l2\":\"Fromage\",\"sl\":\"fromage-raclette-poivre-tranche-14079\",\"sn\":\"fromages\",\"idxP\":0},{\"mq\":\"Emmi\",\"nm\":\"Fromage fondue seau Swiss Knight\",\"nme\":\"Fondue Swiss Knight Cheese Bucket\",\"attr\":\"\",\"sku\":\"14080\",\"l2\":\"Fromage\",\"sl\":\"fromage-fondue-seau-swiss-knight-14080\",\"sn\":\"fromages\",\"idxP\":0},{\"mq\":\"Emmi\",\"nm\":\"Fromage truffe Fromager d'Affinois\",\"nme\":\"Truffle Fromager d'Affinois Cheese\",\"attr\":\"\",\"sku\":\"14090\",\"l2\":\"Fromage\",\"sl\":\"fromage-truffe-fromager-daffinois-14090\",\"sn\":\"fromages\",\"idxP\":0},{\"mq\":\"Emmi\",\"nm\":\"Fromage truffe Fromager d'Affinois coup\u00E9\",\"nme\":\"Cut Truffle Fromager d'Affinois Cheese\",\"attr\":\"\",\"sku\":\"14093\",\"l2\":\"Fromage\",\"sl\":\"fromage-truffe-fromager-daffinois-coupe-14093\",\"sn\":\"fromages\",\"idxP\":0},{\"mq\":\"Emmi\",\"nm\":\"Fromage brie Fromager d'Affinois\",\"nme\":\"Brie Fromager d'Affinois Cheese\",\"attr\":\"\",\"sku\":\"14094\",\"l2\":\"Fromage\",\"sl\":\"fromage-brie-fromager-daffinois-14094\",\"sn\":\"fromages\",\"idxP\":0},{\"mq\":\"Emmi\",\"nm\":\"Fromage brie Fromager d'Affinois coup\u00E9\",\"nme\":\"Cut Brie Fromager d'Affinois Cheese\",\"attr\":\"\",\"sku\":\"14095\",\"l2\":\"Fromage\",\"sl\":\"fromage-brie-fromager-daffinois-coupe-14095\",\"sn\":\"fromages\",\"idxP\":0},{\"mq\":\"Lactantia\",\"nm\":\"Cr\u00E8me \u00E0 cuisson 15%\",\"nme\":\"15% Cooking Cream\",\"attr\":\"\",\"sku\":\"14098\",\"l2\":\"Cr\u00E8me\",\"sl\":\"creme-a-cuisson-15-14098\",\"sn\":\"\",\"idxP\":0},{\"mq\":\"Dutch Touch\",\"nm\":\"Fromage emmental meule\",\"nme\":\"Emmental Cheese Wheel\",\"attr\":\"\",\"sku\":\"14165\",\"l2\":\"Fromage\",\"sl\":\"fromage-emmental-meule-14165\",\"sn\":\"fromages\",\"idxP\":0},{\"mq\":\"Dutch Touch\",\"nm\":\"Fromage emmental coup\u00E9\",\"nme\":\"Cut Emmental Cheese\",\"attr\":\"\",\"sku\":\"14172\",\"l2\":\"Fromage\",\"sl\":\"fromage-emmental-coupe-14172\",\"sn\":\"fromages\",\"idxP\":0},{\"mq\":\"Saputo\",\"nm\":\"Fromage suisse tranch\u00E9\",\"nme\":\"Sliced Swiss Cheese\",\"attr\":\"\",\"sku\":\"14188\",\"l2\":\"Fromage\",\"sl\":\"fromage-suisse-tranche-14188\",\"sn\":\"fromages\",\"idxP\":0},{\"mq\":\"Saputo\",\"nm\":\"Fromage p\u00E2te molle Fior di latte\",\"nme\":\"Fior Di Latte Soft Cheese\",\"attr\":\"\",\"sku\":\"14189\",\"l2\":\"Fromage\",\"sl\":\"fromage-pate-molle-fior-di-latte-14189\",\"sn\":\"fromages\",\"idxP\":0},{\"mq\":\"Juraflore\",\"nm\":\"Fromage comt\u00E9 affin\u00E9\",\"nme\":\"Comte Fine Cheese\",\"attr\":\"\",\"sku\":\"14190\",\"l2\":\"Fromage\",\"sl\":\"fromage-comte-affine-14190\",\"sn\":\"fromages\",\"idxP\":0},{\"mq\":\"Dor\u00E9-mi\",\"nm\":\"Fromage haloumi nature\",\"nme\":\"Plain Haloumi Cheese\",\"attr\":\"\",\"sku\":\"14192\",\"l2\":\"Fromage\",\"sl\":\"fromage-haloumi-nature-14192\",\"sn\":\"fromages\",\"idxP\":0},{\"mq\":\"Saputo\",\"nm\":\"Fromage r\u00E2p\u00E9 m\u00E9lange italien\",\"nme\":\"Grated Italian Cheese Mix\",\"attr\":\"\",\"sku\":\"14194\",\"l2\":\"Fromage\",\"sl\":\"fromage-rape-melange-italien-14194\",\"sn\":\"fromages\",\"idxP\":0},{\"mq\":\"Woolwich\",\"nm\":\"Fromage ch\u00E8vre b\u00FBche\",\"nme\":\"Goat Cheese Log\",\"attr\":\"\",\"sku\":\"14195\",\"l2\":\"Fromage\",\"sl\":\"fromage-chevre-buche-14195\",\"sn\":\"fromages\",\"idxP\":0},{\"mq\":\"Saputo\",\"nm\":\"Beurre sal\u00E9\",\"nme\":\"Salted Butter\",\"attr\":\"\",\"sku\":\"14197\",\"l2\":\"Beurre et margarine\",\"sl\":\"beurre-sale-14197\",\"sn\":\"\",\"idxP\":0},{\"mq\":\"Saputo\",\"nm\":\"Beurre non sal\u00E9\",\"nme\":\"Non-Salted Butter\",\"attr\":\"\",\"sku\":\"14207\",\"l2\":\"Beurre et margarine\",\"sl\":\"beurre-non-sale-14207\",\"sn\":\"\",\"idxP\":0},{\"mq\":\"Neilson\",\"nm\":\"Cr\u00E8me s\u00FBre 14%\",\"nme\":\"14% Sour Cream\",\"attr\":\"\",\"sku\":\"14208\",\"l2\":\"Cr\u00E8me\",\"sl\":\"creme-sure-14-14208\",\"sn\":\"\",\"idxP\":0},{\"mq\":\"Neilson\",\"nm\":\"Fromage cottage 2%\",\"nme\":\"2% Cottage Cheese\",\"attr\":\"\",\"sku\":\"14220\",\"l2\":\"Fromage\",\"sl\":\"fromage-cottage-2-14220\",\"sn\":\"fromages\",\"idxP\":0},{\"mq\":\"Neilson\",\"nm\":\"Fromage cottage 0%\",\"nme\":\"0% Cottage Cheese\",\"attr\":\"\",\"sku\":\"14230\",\"l2\":\"Fromage\",\"sl\":\"fromage-cottage-0-14230\",\"sn\":\"fromages\",\"idxP\":0},{\"mq\":\"Neilson\",\"nm\":\"Fromage cottage 1%\",\"nme\":\"1% Cottage Cheese\",\"attr\":\"\",\"sku\":\"14231\",\"l2\":\"Fromage\",\"sl\":\"fromage-cottage-1-14231\",\"sn\":\"fromages\",\"idxP\":0},{\"mq\":\"Cavendish\",\"nm\":\"Frites coupe r\u00E9guli\u00E8re 3\\\/8\\\"double R congel\u00E9es\",\"nme\":\"Frozen Straight Cut Fries 3\\\/8\\\" Double R\",\"attr\":\"\",\"sku\":\"18366\",\"l2\":\"L\u00E9gumes surgel\u00E9s\",\"sl\":\"frites-coupe-reguliere-38double-r-congelees-cavendish-18366\",\"sn\":\"\",\"idxP\":100},{\"mq\":\"Maple Leaf\",\"nm\":\"Ailes de poulet \u00E9pic\u00E9es piquantes surgel\u00E9es\",\"nme\":\"Frozen Hot Spicy Chicken Wings\",\"attr\":\"\",\"sku\":\"23162\",\"l2\":\"Viande surgel\u00E9e\",\"sl\":\"ailes-de-poulet-epicees-piquantes-surgelees-maple-leaf-23162\",\"sn\":\"\",\"idxP\":81},{\"mq\":\"Cavendish\",\"nm\":\"Frites quartiers assaisonn\u00E9es surgel\u00E9es\",\"nme\":\"Frozen Seasoned Potato Fries\",\"attr\":\"\",\"sku\":\"33947\",\"l2\":\"L\u00E9gumes surgel\u00E9s\",\"sl\":\"frites-quartiers-assaisonnees-surgelees-cavendish-33947\",\"sn\":\"\",\"idxP\":97},{\"mq\":\"Norel\",\"nm\":\"F\u00E8ve romano surgel\u00E9\",\"nme\":\"Frozen Romano Bean\",\"attr\":\"\",\"sku\":\"22889\",\"l2\":\"L\u00E9gumes surgel\u00E9s\",\"sl\":\"feve-romano-surgele-norel-22889\",\"sn\":\"\",\"idxP\":89},{\"mq\":\"Vinsar\",\"nm\":\"Boule de p\u00E2te \u00E0 pizza congel\u00E9e\",\"nme\":\"Frozen Pizza Dough Ball\",\"attr\":\"Produit local\",\"sku\":\"00143\",\"l2\":\"Pizza surgel\u00E9e\",\"sl\":\"boule-de-pate-a-pizza-congelee-vinsar-00143\",\"sn\":\"\",\"idxP\":59},{\"mq\":\"Lesters\",\"nm\":\"Saucisse au porc poulet dejeuner cg\",\"nme\":\"Frozen Pork and Chicken Sausage\",\"attr\":\"\",\"sku\":\"06296\",\"l2\":\"Viande surgel\u00E9e\",\"sl\":\"saucisse-au-porc-poulet-dejeuner-cg-lesters-06296\",\"sn\":\"\",\"idxP\":47},{\"mq\":\"Cavendish\",\"nm\":\"B\u00E2tonnet de mozzarella fondue surgel\u00E9\",\"nme\":\"Frozen Processed Mozzarella Cheese Sticks\",\"attr\":\"\",\"sku\":\"28556\",\"l2\":\"Mets surgel\u00E9s\",\"sl\":\"batonnet-de-mozzarella-fondue-surgele-cavendish-28556\",\"sn\":\"\",\"idxP\":54},{\"mq\":\"Dore\",\"nm\":\"Saucisse d\u00E9jeuner porc et boeuf surgel\u00E9e\",\"nme\":\"Frozen Breakfast Pork and Beef Sausages\",\"attr\":\"\",\"sku\":\"35046\",\"l2\":\"Viande surgel\u00E9e\",\"sl\":\"saucisse-dejeuner-porc-et-boeuf-surgelee-dore-35046\",\"sn\":\"oeufs\",\"idxP\":52},{\"mq\":\"Blue Tide\",\"nm\":\"Filet de tilapia surgel\u00E9\",\"nme\":\"Frozen Tilapia Fillet\",\"attr\":\"\",\"sku\":\"45855\",\"l2\":\"Poisson surgel\u00E9\",\"sl\":\"filet-de-tilapia-surgele-blue-tide-45855\",\"sn\":\"\",\"idxP\":16},{\"mq\":\"Maple Lodge\",\"nm\":\"Ailes de poulet buffalo \u00E9pic\u00E9es halal surgel\u00E9es\",\"nme\":\"Frozen Halal Spicy Buffalo Chicken Wings\",\"attr\":\"\",\"sku\":\"01047\",\"l2\":\"Viande surgel\u00E9e\",\"sl\":\"ailes-de-poulet-buffalo-epicees-halal-surgelees-maple-lodge-01047\",\"sn\":\"\",\"idxP\":32},{\"mq\":\"Hafner\",\"nm\":\"G\u00E2teau quatre-quarts banane 15\\\" surgel\u00E9\",\"nme\":\"Frozen Banana Poundcakes 15\\\"\",\"attr\":\"\",\"sku\":\"01058\",\"l2\":\"P\u00E2tisserie surgel\u00E9e\",\"sl\":\"gateau-quatre-quarts-banane-15-surgele-selection-du-patissier-01058\",\"sn\":\"ananas, bananes\",\"idxP\":57},{\"mq\":\"Maple Lodge\",\"nm\":\"Ailes de poulet genre BBQ halal surgel\u00E9es\",\"nme\":\"Frozen BBQ Chicken Wings Halal\",\"attr\":\"\",\"sku\":\"01048\",\"l2\":\"Viande surgel\u00E9e\",\"sl\":\"ailes-de-poulet-genre-bbq-halal-surgelees-maple-lodge-01048\",\"sn\":\"\",\"idxP\":58},{\"mq\":\"Hafner\",\"nm\":\"G\u00E2teau quatre-quarts marbr\u00E9 chocolat 15\\\" surgel\u00E9\",\"nme\":\"Frozen Marbled Chocolate Poundcake 15\\\"\",\"attr\":\"\",\"sku\":\"01057\",\"l2\":\"P\u00E2tisserie surgel\u00E9e\",\"sl\":\"gateau-quatre-quarts-marbre-chocolat-15-surgele-selection-du-patissier-01057\",\"sn\":\"\",\"idxP\":21},{\"mq\":\"Wong Wing\",\"nm\":\"P\u00E2te pour p\u00E2t\u00E9s imp\u00E9riaux congel\u00E9e\",\"nme\":\"Frozen Egg Roll Dough\",\"attr\":\"\",\"sku\":\"05780\",\"l2\":\"P\u00E2tisserie surgel\u00E9e\",\"sl\":\"pate-pour-pates-imperiaux-congelee-wong-wing-05780\",\"sn\":\"\",\"idxP\":64},{\"mq\":\"CaroKev\",\"nm\":\"P\u00E2te feuillet\u00E9e congel\u00E9e\",\"nme\":\"Frozen Puff Pastry Dough\",\"attr\":\"\",\"sku\":\"07280\",\"l2\":\"P\u00E2tisserie surgel\u00E9e\",\"sl\":\"pate-feuilletee-congelee-carokev-07280\",\"sn\":\"\",\"idxP\":100},{\"mq\":\"Hafner\",\"nm\":\"G\u00E2teau quatre-quarts au citron\\\/ pavot 15\\\" surgel\u00E9\",\"nme\":\"Frozen Lemon Poppyseed Poundcake 15\\\"\",\"attr\":\"\",\"sku\":\"01055\",\"l2\":\"P\u00E2tisserie surgel\u00E9e\",\"sl\":\"gateau-quatre-quarts-au-citron-pavot-15-surgele-selection-du-patissier-01055\",\"sn\":\"citrons\",\"idxP\":22},{\"mq\":\"Casa Morena\",\"nm\":\"Gnocchi aux champignons congel\u00E9\",\"nme\":\"Frozen Mushroom Gnocchi\",\"attr\":\"Produit local\",\"sku\":\"11634\",\"l2\":\"P\u00E2tes surgel\u00E9es\",\"sl\":\"gnocchi-aux-champignons-congele-casa-morena-11634\",\"sn\":\"\",\"idxP\":50},{\"mq\":\"Novali\",\"nm\":\"M\u00E9lange \u00E0 muffin caramel congel\u00E9\",\"nme\":\"Frozen Toffee Delicious Muffin Mix\",\"attr\":\"\",\"sku\":\"13597\",\"l2\":\"P\u00E2tisserie surgel\u00E9e\",\"sl\":\"melange-a-muffin-caramel-congele-novali-13597\",\"sn\":\"\",\"idxP\":14},{\"mq\":\"Vinsar\",\"nm\":\"Boule de p\u00E2te \u00E0 pizza congel\u00E9e\",\"nme\":\"Frozen Pizza Dough Ball\",\"attr\":\"Produit local\",\"sku\":\"18790\",\"l2\":\"Pizza surgel\u00E9e\",\"sl\":\"boule-de-pate-a-pizza-congelee-vinsar-18790\",\"sn\":\"\",\"idxP\":85},{\"mq\":\"Big Banana\",\"nm\":\"Banane plantain sucr\u00E9e congel\u00E9e\",\"nme\":\"Frozen Sweet Plantain Banana\",\"attr\":\"\",\"sku\":\"11113\",\"l2\":\"Fruits et pur\u00E9e surgel\u00E9s\",\"sl\":\"banane-plantain-sucree-congelee-big-banana-11113\",\"sn\":\"bananes\",\"idxP\":54},{\"mq\":\"Casa Morena\",\"nm\":\"Gnocchi aux l\u00E9gumes congel\u00E9\",\"nme\":\"Frozen Vegetable Gnocchi\",\"attr\":\"Produit local\",\"sku\":\"11635\",\"l2\":\"P\u00E2tes surgel\u00E9es\",\"sl\":\"gnocchi-aux-legumes-congele-casa-morena-11635\",\"sn\":\"\",\"idxP\":18},{\"mq\":\"Lloydies\",\"nm\":\"Feuillet\u00E9s style jama\u00EFcain au poulet congel\u00E9\",\"nme\":\"Frozen Chicken Jamaican Style Patties\",\"attr\":\"Produit local\",\"sku\":\"10992\",\"l2\":\"Mets surgel\u00E9s\",\"sl\":\"feuilletes-style-jamaicain-au-poulet-congele-lloydies-10992\",\"sn\":\"\",\"idxP\":100},{\"mq\":\"Casa Morena\",\"nm\":\"Gnocchi aux asperges et ricotta congel\u00E9\",\"nme\":\"Frozen Asparagus and Ricotta Gnocchi\",\"attr\":\"Produit local\",\"sku\":\"11636\",\"l2\":\"P\u00E2tes surgel\u00E9es\",\"sl\":\"gnocchi-aux-asperges-et-ricotta-congele-casa-morena-11636\",\"sn\":\"\",\"idxP\":23},{\"mq\":\"Novali\",\"nm\":\"M\u00E9lange \u00E0 muffin banane et chocolat congel\u00E9\",\"nme\":\"Frozen Banana and Chocolate Muffin Mix\",\"attr\":\"\",\"sku\":\"13600\",\"l2\":\"P\u00E2tisserie surgel\u00E9e\",\"sl\":\"melange-a-muffin-banane-et-chocolat-congele-novali-13600\",\"sn\":\"ananas, bananes\",\"idxP\":31},{\"mq\":\"Novali\",\"nm\":\"M\u00E9lange \u00E0 muffin framboise et yogourt congel\u00E9\",\"nme\":\"Frozen Raspberry and Yogourt Muffin Mix\",\"attr\":\"\",\"sku\":\"13601\",\"l2\":\"P\u00E2tisserie surgel\u00E9e\",\"sl\":\"melange-a-muffin-framboise-et-yogourt-congele-novali-13601\",\"sn\":\"framboises\",\"idxP\":28},{\"mq\":\"Wong Wing\",\"nm\":\"P\u00E2t\u00E9s imp\u00E9riaux \u00E0 la viande congel\u00E9s\",\"nme\":\"Frozen Meat Egg Rolls\",\"attr\":\"\",\"sku\":\"06064\",\"l2\":\"Mets surgel\u00E9s\",\"sl\":\"pates-imperiaux-a-la-viande-congeles-wong-wing-06064\",\"sn\":\"\",\"idxP\":70},{\"mq\":\"Casa Morena\",\"nm\":\"Gnocchi tomate et mozzarella congel\u00E9\",\"nme\":\"Frozen Tomato Mozzarella Gnocchi\",\"attr\":\"Produit local\",\"sku\":\"11633\",\"l2\":\"P\u00E2tes surgel\u00E9es\",\"sl\":\"gnocchi-tomate-et-mozzarella-congele-casa-morena-11633\",\"sn\":\"tomates\",\"idxP\":43},{\"mq\":\"Lloydies\",\"nm\":\"Feuillet\u00E9s style jama\u00EFcain au boeuf \u00E9pic\u00E9 congel\u00E9\",\"nme\":\"Frozen Spicy Beef Jamaican Style Pattie\",\"attr\":\"\",\"sku\":\"10993\",\"l2\":\"Mets surgel\u00E9s\",\"sl\":\"feuilletes-style-jamaicain-au-boeuf-epice-congele-lloydies-10993\",\"sn\":\"\",\"idxP\":100},{\"mq\":\"Pepperidge\",\"nm\":\"P\u00E2te feuillet\u00E9e en feuille surgel\u00E9e\",\"nme\":\"Frozen Puffpastry Sheets\",\"attr\":\"\",\"sku\":\"06090\",\"l2\":\"P\u00E2tisserie surgel\u00E9e\",\"sl\":\"pate-feuilletee-en-feuille-surgelee-pepperidge-06090\",\"sn\":\"\",\"idxP\":47},{\"mq\":\"Coaticook\",\"nm\":\"Cr\u00E8me glac\u00E9e fraise\",\"nme\":\"Frozen Strawberry Ice Cream\",\"attr\":\"Aliment du Qu\u00E9bec, Produit local\",\"sku\":\"18802\",\"l2\":\"Cr\u00E8me glac\u00E9e et sorbet\",\"sl\":\"creme-glacee-fraise-coaticook-18802\",\"sn\":\"fraises\",\"idxP\":30},{\"mq\":\"Bonduelle\",\"nm\":\"Po\u00EAl\u00E9e gourmande l\u00E9gume grill\u00E9 surgel\u00E9e\",\"nme\":\"Frozen Gourmet Stir Fry With Grilled Vegetable\",\"attr\":\"\",\"sku\":\"06680\",\"l2\":\"L\u00E9gumes surgel\u00E9s\",\"sl\":\"poelee-gourmande-legume-grille-surgelee-bonduelle-06680\",\"sn\":\"\",\"idxP\":41},{\"mq\":\"Pepperidge\",\"nm\":\"Vol-au-vent congel\u00E9\",\"nme\":\"Frozen Vol-au-vent Puff Pastry\",\"attr\":\"\",\"sku\":\"06096\",\"l2\":\"P\u00E2tisserie surgel\u00E9e\",\"sl\":\"vol-au-vent-congele-pepperidge-06096\",\"sn\":\"\",\"idxP\":8},{\"mq\":\"Maple Lodge\",\"nm\":\"Filets de poitrine de poulet crus halal congel\u00E9s\",\"nme\":\"Frozen Halal Raw Chicken Breast Fillets\",\"attr\":\"\",\"sku\":\"08586\",\"l2\":\"Viande surgel\u00E9e\",\"sl\":\"filets-de-poitrine-de-poulet-crus-halal-congeles-maple-lodge-08586\",\"sn\":\"\",\"idxP\":33},{\"mq\":\"Maple Lodge\",\"nm\":\"Burger de b\u0153uf halal congel\u00E9\",\"nme\":\"Frozen Halal Beef Burger\",\"attr\":\"\",\"sku\":\"14045\",\"l2\":\"Viande surgel\u00E9e\",\"sl\":\"burger-de-buf-halal-congele-maple-lodge-14045\",\"sn\":\"\",\"idxP\":20},{\"mq\":\"Novali\",\"nm\":\"M\u00E9lange \u00E0 muffin canneberge et orange congel\u00E9\",\"nme\":\"Frozen Cranberry and Orange Muffin Mix\",\"attr\":\"\",\"sku\":\"18753\",\"l2\":\"P\u00E2tisserie surgel\u00E9e\",\"sl\":\"melange-a-muffin-canneberge-et-orange-congele-novali-18753\",\"sn\":\"\",\"idxP\":31},{\"mq\":\"Rich's\",\"nm\":\"Garniture fouett\u00E9e congel\u00E9e\",\"nme\":\"Frozen Whipped Topping\",\"attr\":\"\",\"sku\":\"09646\",\"l2\":\"P\u00E2tisserie surgel\u00E9e\",\"sl\":\"garniture-fouettee-congelee-richs-09646\",\"sn\":\"\",\"idxP\":63},{\"mq\":\"Rich's\",\"nm\":\"Garniture fouett\u00E9e ontop au chocolat congel\u00E9\",\"nme\":\"Frozen Whipped Topping On Top Chocolate\",\"attr\":\"\",\"sku\":\"14804\",\"l2\":\"P\u00E2tisserie surgel\u00E9e\",\"sl\":\"garniture-fouettee-ontop-au-chocolat-congele-richs-14804\",\"sn\":\"\",\"idxP\":27},{\"mq\":\"Novali\",\"nm\":\"M\u00E9lange \u00E0 muffin \u00E9rable congel\u00E9\",\"nme\":\"Frozen Maple Muffin Mix\",\"attr\":\"\",\"sku\":\"18754\",\"l2\":\"P\u00E2tisserie surgel\u00E9e\",\"sl\":\"melange-a-muffin-erable-congele-novali-18754\",\"sn\":\"\",\"idxP\":20},{\"mq\":\"Cavendish\",\"nm\":\"Rondelles d'oignon douces croustillantes CG\",\"nme\":\"Frozen Crispy Sweet Onion Rings\",\"attr\":\"\",\"sku\":\"34885\",\"l2\":\"Mets surgel\u00E9s\",\"sl\":\"rondelles-doignon-douces-croustillantes-cg-cavendish-34885\",\"sn\":\"onions, oignons\",\"idxP\":79},{\"mq\":\"Wong Wing\",\"nm\":\"Mini rouleaux de printemps au poulet congel\u00E9s\",\"nme\":\"Frozen Chicken Mini Spring Rolls\",\"attr\":\"\",\"sku\":\"22994\",\"l2\":\"Mets surgel\u00E9s\",\"sl\":\"mini-rouleaux-de-printemps-au-poulet-congeles-wong-wing-22994\",\"sn\":\"\",\"idxP\":15},{\"mq\":\"Cavendish\",\"nm\":\"Rondelle d'oignon rouge en p\u00E2te \u00E0 frire surgel\u00E9e\",\"nme\":\"Frozen Spicy Breaded Red Onion Ring\",\"attr\":\"\",\"sku\":\"34125\",\"l2\":\"Mets surgel\u00E9s\",\"sl\":\"rondelle-doignon-rouge-en-pate-a-frire-surgelee-cavendish-34125\",\"sn\":\"onions, oignons\",\"idxP\":58},{\"mq\":\"Novali\",\"nm\":\"M\u00E9lange \u00E0 muffin raisin et son congel\u00E9\",\"nme\":\"Frozen Oat and Grape Muffin Mix\",\"attr\":\"\",\"sku\":\"18756\",\"l2\":\"P\u00E2tisserie surgel\u00E9e\",\"sl\":\"melange-a-muffin-raisin-et-son-congele-novali-18756\",\"sn\":\"raisins\",\"idxP\":14},{\"mq\":\"Wong Wing\",\"nm\":\"Mini rouleaux de printemps aux l\u00E9gumes congel\u00E9s\",\"nme\":\"Frozen Vegetable Mini Spring Rolls\",\"attr\":\"\",\"sku\":\"22997\",\"l2\":\"Mets surgel\u00E9s\",\"sl\":\"mini-rouleaux-de-printemps-aux-legumes-congeles-wong-wing-22997\",\"sn\":\"\",\"idxP\":20},{\"mq\":\"Jjwilk\",\"nm\":\"Pierogies aux 3 fromages congel\u00E9s\",\"nme\":\"Frozen 3 Cheese Pierogies\",\"attr\":\"\",\"sku\":\"08889\",\"l2\":\"P\u00E2tes surgel\u00E9es\",\"sl\":\"pierogies-aux-3-fromages-congeles-jjwilk-08889\",\"sn\":\"fromages\",\"idxP\":52},{\"mq\":\"Cavendish\",\"nm\":\"Rondelle d'oignon tempura surgel\u00E9e\",\"nme\":\"Frozen Crispy Tempura Onion Ring\",\"attr\":\"\",\"sku\":\"24427\",\"l2\":\"Mets surgel\u00E9s\",\"sl\":\"rondelle-doignon-tempura-surgelee-cavendish-24427\",\"sn\":\"onions, oignons\",\"idxP\":19},{\"mq\":\"Bridor\",\"nm\":\"Torsade au chocolat congel\u00E9e\",\"nme\":\"Frozen Chocolate Twist\",\"attr\":\"\",\"sku\":\"08985\",\"l2\":\"Boulangerie surgel\u00E9e\",\"sl\":\"torsade-au-chocolat-congelee-bridor-08985\",\"sn\":\"\",\"idxP\":70},{\"mq\":\"Canoa\",\"nm\":\"Pur\u00E9e de mangue congel\u00E9e\",\"nme\":\"Frozen Mango Puree\",\"attr\":\"\",\"sku\":\"11111\",\"l2\":\"Fruits et pur\u00E9e surgel\u00E9s\",\"sl\":\"puree-de-mangue-congelee-canoa-11111\",\"sn\":\"mangues\",\"idxP\":44},{\"mq\":\"Anchor\",\"nm\":\"Poppers japaleno pan\u00E9 surgel\u00E9\",\"nme\":\"Frozen Poppers Stuffed with Jalapeno\",\"attr\":\"\",\"sku\":\"02447\",\"l2\":\"Mets surgel\u00E9s\",\"sl\":\"poppers-japaleno-pane-surgele-anchor-02447\",\"sn\":\"\",\"idxP\":23},{\"mq\":\"Chef Nutri\",\"nm\":\"Guacamole\",\"nme\":\"Guacamole\",\"attr\":\"\",\"sku\":\"24404\",\"l2\":\"Fruits et pur\u00E9e surgel\u00E9s\",\"sl\":\"guacamole-chef-nutri-24404\",\"sn\":\"\",\"idxP\":92},{\"mq\":\"Taterchef\",\"nm\":\"Frite 3\\\/8 surgel\u00E9e\",\"nme\":\"Frozen Potato 3\\\/8\",\"attr\":\"\",\"sku\":\"22226\",\"l2\":\"L\u00E9gumes surgel\u00E9s\",\"sl\":\"frite-38-surgelee-taterchef-22226\",\"sn\":\"\",\"idxP\":76},{\"mq\":\"Cavendish\",\"nm\":\"Frites coupe r\u00E9guli\u00E8re \u00E0 enrobage 3\\\/8\\\" congel\u00E9es\",\"nme\":\"Frozen Straight Cut Clear Coat Potatoes 3\\\/8\\\"\",\"attr\":\"\",\"sku\":\"18699\",\"l2\":\"L\u00E9gumes surgel\u00E9s\",\"sl\":\"frites-coupe-reguliere-a-enrobage-38-congelees-cavendish-18699\",\"sn\":\"transparent\",\"idxP\":100},{\"mq\":\"Cavendish\",\"nm\":\"Frites \u00E9pic\u00E9es coupe r\u00E9guli\u00E8re 3\\\/8\\\" surgel\u00E9es\",\"nme\":\"Frozen 3\\\/8\\\" Spicy Potato Regular Cut\",\"attr\":\"\",\"sku\":\"33949\",\"l2\":\"L\u00E9gumes surgel\u00E9s\",\"sl\":\"frites-epicees-coupe-reguliere-38-surgelees-cavendish-33949\",\"sn\":\"\",\"idxP\":91},{\"mq\":\"Cavendish\",\"nm\":\"Frites patate douce surgel\u00E9es\",\"nme\":\"Frozen Sweet Potato French Fries\",\"attr\":\"\",\"sku\":\"36855\",\"l2\":\"L\u00E9gumes surgel\u00E9s\",\"sl\":\"frites-patate-douce-surgelees-cavendish-36855\",\"sn\":\"patates\",\"idxP\":84},{\"mq\":\"Cavendish\",\"nm\":\"Frites en rondelles dollars surgel\u00E9es\",\"nme\":\"Frozen Dollar Chip Fries\",\"attr\":\"\",\"sku\":\"33944\",\"l2\":\"L\u00E9gumes surgel\u00E9s\",\"sl\":\"frites-en-rondelles-dollars-surgelees-cavendish-33944\",\"sn\":\"pommes\",\"idxP\":94},{\"mq\":\"Hafner\",\"nm\":\"G\u00E2teau poire et caramel 12\\\"x16\\\" congel\u00E9\",\"nme\":\"Frozen Pear Caramel Cake 12\\\"x16\\\"\",\"attr\":\"\",\"sku\":\"07089\",\"l2\":\"P\u00E2tisserie surgel\u00E9e\",\"sl\":\"gateau-poire-et-caramel-12x16-congele-selection-du-patissier-07089\",\"sn\":\"poires\",\"idxP\":16},{\"mq\":\"Rich's\",\"nm\":\"Garniture fouett\u00E9e surgel\u00E9e\",\"nme\":\"Frozen Whipped Topping\",\"attr\":\"\",\"sku\":\"02646\",\"l2\":\"P\u00E2tisserie surgel\u00E9e\",\"sl\":\"garniture-fouettee-surgelee-richs-02646\",\"sn\":\"\",\"idxP\":90},{\"mq\":\"Rich's\",\"nm\":\"Garniture fouett\u00E9e On Top congel\u00E9e\",\"nme\":\"Frozen On Top Whipped Topping\",\"attr\":\"\",\"sku\":\"09649\",\"l2\":\"P\u00E2tisserie surgel\u00E9e\",\"sl\":\"garniture-fouettee-on-top-congelee-richs-09649\",\"sn\":\"\",\"idxP\":100},{\"mq\":\"Wong Wing\",\"nm\":\"P\u00E2t\u00E9s imp\u00E9riaux au poulet et champignons congel\u00E9s\",\"nme\":\"Frozen Chicken and Mushroom Egg Roll\",\"attr\":\"\",\"sku\":\"11579\",\"l2\":\"Mets surgel\u00E9s\",\"sl\":\"pates-imperiaux-au-poulet-et-champignons-congeles-wong-wing-11579\",\"sn\":\"\",\"idxP\":69},{\"mq\":\"Lilas\",\"nm\":\"P\u00E2te phyllo feuillet\u00E9e surgel\u00E9e\",\"nme\":\"Frozen Phyllo Dough\",\"attr\":\"\",\"sku\":\"06327\",\"l2\":\"P\u00E2tisserie surgel\u00E9e\",\"sl\":\"pate-phyllo-feuilletee-surgelee-lilas-06327\",\"sn\":\"\",\"idxP\":100},{\"mq\":\"Jjwilk\",\"nm\":\"Pierogies \u00E0 l'oignon congel\u00E9\",\"nme\":\"Frozen Onion Pierogies\",\"attr\":\"\",\"sku\":\"07841\",\"l2\":\"P\u00E2tes surgel\u00E9es\",\"sl\":\"pierogies-a-loignon-congele-jjwilk-07841\",\"sn\":\"onions, oignons\",\"idxP\":58},{\"mq\":\"Alasko\",\"nm\":\"Carottes en d\u00E9s 3\\\/8\\\" surgel\u00E9es\",\"nme\":\"Frozen IQF Diced Carrots 3\\\/8\\\"\",\"attr\":\"\",\"sku\":\"08406\",\"l2\":\"L\u00E9gumes surgel\u00E9s\",\"sl\":\"carottes-en-des-38-surgelees-alasko-08406\",\"sn\":\"carottes\",\"idxP\":90},{\"mq\":\"McCain\",\"nm\":\"G\u00E2teau au chocolat congel\u00E9\",\"nme\":\"Frozen Chocolate Cake\",\"attr\":\"\",\"sku\":\"11662\",\"l2\":\"P\u00E2tisserie surgel\u00E9e\",\"sl\":\"gateau-au-chocolat-congele-mccain-11662\",\"sn\":\"\",\"idxP\":26},{\"mq\":\"Canoa\",\"nm\":\"Pur\u00E9e de corossol congel\u00E9e\",\"nme\":\"Frozen Corrosol Puree\",\"attr\":\"\",\"sku\":\"11116\",\"l2\":\"Fruits et pur\u00E9e surgel\u00E9s\",\"sl\":\"puree-de-corossol-congelee-canoa-11116\",\"sn\":\"\",\"idxP\":68},{\"mq\":\"CaroKev\",\"nm\":\"P\u00E2te feuillet\u00E9e carr\u00E9e congel\u00E9e\",\"nme\":\"Frozen Square Puff Pastry Dough\",\"attr\":\"Sans lactose\",\"sku\":\"14815\",\"l2\":\"P\u00E2tisserie surgel\u00E9e\",\"sl\":\"pate-feuilletee-carree-congelee-carokev-14815\",\"sn\":\"\",\"idxP\":100},{\"mq\":\"Eggo\",\"nm\":\"Gaufre nature congel\u00E9e\",\"nme\":\"Frozen Neutral Waffle\",\"attr\":\"\",\"sku\":\"13273\",\"l2\":\"P\u00E2tisserie surgel\u00E9e\",\"sl\":\"gaufre-nature-congelee-eggo-13273\",\"sn\":\"\",\"idxP\":42},{\"mq\":\"McCain\",\"nm\":\"G\u00E2teau \u00E0 la vanille congel\u00E9\",\"nme\":\"Frozen Vanilla Cake\",\"attr\":\"\",\"sku\":\"11664\",\"l2\":\"P\u00E2tisserie surgel\u00E9e\",\"sl\":\"gateau-a-la-vanille-congele-mccain-11664\",\"sn\":\"\",\"idxP\":20},{\"mq\":\"Bridor\",\"nm\":\"Danoise amandine congel\u00E9e\",\"nme\":\"Frozen Almond Danish\",\"attr\":\"\",\"sku\":\"18658\",\"l2\":\"Boulangerie surgel\u00E9e\",\"sl\":\"danoise-amandine-congelee-bridor-18658\",\"sn\":\"croissants\",\"idxP\":82},{\"mq\":\"Hafner\",\"nm\":\"G\u00E2teau quatre-quarts double chocolat 15\\\" congel\u00E9\",\"nme\":\"Frozen Chocolate Duo Poundcake 15\\\"\",\"attr\":\"\",\"sku\":\"18739\",\"l2\":\"P\u00E2tisserie surgel\u00E9e\",\"sl\":\"gateau-quatre-quarts-double-chocolat-15-congele-selection-du-patissier-18739\",\"sn\":\"\",\"idxP\":21},{\"mq\":\"Jjwilk\",\"nm\":\"Pierogies au cheddar congel\u00E9\",\"nme\":\"Frozen Cheddar Pierogies 907 g\",\"attr\":\"\",\"sku\":\"07844\",\"l2\":\"P\u00E2tes surgel\u00E9es\",\"sl\":\"pierogies-au-cheddar-congele-jjwilk-07844\",\"sn\":\"\",\"idxP\":49},{\"mq\":\"Lloydies\",\"nm\":\"Feuillet\u00E9s style jama\u00EFcain au boeuf doux congel\u00E9\",\"nme\":\"Frozen Mild Beef Jamaican Style Patties\",\"attr\":\"Produit local\",\"sku\":\"16543\",\"l2\":\"Mets surgel\u00E9s\",\"sl\":\"feuilletes-style-jamaicain-au-boeuf-doux-congele-lloydies-16543\",\"sn\":\"\",\"idxP\":100},{\"mq\":\"Rich's\",\"nm\":\"Garniture dor\u00E9e congel\u00E9\",\"nme\":\"Frozen Golden Topping\",\"attr\":\"\",\"sku\":\"20460\",\"l2\":\"P\u00E2tisserie surgel\u00E9e\",\"sl\":\"garniture-doree-congele-richs-20460\",\"sn\":\"\",\"idxP\":53},{\"mq\":\"Villa Ravioli\",\"nm\":\"Rotolo aux champignons portobello congel\u00E9\",\"nme\":\"Frozen Portobello Mushrooms Rotolo\",\"attr\":\"Produit local\",\"sku\":\"18748\",\"l2\":\"P\u00E2tes surgel\u00E9es\",\"sl\":\"rotolo-aux-champignons-portobello-congele-villa-ravioli-18748\",\"sn\":\"\",\"idxP\":39},{\"mq\":\"Novali\",\"nm\":\"Fond de tarte sal\u00E9e surgel\u00E9e 9\\\"\",\"nme\":\"Frozen Unsweeted Pastry Shell 9\\\"\",\"attr\":\"\",\"sku\":\"21519\",\"l2\":\"P\u00E2tisserie surgel\u00E9e\",\"sl\":\"fond-de-tarte-salee-surgelee-9-novali-21519\",\"sn\":\"\",\"idxP\":45},{\"mq\":\"Janes\",\"nm\":\"Filet d'aiglefin pan\u00E9 congel\u00E9\",\"nme\":\"Frozen Breaded Haddock\",\"attr\":\"\",\"sku\":\"20231\",\"l2\":\"Poisson surgel\u00E9\",\"sl\":\"filet-daiglefin-pane-congele-janes-20231\",\"sn\":\"\",\"idxP\":29},{\"mq\":\"Novali\",\"nm\":\"Fond de tarte neutre 5\\\" surgel\u00E9e\",\"nme\":\"Frozen Bottom Crust 5\\\"\",\"attr\":\"\",\"sku\":\"22376\",\"l2\":\"P\u00E2tisserie surgel\u00E9e\",\"sl\":\"fond-de-tarte-neutre-5-surgelee-novali-22376\",\"sn\":\"\",\"idxP\":24},{\"mq\":\"Vinsar\",\"nm\":\"Boule de p\u00E2te \u00E0 pizza congel\u00E9e\",\"nme\":\"Frozen Pizza Dough Ball\",\"attr\":\"Produit local\",\"sku\":\"18791\",\"l2\":\"Pizza surgel\u00E9e\",\"sl\":\"boule-de-pate-a-pizza-congelee-vinsar-18791\",\"sn\":\"\",\"idxP\":86},{\"mq\":\"Janes\",\"nm\":\"Poisson en p\u00E2te \u00E0 la bi\u00E8re congel\u00E9\",\"nme\":\"Frozen Beer Battered Fish\",\"attr\":\"\",\"sku\":\"20235\",\"l2\":\"Poisson surgel\u00E9\",\"sl\":\"poisson-en-pate-a-la-biere-congele-janes-20235\",\"sn\":\"\",\"idxP\":22},{\"mq\":\"Flamingo\",\"nm\":\"Ailes de poulet \u00E9pic\u00E9es et piquantes surgel\u00E9es\",\"nme\":\"Frozen Hot Spicy Chicken Wings\",\"attr\":\"\",\"sku\":\"24013\",\"l2\":\"Viande surgel\u00E9e\",\"sl\":\"ailes-de-poulet-epicees-et-piquantes-surgelees-flamingo-24013\",\"sn\":\"\",\"idxP\":40},{\"mq\":\"Canoa\",\"nm\":\"Pur\u00E9e de goyave surgel\u00E9e\",\"nme\":\"Frozen Guava Puree\",\"attr\":\"\",\"sku\":\"24119\",\"l2\":\"Fruits et pur\u00E9e surgel\u00E9s\",\"sl\":\"puree-de-goyave-surgelee-canoa-24119\",\"sn\":\"\",\"idxP\":39},{\"mq\":\"Flamingo\",\"nm\":\"Poitrine de poulet surgel\u00E9e\",\"nme\":\"Frozen Chicken Breast\",\"attr\":\"\",\"sku\":\"23911\",\"l2\":\"Viande surgel\u00E9e\",\"sl\":\"poitrine-de-poulet-surgelee-flamingo-23911\",\"sn\":\"\",\"idxP\":24},{\"mq\":\"Rich's\",\"nm\":\"Base pour cr\u00E8me p\u00E2tissi\u00E8re surgel\u00E9e\",\"nme\":\"Frozen Base Custard\",\"attr\":\"\",\"sku\":\"24308\",\"l2\":\"P\u00E2tisserie surgel\u00E9e\",\"sl\":\"base-pour-creme-patissiere-surgelee-richs-24308\",\"sn\":\"\",\"idxP\":27},{\"mq\":\"Maple Lodge\",\"nm\":\"Poulet hach\u00E9 maigre halal surgel\u00E9\",\"nme\":\"Frozen Halal Lean Ground Chicken\",\"attr\":\"\",\"sku\":\"23720\",\"l2\":\"Viande surgel\u00E9e\",\"sl\":\"poulet-hache-maigre-halal-surgele-maple-lodge-23720\",\"sn\":\"\",\"idxP\":85},{\"mq\":\"Novali\",\"nm\":\"P\u00E2te \u00E0 tarte congel\u00E9e\",\"nme\":\"Frozen Pie Dough\",\"attr\":\"\",\"sku\":\"24100\",\"l2\":\"P\u00E2tisserie surgel\u00E9e\",\"sl\":\"pate-a-tarte-congelee-novali-24100\",\"sn\":\"\",\"idxP\":35},{\"mq\":\"Canoa\",\"nm\":\"Pur\u00E9e fruit de la passion surgel\u00E9e\",\"nme\":\"Frozen Passion Fruit Puree 32 oz\",\"attr\":\"\",\"sku\":\"23159\",\"l2\":\"Fruits et pur\u00E9e surgel\u00E9s\",\"sl\":\"puree-fruit-de-la-passion-surgelee-canoa-23159\",\"sn\":\"\",\"idxP\":100},{\"mq\":\"Flamingo\",\"nm\":\"Filet de poulet pan\u00E9 et surgel\u00E9\",\"nme\":\"Frozen Breaded Finger Chicken\",\"attr\":\"\",\"sku\":\"24011\",\"l2\":\"Viande surgel\u00E9e\",\"sl\":\"filet-de-poulet-pane-et-surgele-flamingo-24011\",\"sn\":\"\",\"idxP\":51},{\"mq\":\"Novali\",\"nm\":\"Fond de tarte surgel\u00E9e 3\\\"\",\"nme\":\"Frozen Pastry Shell 3\\\"\",\"attr\":\"\",\"sku\":\"21518\",\"l2\":\"P\u00E2tisserie surgel\u00E9e\",\"sl\":\"fond-de-tarte-surgelee-3-novali-21518\",\"sn\":\"\",\"idxP\":29},{\"mq\":\"Galco\",\"nm\":\"Burger de poitrine de poulet pan\u00E9 surgel\u00E9\",\"nme\":\"Frozen Chicken Breast Burger\",\"attr\":\"\",\"sku\":\"24715\",\"l2\":\"Viande surgel\u00E9e\",\"sl\":\"burger-de-poitrine-de-poulet-pane-surgele-galco-24715\",\"sn\":\"\",\"idxP\":32},{\"mq\":\"Canoa\",\"nm\":\"Pur\u00E9e de corossol congel\u00E9e\",\"nme\":\"Frozen Corossol Puree 32 oz\",\"attr\":\"\",\"sku\":\"24120\",\"l2\":\"Fruits et pur\u00E9e surgel\u00E9s\",\"sl\":\"puree-de-corossol-congelee-canoa-24120\",\"sn\":\"\",\"idxP\":82},{\"mq\":\"Rich's\",\"nm\":\"Gla\u00E7age fouett\u00E9e \u00E0 la vanille surgel\u00E9\",\"nme\":\"Frozen Vanilla Whip Icing\",\"attr\":\"\",\"sku\":\"24415\",\"l2\":\"P\u00E2tisserie surgel\u00E9e\",\"sl\":\"glacage-fouettee-a-la-vanille-surgele-richs-24415\",\"sn\":\"\",\"idxP\":16},{\"mq\":\"Romina\",\"nm\":\"P\u00E2te pour empanadas surgel\u00E9e\",\"nme\":\"Frozen Empanadas Dough\",\"attr\":\"\",\"sku\":\"24555\",\"l2\":\"P\u00E2tisserie surgel\u00E9e\",\"sl\":\"pate-pour-empanadas-surgelee-romina-24555\",\"sn\":\"\",\"idxP\":96},{\"mq\":\"Philly's\",\"nm\":\"Boeuf \u00E0 sandwich 3oz surgel\u00E9\",\"nme\":\"Frozen Beef Sandwich 3oz\",\"attr\":\"\",\"sku\":\"25000\",\"l2\":\"Viande surgel\u00E9e\",\"sl\":\"boeuf-a-sandwich-3oz-surgele-phillys-25000\",\"sn\":\"oeufs\",\"idxP\":66},{\"mq\":\"Lloydies\",\"nm\":\"Feuillet\u00E9s style jama\u00EFcain aux l\u00E9gumes congel\u00E9\",\"nme\":\"Frozen Vegetable Jamaican Style Patties\",\"attr\":\"Produit local\",\"sku\":\"25151\",\"l2\":\"Mets surgel\u00E9s\",\"sl\":\"feuilletes-style-jamaicain-aux-legumes-congele-lloydies-25151\",\"sn\":\"\",\"idxP\":88},{\"mq\":\"Canoa\",\"nm\":\"Pur\u00E9e de m\u00FBre surgel\u00E9e\",\"nme\":\"Frozen Blackberry Puree\",\"attr\":\"\",\"sku\":\"24117\",\"l2\":\"Fruits et pur\u00E9e surgel\u00E9s\",\"sl\":\"puree-de-mure-surgelee-canoa-24117\",\"sn\":\"\",\"idxP\":42},{\"mq\":\"Beaux G\u00E2teaux\",\"nm\":\"G\u00E2teau velour rouge et framboise 17\\\" surgel\u00E9\",\"nme\":\"Frozen red velvet & Raspberry Cake 17\\\"\",\"attr\":\"\",\"sku\":\"24363\",\"l2\":\"P\u00E2tisserie surgel\u00E9e\",\"sl\":\"gateau-velour-rouge-et-framboise-17-surgele-beaux-gateaux-24363\",\"sn\":\"framboises\",\"idxP\":44},{\"mq\":\"Eggo\",\"nm\":\"Gaufre nature surgel\u00E9e\",\"nme\":\"Frozen Neutral Waffle\",\"attr\":\"\",\"sku\":\"26362\",\"l2\":\"P\u00E2tisserie surgel\u00E9e\",\"sl\":\"gaufre-nature-surgelee-eggo-26362\",\"sn\":\"\",\"idxP\":52},{\"mq\":\"Beaux G\u00E2teaux\",\"nm\":\"G\u00E2teau cr\u00E8me et fraise 17\\\" surgel\u00E9\",\"nme\":\"Frozen Strawberry Cream Cake 17\\\"\",\"attr\":\"\",\"sku\":\"24368\",\"l2\":\"P\u00E2tisserie surgel\u00E9e\",\"sl\":\"gateau-creme-et-fraise-17-surgele-beaux-gateaux-24368\",\"sn\":\"fraises\",\"idxP\":40},{\"mq\":\"Wong Wing\",\"nm\":\"P\u00E2t\u00E9s imp\u00E9riaux aux l\u00E9gumes surgel\u00E9s\",\"nme\":\"Frozen Vegetable Egg Rolls\",\"attr\":\"\",\"sku\":\"25163\",\"l2\":\"Mets surgel\u00E9s\",\"sl\":\"pates-imperiaux-aux-legumes-surgeles-wong-wing-25163\",\"sn\":\"\",\"idxP\":68},{\"mq\":\"Bridor\",\"nm\":\"Mini croissant au beurre surgel\u00E9\",\"nme\":\"Frozen Butter Mini Croissant\",\"attr\":\"\",\"sku\":\"25040\",\"l2\":\"Boulangerie surgel\u00E9e\",\"sl\":\"mini-croissant-au-beurre-surgele-bridor-25040\",\"sn\":\"croissants\",\"idxP\":65},{\"mq\":\"Piu Che Dolci\",\"nm\":\"Petit cannoli vide surgel\u00E9\",\"nme\":\"Frozen Small Empty Cannoli\",\"attr\":\"\",\"sku\":\"26227\",\"l2\":\"P\u00E2tisserie surgel\u00E9e\",\"sl\":\"petit-cannoli-vide-surgele-piu-che-dolci-26227\",\"sn\":\"\",\"idxP\":23},{\"mq\":\"Bridor\",\"nm\":\"Chocolatine non cuit surgel\u00E9e\",\"nme\":\"Frozen Chocolatine\",\"attr\":\"\",\"sku\":\"31124\",\"l2\":\"P\u00E2tisserie surgel\u00E9e\",\"sl\":\"chocolatine-non-cuit-surgelee-bridor-31124\",\"sn\":\"\",\"idxP\":80},{\"mq\":\"Cavendish\",\"nm\":\"Quartier  frite ail et romarin surgel\u00E9e\",\"nme\":\"Frozen Garlic and Rosemary Quarter Fries\",\"attr\":\"\",\"sku\":\"24931\",\"l2\":\"L\u00E9gumes surgel\u00E9s\",\"sl\":\"quartier-frite-ail-et-romarin-surgelee-cavendish-24931\",\"sn\":\"\",\"idxP\":100},{\"mq\":\"Bridor\",\"nm\":\"Danoise aux pommes surgel\u00E9e\",\"nme\":\"Frozen Apple Danish\",\"attr\":\"\",\"sku\":\"25827\",\"l2\":\"Boulangerie surgel\u00E9e\",\"sl\":\"danoise-aux-pommes-surgelee-bridor-25827\",\"sn\":\"apples, pommes\",\"idxP\":32},{\"mq\":\"Wong Wing\",\"nm\":\"Won ton porc non-cuits\",\"nme\":\"Uncooked Pork Won Ton\",\"attr\":\"\",\"sku\":\"26552\",\"l2\":\"P\u00E2tes surgel\u00E9es\",\"sl\":\"won-ton-porc-non-cuits-wong-wing-26552\",\"sn\":\"\",\"idxP\":49},{\"mq\":\"Bridor\",\"nm\":\"Danoise cerise et yogourt grec surgel\u00E9e\",\"nme\":\"Frozen Cherry and Greek Yogurt Danish\",\"attr\":\"\",\"sku\":\"25039\",\"l2\":\"Boulangerie surgel\u00E9e\",\"sl\":\"danoise-cerise-et-yogourt-grec-surgelee-bridor-25039\",\"sn\":\"\",\"idxP\":83},{\"mq\":\"Bridor\",\"nm\":\"Mini danoises aux framboises surgel\u00E9es\",\"nme\":\"Frozen Mini Raspberry Danish Basket\",\"attr\":\"\",\"sku\":\"32923\",\"l2\":\"Boulangerie surgel\u00E9e\",\"sl\":\"mini-danoises-aux-framboises-surgelees-bridor-32923\",\"sn\":\"framboises\",\"idxP\":30},{\"mq\":\"Beaux G\u00E2teaux\",\"nm\":\"G\u00E2teau cr\u00E8me et citron 17\\\" surgel\u00E9\",\"nme\":\"Frozen Lemon Cream Cake 17\\\"\",\"attr\":\"\",\"sku\":\"24367\",\"l2\":\"P\u00E2tisserie surgel\u00E9e\",\"sl\":\"gateau-creme-et-citron-17-surgele-beaux-gateaux-24367\",\"sn\":\"citrons\",\"idxP\":23},{\"mq\":\"Vespucci\",\"nm\":\"Cannelloni \u00E0 la viande surgel\u00E9\",\"nme\":\"Frozen Meat Cannelloni\",\"attr\":\"Produit local\",\"sku\":\"33276\",\"l2\":\"P\u00E2tes surgel\u00E9es\",\"sl\":\"cannelloni-a-la-viande-surgele-vespucci-33276\",\"sn\":\"\",\"idxP\":95},{\"mq\":\"Vespucci\",\"nm\":\"Coquilles \u00E9pinard et fromage surgel\u00E9es\",\"nme\":\"Frozen Spinach and Cheese Shells\",\"attr\":\"\",\"sku\":\"33279\",\"l2\":\"P\u00E2tes surgel\u00E9es\",\"sl\":\"coquilles-epinard-et-fromage-surgelees-vespucci-33279\",\"sn\":\"\u00E9pinards, fromages\",\"idxP\":65},{\"mq\":\"Canoa\",\"nm\":\"Pur\u00E9e fruit de la passion surgel\u00E9e\",\"nme\":\"Frozen Passion Fruit Puree\",\"attr\":\"\",\"sku\":\"24118\",\"l2\":\"Fruits et pur\u00E9e surgel\u00E9s\",\"sl\":\"puree-fruit-de-la-passion-surgelee-canoa-24118\",\"sn\":\"\",\"idxP\":85},{\"mq\":\"Bridor\",\"nm\":\"Panier de mini danoises aux pommes surgel\u00E9es\",\"nme\":\"Frozen Apple Mini Danish Basket\",\"attr\":\"\",\"sku\":\"32925\",\"l2\":\"Boulangerie surgel\u00E9e\",\"sl\":\"panier-de-mini-danoises-aux-pommes-surgelees-bridor-32925\",\"sn\":\"apples, pommes\",\"idxP\":54},{\"mq\":\"Vespucci\",\"nm\":\"Gnocchi pomme de terre surgel\u00E9\",\"nme\":\"Frozen Potato Gnocchi\",\"attr\":\"Produit local\",\"sku\":\"33283\",\"l2\":\"P\u00E2tes surgel\u00E9es\",\"sl\":\"gnocchi-pomme-de-terre-surgele-vespucci-33283\",\"sn\":\"pommes\",\"idxP\":82},{\"mq\":\"Vespucci\",\"nm\":\"Manicotti \u00E9pinard surgel\u00E9\",\"nme\":\"Frozen Spinach Manicotti\",\"attr\":\"Produit local\",\"sku\":\"33277\",\"l2\":\"P\u00E2tes surgel\u00E9es\",\"sl\":\"manicotti-epinard-surgele-vespucci-33277\",\"sn\":\"\u00E9pinards\",\"idxP\":91},{\"mq\":\"Vespucci\",\"nm\":\"Tortellini au fromage surgel\u00E9\",\"nme\":\"Frozen Cheese Tortellini\",\"attr\":\"Produit local\",\"sku\":\"33278\",\"l2\":\"P\u00E2tes surgel\u00E9es\",\"sl\":\"tortellini-au-fromage-surgele-vespucci-33278\",\"sn\":\"fromages\",\"idxP\":77},{\"mq\":\"Vespucci\",\"nm\":\"Tortellini \u00E0 la viande surgel\u00E9\",\"nme\":\"Frozen Meat Tortellini\",\"attr\":\"\",\"sku\":\"33284\",\"l2\":\"P\u00E2tes surgel\u00E9es\",\"sl\":\"tortellini-a-la-viande-surgele-vespucci-33284\",\"sn\":\"\",\"idxP\":70},{\"mq\":\"Flamingo\",\"nm\":\"Lani\u00E8re de poulet cyberbyte surgel\u00E9\",\"nme\":\"Frozen Cyberbyte Breaded Chicken Strip\",\"attr\":\"\",\"sku\":\"32995\",\"l2\":\"Viande surgel\u00E9e\",\"sl\":\"laniere-de-poulet-cyberbyte-surgele-flamingo-32995\",\"sn\":\"\",\"idxP\":52},{\"mq\":\"Vespucci\",\"nm\":\"Mini ravioli \u00E0 la viande surgel\u00E9\",\"nme\":\"Frozen Meat Mini Ravioli\",\"attr\":\"\",\"sku\":\"33285\",\"l2\":\"P\u00E2tes surgel\u00E9es\",\"sl\":\"mini-ravioli-a-la-viande-surgele-vespucci-33285\",\"sn\":\"\",\"idxP\":80},{\"mq\":\"Wong Wing\",\"nm\":\"P\u00E2tes \u00E0 Won Ton surgel\u00E9\",\"nme\":\"Frozen Won Ton Covers\",\"attr\":\"\",\"sku\":\"33690\",\"l2\":\"P\u00E2tisserie surgel\u00E9e\",\"sl\":\"pates-a-won-ton-surgele-wong-wing-33690\",\"sn\":\"\",\"idxP\":90},{\"mq\":\"Beaux G\u00E2teaux\",\"nm\":\"G\u00E2teau for\u00EAt noire surgel\u00E9 12\\\"x17\\\"\",\"nme\":\"Frozen Black Forest Cake 17\\\"\",\"attr\":\"\",\"sku\":\"33625\",\"l2\":\"P\u00E2tisserie surgel\u00E9e\",\"sl\":\"gateau-foret-noire-surgele-12x17-beaux-gateaux-33625\",\"sn\":\"\",\"idxP\":52},{\"mq\":\"Canoa\",\"nm\":\"Pur\u00E9e de mangue surgel\u00E9e\",\"nme\":\"Frozen Mango Puree\",\"attr\":\"\",\"sku\":\"33960\",\"l2\":\"Fruits et pur\u00E9e surgel\u00E9s\",\"sl\":\"puree-de-mangue-surgelee-canoa-33960\",\"sn\":\"mangues\",\"idxP\":63},{\"mq\":\"Ppo\",\"nm\":\"P\u00E2te feuillet\u00E9e en feuilles surgel\u00E9e\",\"nme\":\"Frozen Puff Pastry Sheets\",\"attr\":\"\",\"sku\":\"34673\",\"l2\":\"P\u00E2tisserie surgel\u00E9e\",\"sl\":\"pate-feuilletee-en-feuilles-surgelee-ppo-34673\",\"sn\":\"\",\"idxP\":62},{\"mq\":\"Vespucci\",\"nm\":\"Ravioli \u00E0 la viande surgel\u00E9\",\"nme\":\"Frozen Meat Ravioli\",\"attr\":\"Produit local\",\"sku\":\"34856\",\"l2\":\"P\u00E2tes surgel\u00E9es\",\"sl\":\"ravioli-a-la-viande-surgele-vespucci-34856\",\"sn\":\"\",\"idxP\":81},{\"mq\":\"Skoulakis\",\"nm\":\"Gyros de boeuf surgel\u00E9\",\"nme\":\"Frozen Gyros Beef\",\"attr\":\"Sans gluten\",\"sku\":\"35084\",\"l2\":\"Viande surgel\u00E9e\",\"sl\":\"gyros-de-boeuf-surgele-skoulakis-35084\",\"sn\":\"oeufs\",\"idxP\":62},{\"mq\":\"Novali\",\"nm\":\"Cro\u00FBtes \u00E0 tarte dentel\u00E9es sucr\u00E9es 3\\\" surgel\u00E9es\",\"nme\":\"Frozen Crimped Sweetened Bottom Pie Shell 3\\\"\",\"attr\":\"\",\"sku\":\"31183\",\"l2\":\"P\u00E2tisserie surgel\u00E9e\",\"sl\":\"croutes-a-tarte-dentelees-sucrees-3-surgelees-novali-31183\",\"sn\":\"\",\"idxP\":22},{\"mq\":\"Vespucci\",\"nm\":\"Ravioli au fromage surgel\u00E9\",\"nme\":\"Frozen Cheese Ravioli\",\"attr\":\"\",\"sku\":\"34860\",\"l2\":\"P\u00E2tes surgel\u00E9es\",\"sl\":\"ravioli-au-fromage-surgele-vespucci-34860\",\"sn\":\"fromages\",\"idxP\":72},{\"mq\":\"Vespucci\",\"nm\":\"Tortellini \u00E0 la viande congel\u00E9\",\"nme\":\"Frozen Meat Tortellini\",\"attr\":\"\",\"sku\":\"36123\",\"l2\":\"P\u00E2tes surgel\u00E9es\",\"sl\":\"tortellini-a-la-viande-congele-vespucci-36123\",\"sn\":\"\",\"idxP\":83},{\"mq\":\"Vespucci\",\"nm\":\"Tortellone \u00E0 la viande surgel\u00E9\",\"nme\":\"Frozen Meat Tortellone\",\"attr\":\"\",\"sku\":\"33286\",\"l2\":\"P\u00E2tes surgel\u00E9es\",\"sl\":\"tortellone-a-la-viande-surgele-vespucci-33286\",\"sn\":\"\",\"idxP\":75},{\"mq\":\"Bridor\",\"nm\":\"Panier de mini viennoiseries assorties surgel\u00E9es\",\"nme\":\"Frozen Assorted Mini Pastries Basket\",\"attr\":\"\",\"sku\":\"34564\",\"l2\":\"Boulangerie surgel\u00E9e\",\"sl\":\"panier-de-mini-viennoiseries-assorties-surgelees-bridor-34564\",\"sn\":\"\",\"idxP\":4},{\"mq\":\"Vespucci\",\"nm\":\"Ravioli au fromage congel\u00E9\",\"nme\":\"Frozen Cheese Ravioli\",\"attr\":\"\",\"sku\":\"36125\",\"l2\":\"P\u00E2tes surgel\u00E9es\",\"sl\":\"ravioli-au-fromage-congele-vespucci-36125\",\"sn\":\"fromages\",\"idxP\":76},{\"mq\":\"Beaux G\u00E2teaux\",\"nm\":\"G\u00E2teau \u00E0 la carotte surgel\u00E9 12\\\"x17\\\"\",\"nme\":\"Frozen Carrot Cake 12\\\" x 17 \\\"\",\"attr\":\"\",\"sku\":\"33624\",\"l2\":\"P\u00E2tisserie surgel\u00E9e\",\"sl\":\"gateau-a-la-carotte-surgele-12x17-beaux-gateaux-33624\",\"sn\":\"carottes\",\"idxP\":43},{\"mq\":\"Petite P\u00E2tissi\u00E8re\",\"nm\":\"Boule de p\u00E2te \u00E0 pizza surgel\u00E9\",\"nme\":\"Frozen Pizza Dough Ball\",\"attr\":\"Produit local\",\"sku\":\"35517\",\"l2\":\"Pizza surgel\u00E9e\",\"sl\":\"boule-de-pate-a-pizza-surgele-petite-patissiere-35517\",\"sn\":\"\",\"idxP\":100},{\"mq\":\"Vespucci\",\"nm\":\"Ravioli \u00E0 la viande congel\u00E9\",\"nme\":\"Frozen Meat Ravioli\",\"attr\":\"\",\"sku\":\"36124\",\"l2\":\"P\u00E2tes surgel\u00E9es\",\"sl\":\"ravioli-a-la-viande-congele-vespucci-36124\",\"sn\":\"\",\"idxP\":73},{\"mq\":\"Vespucci\",\"nm\":\"Mini ravioli aux 3 fromages surgel\u00E9\",\"nme\":\"Frozen 3 Cheese Mini Ravioli\",\"attr\":\"\",\"sku\":\"34857\",\"l2\":\"P\u00E2tes surgel\u00E9es\",\"sl\":\"mini-ravioli-aux-3-fromages-surgele-vespucci-34857\",\"sn\":\"fromages\",\"idxP\":80},{\"mq\":\"Casa Morena\",\"nm\":\"Mini arancini margherita surgel\u00E9\",\"nme\":\"Frozen Margherita Mini Arancini\",\"attr\":\"Produit local\",\"sku\":\"37247\",\"l2\":\"Mets surgel\u00E9s\",\"sl\":\"mini-arancini-margherita-surgele-casa-morena-37247\",\"sn\":\"\",\"idxP\":75},{\"mq\":\"Casa Morena\",\"nm\":\"Mini arancini \u00E0 la ricotta surgel\u00E9\",\"nme\":\"Frozen Ricotta Mini Arancini\",\"attr\":\"\",\"sku\":\"37249\",\"l2\":\"Mets surgel\u00E9s\",\"sl\":\"mini-arancini-a-la-ricotta-surgele-casa-morena-37249\",\"sn\":\"\",\"idxP\":52},{\"mq\":\"Novali\",\"nm\":\"M\u00E9lange \u00E0 muffin double chocolat surgel\u00E9\",\"nme\":\"Frozen Double Chocolate Muffin Mix\",\"attr\":\"\",\"sku\":\"38741\",\"l2\":\"P\u00E2tisserie surgel\u00E9e\",\"sl\":\"melange-a-muffin-double-chocolat-surgele-novali-38741\",\"sn\":\"\",\"idxP\":28},{\"mq\":\"Wong Wing\",\"nm\":\"Soupe Won Ton surgel\u00E9e\",\"nme\":\"Frozen Won Ton Soup\",\"attr\":\"\",\"sku\":\"38585\",\"l2\":\"Mets surgel\u00E9s\",\"sl\":\"soupe-won-ton-surgelee-wong-wing-38585\",\"sn\":\"\",\"idxP\":63},{\"mq\":\"Arahova\",\"nm\":\"Porc souvlaki surgel\u00E9\",\"nme\":\"Frozen Pork souvlaki\",\"attr\":\"\",\"sku\":\"39243\",\"l2\":\"Viande surgel\u00E9e\",\"sl\":\"porc-souvlaki-surgele-arahova-39243\",\"sn\":\"\",\"idxP\":33},{\"mq\":\"Hafner\",\"nm\":\"G\u00E2teau \u00E9rable 16\\\" x12 surgel\u00E9\",\"nme\":\"Frozen Maple Cake 12\\\"x16\\\"\",\"attr\":\"\",\"sku\":\"44531\",\"l2\":\"P\u00E2tisserie surgel\u00E9e\",\"sl\":\"gateau-erable-16-x12-surgele-selection-du-patissier-44531\",\"sn\":\"\",\"idxP\":19},{\"mq\":\"Vespucci\",\"nm\":\"Tortellini au fromage congel\u00E9\",\"nme\":\"Frozen Cheese Tortellini\",\"attr\":\"\",\"sku\":\"36126\",\"l2\":\"P\u00E2tes surgel\u00E9es\",\"sl\":\"tortellini-au-fromage-congele-vespucci-36126\",\"sn\":\"fromages\",\"idxP\":89},{\"mq\":\"Villa Ravioli\",\"nm\":\"Rotolo v\u00E9g\u00E9tariens \u00E0 la milanaise surgel\u00E9\",\"nme\":\"Frozen Milanese Vegetarian Rotolo\",\"attr\":\"Produit local\",\"sku\":\"37503\",\"l2\":\"P\u00E2tes surgel\u00E9es\",\"sl\":\"rotolo-vegetariens-a-la-milanaise-surgele-villa-ravioli-37503\",\"sn\":\"\",\"idxP\":40},{\"mq\":\"Beaux G\u00E2teaux\",\"nm\":\"G\u00E2teau \u00E0 la cr\u00E8me \u00E0 l'\u00E9rable surgel\u00E9\",\"nme\":\"Frozen Maple Cream Cake\",\"attr\":\"\",\"sku\":\"36465\",\"l2\":\"P\u00E2tisserie surgel\u00E9e\",\"sl\":\"gateau-a-la-creme-a-lerable-surgele-beaux-gateaux-36465\",\"sn\":\"\",\"idxP\":33},{\"mq\":\"Alasko\",\"nm\":\"Oignons perles surgel\u00E9s\",\"nme\":\"Frozen IQF Pearl Onions\",\"attr\":\"\",\"sku\":\"37506\",\"l2\":\"L\u00E9gumes surgel\u00E9s\",\"sl\":\"oignons-perles-surgeles-alasko-37506\",\"sn\":\"onions, oignons\",\"idxP\":50},{\"mq\":\"Villa Ravioli\",\"nm\":\"Medaglione au veau et prosciutto surgel\u00E9\",\"nme\":\"Frozen Veal Prosciutto Medaglione\",\"attr\":\"Produit local\",\"sku\":\"37525\",\"l2\":\"P\u00E2tes surgel\u00E9es\",\"sl\":\"medaglione-au-veau-et-prosciutto-surgele-villa-ravioli-37525\",\"sn\":\"\",\"idxP\":79},{\"mq\":\"Villa Ravioli\",\"nm\":\"Medaglione 4 fromages surgel\u00E9\",\"nme\":\"Frozen 4 Cheese Medaglione\",\"attr\":\"Produit local\",\"sku\":\"37505\",\"l2\":\"P\u00E2tes surgel\u00E9es\",\"sl\":\"medaglione-4-fromages-surgele-villa-ravioli-37505\",\"sn\":\"fromages\",\"idxP\":63},{\"mq\":\"Villa Ravioli\",\"nm\":\"Mini tortellini au fromage surgel\u00E9\",\"nme\":\"Frozen Cheese Mini Tortellini\",\"attr\":\"Produit local\",\"sku\":\"37526\",\"l2\":\"P\u00E2tes surgel\u00E9es\",\"sl\":\"mini-tortellini-au-fromage-surgele-villa-ravioli-37526\",\"sn\":\"fromages\",\"idxP\":66},{\"mq\":\"Novali\",\"nm\":\"M\u00E9lange \u00E0 muffin bleuet surgel\u00E9\",\"nme\":\"Frozen Blueberri Muffin Mix\",\"attr\":\"\",\"sku\":\"38744\",\"l2\":\"P\u00E2tisserie surgel\u00E9e\",\"sl\":\"melange-a-muffin-bleuet-surgele-novali-38744\",\"sn\":\"\",\"idxP\":25},{\"mq\":\"Casa Morena\",\"nm\":\"Mini arancini aux champignons surgel\u00E9\",\"nme\":\"Frozen Mushroom Mini Arancini\",\"attr\":\"Produit local\",\"sku\":\"37248\",\"l2\":\"Mets surgel\u00E9s\",\"sl\":\"mini-arancini-aux-champignons-surgele-casa-morena-37248\",\"sn\":\"\",\"idxP\":59},{\"mq\":\"Novali\",\"nm\":\"M\u00E9lange \u00E0 muffin pomme et cannelle surgel\u00E9\",\"nme\":\"Frozen Apple and Cinnamon Muffin Mix\",\"attr\":\"\",\"sku\":\"38500\",\"l2\":\"P\u00E2tisserie surgel\u00E9e\",\"sl\":\"melange-a-muffin-pomme-et-cannelle-surgele-novali-38500\",\"sn\":\"apples, pommes\",\"idxP\":11},{\"mq\":\"Novali\",\"nm\":\"M\u00E9lange \u00E0 muffin morceaux de chocolat surgel\u00E9\",\"nme\":\"Frozen Chocolate Chunk Muffin Mix\",\"attr\":\"\",\"sku\":\"38746\",\"l2\":\"P\u00E2tisserie surgel\u00E9e\",\"sl\":\"melange-a-muffin-morceaux-de-chocolat-surgele-novali-38746\",\"sn\":\"\",\"idxP\":18}], [{\"mq\":\"Villa Ravioli\",\"nm\":\"Mini tortellini \u00E0 la viande surgel\u00E9\",\"nme\":\"Frozen Meat Filled Mini Tortellini\",\"attr\":\"Produit local\",\"sku\":\"37504\",\"l2\":\"P\u00E2tes surgel\u00E9es\",\"sl\":\"mini-tortellini-a-la-viande-surgele-villa-ravioli-37504\",\"sn\":\"\",\"idxP\":60},{\"mq\":\"Alasko\",\"nm\":\"Tiges d'asperges surgel\u00E9es\",\"nme\":\"Frozen IQF Asparagus Spears\",\"attr\":\"\",\"sku\":\"41251\",\"l2\":\"L\u00E9gumes surgel\u00E9s\",\"sl\":\"tiges-dasperges-surgelees-alasko-41251\",\"sn\":\"\",\"idxP\":93},{\"mq\":\"Hafner\",\"nm\":\"G\u00E2teau tiramisu 12\\\" x 16\\\" surgel\u00E9\",\"nme\":\"Frozen Tiramisu Cake 12\\\" x 16\\\"\",\"attr\":\"\",\"sku\":\"43967\",\"l2\":\"P\u00E2tisserie surgel\u00E9e\",\"sl\":\"gateau-tiramisu-12-x-16-surgele-selection-du-patissier-43967\",\"sn\":\"\",\"idxP\":24},{\"mq\":\"Novali\",\"nm\":\"M\u00E9lange \u00E0 muffin carotte surgel\u00E9\",\"nme\":\"Frozen Carrot Muffin Mix\",\"attr\":\"\",\"sku\":\"38742\",\"l2\":\"P\u00E2tisserie surgel\u00E9e\",\"sl\":\"melange-a-muffin-carotte-surgele-novali-38742\",\"sn\":\"carottes\",\"idxP\":16},{\"mq\":\"Skoulakis\",\"nm\":\"Pain pita surgel\u00E9\",\"nme\":\"Frozen Pita Bread\",\"attr\":\"\",\"sku\":\"39130\",\"l2\":\"Boulangerie surgel\u00E9e\",\"sl\":\"pain-pita-surgele-skoulakis-39130\",\"sn\":\"\",\"idxP\":90},{\"mq\":\"Hafner\",\"nm\":\"G\u00E2teau \u00E0 la carotte 16\\\" surgel\u00E9\",\"nme\":\"Frozen Carrot Cake 16\\\"\",\"attr\":\"\",\"sku\":\"44534\",\"l2\":\"P\u00E2tisserie surgel\u00E9e\",\"sl\":\"gateau-a-la-carotte-16-surgele-selection-du-patissier-44534\",\"sn\":\"carottes\",\"idxP\":7},{\"mq\":\"Villa Ravioli\",\"nm\":\"P\u00E2tes \u00E0 lasagne congel\u00E9es\",\"nme\":\"Frozen Lasagna Pasta Sheets\",\"attr\":\"Produit local\",\"sku\":\"44359\",\"l2\":\"P\u00E2tes surgel\u00E9es\",\"sl\":\"pates-a-lasagne-congelees-villa-ravioli-44359\",\"sn\":\"\",\"idxP\":62},{\"mq\":\"Hafner\",\"nm\":\"G\u00E2teau New-York 9\\\" surgel\u00E9\",\"nme\":\"Frozen New-York Cheese Cake 9\\\"\",\"attr\":\"\",\"sku\":\"44536\",\"l2\":\"P\u00E2tisserie surgel\u00E9e\",\"sl\":\"gateau-new-york-9-surgele-selection-du-patissier-44536\",\"sn\":\"fromages\",\"idxP\":22},{\"mq\":\"Novali\",\"nm\":\"M\u00E9lange \u00E0 muffin 4 fruits surgel\u00E9\",\"nme\":\"Frozen 4 Fruits Muffin Mix\",\"attr\":\"\",\"sku\":\"38745\",\"l2\":\"P\u00E2tisserie surgel\u00E9e\",\"sl\":\"melange-a-muffin-4-fruits-surgele-novali-38745\",\"sn\":\"\",\"idxP\":23},{\"mq\":\"Vespucci\",\"nm\":\"Ravioli fromage \u00E9pinard surgel\u00E9\",\"nme\":\"Frozen Spinach Cheese Ravioli\",\"attr\":\"Produit local\",\"sku\":\"49427\",\"l2\":\"P\u00E2tes surgel\u00E9es\",\"sl\":\"ravioli-fromage-epinard-surgele-vespucci-49427\",\"sn\":\"\u00E9pinards, fromages\",\"idxP\":82},{\"mq\":\"Schneiders\",\"nm\":\"Boulettes de viande surgel\u00E9e\",\"nme\":\"Frozen Meatballs\",\"attr\":\"\",\"sku\":\"44524\",\"l2\":\"Viande surgel\u00E9e\",\"sl\":\"boulettes-de-viande-surgelee-schneiders-44524\",\"sn\":\"\",\"idxP\":28},{\"mq\":\"Villa Ravioli\",\"nm\":\"Cannelloni au veau sans lactose surgel\u00E9\",\"nme\":\"Frozen Lactose Free Veal Tortellini\",\"attr\":\"Sans lactose, Produit local\",\"sku\":\"46656\",\"l2\":\"P\u00E2tes surgel\u00E9es\",\"sl\":\"cannelloni-au-veau-sans-lactose-surgele-villa-ravioli-46656\",\"sn\":\"\",\"idxP\":47},{\"mq\":\"Hafner\",\"nm\":\"G\u00E2teau brownie 12\\\"x16\\\" surgel\u00E9\",\"nme\":\"Frozen Brownie Cakes 16\\\" x12\",\"attr\":\"\",\"sku\":\"44533\",\"l2\":\"P\u00E2tisserie surgel\u00E9e\",\"sl\":\"gateau-brownie-12x16-surgele-selection-du-patissier-44533\",\"sn\":\"\",\"idxP\":20},{\"mq\":\"Aqua Gems\",\"nm\":\"Crevettes crues pel\u00E9es d\u00E9vein\u00E9es 16\\\/20 surgel\u00E9es\",\"nme\":\"Frozen Raw Shrimps 16\\\/20\",\"attr\":\"\",\"sku\":\"27541\",\"l2\":\"Fruit de mer surgel\u00E9\",\"sl\":\"crevettes-crues-pelees-deveinees-1620-surgelees-aqua-gems-27541\",\"sn\":\"crevettes\",\"idxP\":96},{\"mq\":\"Hafner\",\"nm\":\"Pouding ch\u00F4meur\",\"nme\":\"Poor Man Pudding\",\"attr\":\"\",\"sku\":\"27667\",\"l2\":\"P\u00E2tisserie surgel\u00E9e\",\"sl\":\"pouding-chomeur-selection-du-patissier-27667\",\"sn\":\"\",\"idxP\":13},{\"mq\":\"Sea Horse\",\"nm\":\"Crevettes cuites 70\\\/90 surgel\u00E9es\",\"nme\":\"Frozen 70\\\/90 Cooked Shrimp\",\"attr\":\"\",\"sku\":\"02222\",\"l2\":\"Fruit de mer surgel\u00E9\",\"sl\":\"crevettes-cuites-7090-surgelees-sea-horse-02222\",\"sn\":\"crevettes\",\"idxP\":93},{\"mq\":\"Pearlmark\",\"nm\":\"P\u00E9toncle 150\\\/200 congel\u00E9e\",\"nme\":\"Frozen Scalopp 150\\\/200\",\"attr\":\"\",\"sku\":\"12644\",\"l2\":\"Fruit de mer surgel\u00E9\",\"sl\":\"petoncle-150200-congelee-pearlmark-12644\",\"sn\":\"\",\"idxP\":59},{\"mq\":\"Blue Tide\",\"nm\":\"Filet de tilapia congel\u00E9\",\"nme\":\"Frozen tilapia Fillet\",\"attr\":\"\",\"sku\":\"09859\",\"l2\":\"Poisson surgel\u00E9\",\"sl\":\"filet-de-tilapia-congele-blue-tide-09859\",\"sn\":\"\",\"idxP\":83},{\"mq\":\"El-Mio\",\"nm\":\"Empanadas aux \u00E9pinards congel\u00E9es\",\"nme\":\"Frozen Spinach Empanadas\",\"attr\":\"\",\"sku\":\"11843\",\"l2\":\"Mets surgel\u00E9s\",\"sl\":\"empanadas-aux-epinards-congelees-el-mio-11843\",\"sn\":\"\u00E9pinards\",\"idxP\":36},{\"mq\":\"Coaticook\",\"nm\":\"Cr\u00E8me glac\u00E9e \u00E0 l'ancienne brisures de chocolat\",\"nme\":\"Frozen Chocolate Flakes Old-Style Ice Cream\",\"attr\":\"Aliment du Qu\u00E9bec, Produit local\",\"sku\":\"18803\",\"l2\":\"Cr\u00E8me glac\u00E9e et sorbet\",\"sl\":\"creme-glacee-a-lancienne-brisures-de-chocolat-coaticook-18803\",\"sn\":\"\",\"idxP\":24},{\"mq\":\"El-Mio\",\"nm\":\"Calzone tout garni congel\u00E9\",\"nme\":\"Frozen Calzone All Dressed\",\"attr\":\"\",\"sku\":\"11842\",\"l2\":\"Mets surgel\u00E9s\",\"sl\":\"calzone-tout-garni-congele-el-mio-11842\",\"sn\":\"\",\"idxP\":54},{\"mq\":\"Royal Harbour\",\"nm\":\"Saumon fum\u00E9 norv\u00E9gien surgel\u00E9\",\"nme\":\"Frozen Norwegian Smoked Salmon\",\"attr\":\"\",\"sku\":\"25897\",\"l2\":\"Poisson surgel\u00E9\",\"sl\":\"saumon-fume-norvegien-surgele-royal-harbour-25897\",\"sn\":\"\",\"idxP\":97},{\"mq\":\"Dom\",\"nm\":\"Saumon steelhead fum\u00E9 surgel\u00E9\",\"nme\":\"Frozen Smoked Steelhead Salmon\",\"attr\":\"\",\"sku\":\"32826\",\"l2\":\"Poisson surgel\u00E9\",\"sl\":\"saumon-steelhead-fume-surgele-dom-32826\",\"sn\":\"\",\"idxP\":100},{\"mq\":\"Coaticook\",\"nm\":\"Cr\u00E8me glac\u00E9e vanille\",\"nme\":\"Vanilla Ice Cream\",\"attr\":\"Aliment du Qu\u00E9bec, Produit local\",\"sku\":\"33606\",\"l2\":\"Cr\u00E8me glac\u00E9e et sorbet\",\"sl\":\"creme-glacee-vanille-coaticook-33606\",\"sn\":\"\",\"idxP\":55},{\"mq\":\"Royal Harbour\",\"nm\":\"P\u00E9toncles 80\\\/120 congel\u00E9s\",\"nme\":\"Frozen Scallops 80\\\/120\",\"attr\":\"\",\"sku\":\"12201\",\"l2\":\"Fruit de mer surgel\u00E9\",\"sl\":\"petoncles-80120-congeles-royal-harbour-12201\",\"sn\":\"\",\"idxP\":82},{\"mq\":\"Dom\",\"nm\":\"Escargots au beurre \u00E0 l'ail\",\"nme\":\"Snails with Garlic Butter\",\"attr\":\"\",\"sku\":\"30550\",\"l2\":\"Fruit de mer surgel\u00E9\",\"sl\":\"escargots-au-beurre-a-lail-dom-30550\",\"sn\":\"\",\"idxP\":98},{\"mq\":\"Blue Tide\",\"nm\":\"Imitation de chair de crabe congel\u00E9\",\"nme\":\"Frozen Imitation Crabmeat\",\"attr\":\"\",\"sku\":\"09865\",\"l2\":\"Fruit de mer surgel\u00E9\",\"sl\":\"imitation-de-chair-de-crabe-congele-blue-tide-09865\",\"sn\":\"\",\"idxP\":100},{\"mq\":\"El-Mio\",\"nm\":\"Empanadas mexicaine congel\u00E9es\",\"nme\":\"Frozen Mexican Empanadas\",\"attr\":\"\",\"sku\":\"11853\",\"l2\":\"Mets surgel\u00E9s\",\"sl\":\"empanadas-mexicaine-congelees-el-mio-11853\",\"sn\":\"\",\"idxP\":54},{\"mq\":\"Sea Horse\",\"nm\":\"Crevette crue 31\\\/40 surgel\u00E9e\",\"nme\":\"Frozen Easy Peel Shrimp 31\\\/40\",\"attr\":\"\",\"sku\":\"35452\",\"l2\":\"Fruit de mer surgel\u00E9\",\"sl\":\"crevette-crue-3140-surgelee-sea-horse-35452\",\"sn\":\"crevettes\",\"idxP\":100},{\"mq\":\"High Liner\",\"nm\":\"Moules cultiv\u00E9es cuites en coquille surgel\u00E9s\",\"nme\":\"Frozen Shell-on Cooked Cultured Mussels\",\"attr\":\"\",\"sku\":\"42532\",\"l2\":\"Fruit de mer surgel\u00E9\",\"sl\":\"moules-cultivees-cuites-en-coquille-surgeles-high-liner-42532\",\"sn\":\"moules\",\"idxP\":60},{\"mq\":\"Grizzly\",\"nm\":\"Saumon sockeye fum\u00E9 tranch\u00E9 surgel\u00E9\",\"nme\":\"Frozen Wild Sockeye Sauvage Salmon\",\"attr\":\"Produit local\",\"sku\":\"47806\",\"l2\":\"Poisson surgel\u00E9\",\"sl\":\"saumon-sockeye-fume-tranche-surgele-grizzly-47806\",\"sn\":\"\",\"idxP\":75},{\"mq\":\"Sea Ray\",\"nm\":\"Tubes de calmar surgel\u00E9\",\"nme\":\"Frozen Squid Tubes\",\"attr\":\"\",\"sku\":\"41555\",\"l2\":\"Fruit de mer surgel\u00E9\",\"sl\":\"tubes-de-calmar-surgele-sea-ray-41555\",\"sn\":\"\",\"idxP\":71},{\"mq\":\"Blue Tide\",\"nm\":\"Rondelles de calmar congel\u00E9es\",\"nme\":\"Frozen Squid Rings\",\"attr\":\"\",\"sku\":\"09855\",\"l2\":\"Fruit de mer surgel\u00E9\",\"sl\":\"rondelles-de-calmar-congelees-blue-tide-09855\",\"sn\":\"\",\"idxP\":89},{\"mq\":\"Anchors Bay\",\"nm\":\"M\u00E9lange de fruit de mer congel\u00E9\",\"nme\":\"Frozen Medley Seafood\",\"attr\":\"\",\"sku\":\"10103\",\"l2\":\"Fruit de mer surgel\u00E9\",\"sl\":\"melange-de-fruit-de-mer-congele-anchors-bay-10103\",\"sn\":\"\",\"idxP\":82},{\"mq\":\"Sea Horse\",\"nm\":\"Crevettes cuites 30\\\/40 surgel\u00E9es\",\"nme\":\"Frozen Cooked Shrimps 30\\\/40\",\"attr\":\"\",\"sku\":\"53012\",\"l2\":\"Fruit de mer surgel\u00E9\",\"sl\":\"crevettes-cuites-3040-surgelees-sea-horse-53012\",\"sn\":\"crevettes\",\"idxP\":84},{\"mq\":\"Oceanic\",\"nm\":\"Crevettes crues roses d'Argentine 16\\\/20 surgel\u00E9es\",\"nme\":\"Frozen Argentina Pink Shrimp 16\\\/20\",\"attr\":\"\",\"sku\":\"04701\",\"l2\":\"Fruit de mer surgel\u00E9\",\"sl\":\"crevettes-crues-roses-dargentine-1620-surgelees-oceanic-04701\",\"sn\":\"crevettes\",\"idxP\":100},{\"mq\":\"Red&blue\",\"nm\":\"Poulpe entier nettoy\u00E9 26\\\/40 congel\u00E9\",\"nme\":\"Frozen Whole Cleaned Octopus 26\\\/40\",\"attr\":\"\",\"sku\":\"15482\",\"l2\":\"Fruit de mer surgel\u00E9\",\"sl\":\"poulpe-entier-nettoye-2640-congele-redblue-15482\",\"sn\":\"\",\"idxP\":55},{\"mq\":\"Grizzly\",\"nm\":\"Saumon coho fum\u00E9 tranch\u00E9 surgel\u00E9\",\"nme\":\"Frozen Sliced Smoked Coho Salmon\",\"attr\":\"Produit local\",\"sku\":\"34401\",\"l2\":\"Poisson surgel\u00E9\",\"sl\":\"saumon-coho-fume-tranche-surgele-grizzly-34401\",\"sn\":\"\",\"idxP\":68},{\"mq\":\"El-Mio\",\"nm\":\"Empanadas au saucisse forte congel\u00E9es\",\"nme\":\"Frozen Hot Sausage Empanadas\",\"attr\":\"\",\"sku\":\"11908\",\"l2\":\"Mets surgel\u00E9s\",\"sl\":\"empanadas-au-saucisse-forte-congelees-el-mio-11908\",\"sn\":\"\",\"idxP\":37},{\"mq\":\"Pearlmark\",\"nm\":\"Queues de langoustine 31\\\/40 surgel\u00E9es\",\"nme\":\"Frozen Scampi Tails 31\\\/40\",\"attr\":\"\",\"sku\":\"45456\",\"l2\":\"Fruit de mer surgel\u00E9\",\"sl\":\"queues-de-langoustine-3140-surgelees-pearlmark-45456\",\"sn\":\"langoustines\",\"idxP\":81},{\"mq\":\"El-Mio\",\"nm\":\"Empanadas aux 3 fromages congel\u00E9es\",\"nme\":\"Frozen 3 Cheese Empanadas\",\"attr\":\"\",\"sku\":\"11918\",\"l2\":\"Mets surgel\u00E9s\",\"sl\":\"empanadas-aux-3-fromages-congelees-el-mio-11918\",\"sn\":\"fromages\",\"idxP\":43},{\"mq\":\"Anchors Bay\",\"nm\":\"Chair de palourde surgel\u00E9e\",\"nme\":\"Frozen Clam Meat\",\"attr\":\"\",\"sku\":\"36634\",\"l2\":\"Fruit de mer surgel\u00E9\",\"sl\":\"chair-de-palourde-surgelee-anchors-bay-36634\",\"sn\":\"\",\"idxP\":100},{\"mq\":\"Buffet\",\"nm\":\"Saumon fum\u00E9 norv\u00E9gien surgel\u00E9\",\"nme\":\"Frozen Norwegian Smoked Salmon\",\"attr\":\"\",\"sku\":\"32202\",\"l2\":\"Poisson surgel\u00E9\",\"sl\":\"saumon-fume-norvegien-surgele-buffet-32202\",\"sn\":\"\",\"idxP\":59},{\"mq\":\"Pearlmark\",\"nm\":\"Queues de langoustine 26\\\/30 surgel\u00E9es\",\"nme\":\"Frozen Scampi Tails 26\\\/30\",\"attr\":\"\",\"sku\":\"17004\",\"l2\":\"Fruit de mer surgel\u00E9\",\"sl\":\"queues-de-langoustine-2630-surgelees-pearlmark-17004\",\"sn\":\"langoustines\",\"idxP\":46},{\"mq\":\"Coaticook\",\"nm\":\"Cr\u00E8me glac\u00E9e \u00E9rable et noix\",\"nme\":\"Maple Walnut Ice Cream\",\"attr\":\"Aliment du Qu\u00E9bec, Produit local\",\"sku\":\"33607\",\"l2\":\"Cr\u00E8me glac\u00E9e et sorbet\",\"sl\":\"creme-glacee-erable-et-noix-coaticook-33607\",\"sn\":\"\",\"idxP\":25},{\"mq\":\"El-Mio\",\"nm\":\"Empanadas au b\u0153uf congel\u00E9es\",\"nme\":\"Frozen Beef Empanadas\",\"attr\":\"\",\"sku\":\"11916\",\"l2\":\"Mets surgel\u00E9s\",\"sl\":\"empanadas-au-buf-congelees-el-mio-11916\",\"sn\":\"\",\"idxP\":61},{\"mq\":\"El-Mio\",\"nm\":\"Empanadas au poulet congel\u00E9es\",\"nme\":\"Frozen Chicken Empanadas\",\"attr\":\"\",\"sku\":\"11907\",\"l2\":\"Mets surgel\u00E9s\",\"sl\":\"empanadas-au-poulet-congelees-el-mio-11907\",\"sn\":\"\",\"idxP\":56},{\"mq\":\"Coaticook\",\"nm\":\"Cr\u00E8me glac\u00E9e marbr\u00E9e au caramel\",\"nme\":\"Fudge Ice Cream\",\"attr\":\"Aliment du Qu\u00E9bec, Produit local\",\"sku\":\"33610\",\"l2\":\"Cr\u00E8me glac\u00E9e et sorbet\",\"sl\":\"creme-glacee-marbree-au-caramel-coaticook-33610\",\"sn\":\"\",\"idxP\":34},{\"mq\":\"Coaticook\",\"nm\":\"Cr\u00E8me glac\u00E9e sucre d'\u00E9rable\",\"nme\":\"Maple Sugar Ice Cream\",\"attr\":\"Aliment du Qu\u00E9bec, Produit local\",\"sku\":\"33612\",\"l2\":\"Cr\u00E8me glac\u00E9e et sorbet\",\"sl\":\"creme-glacee-sucre-derable-coaticook-33612\",\"sn\":\"\",\"idxP\":29},{\"mq\":\"Coaticook\",\"nm\":\"Cr\u00E8me glac\u00E9e chocolat\",\"nme\":\"Chocolate Ice Cream\",\"attr\":\"Aliment du Qu\u00E9bec, Produit local\",\"sku\":\"33615\",\"l2\":\"Cr\u00E8me glac\u00E9e et sorbet\",\"sl\":\"creme-glacee-chocolat-coaticook-33615\",\"sn\":\"\",\"idxP\":34},{\"mq\":\"Coaticook\",\"nm\":\"Cr\u00E8me glac\u00E9e cerise noire\",\"nme\":\"Black Cherry Ice Cream\",\"attr\":\"Aliment du Qu\u00E9bec, Produit local\",\"sku\":\"33616\",\"l2\":\"Cr\u00E8me glac\u00E9e et sorbet\",\"sl\":\"creme-glacee-cerise-noire-coaticook-33616\",\"sn\":\"\",\"idxP\":27},{\"mq\":\"Coaticook\",\"nm\":\"Cr\u00E8me glac\u00E9e double chocolat\",\"nme\":\"Double Chocolate Ice Cream\",\"attr\":\"Aliment du Qu\u00E9bec, Produit local\",\"sku\":\"33611\",\"l2\":\"Cr\u00E8me glac\u00E9e et sorbet\",\"sl\":\"creme-glacee-double-chocolat-coaticook-33611\",\"sn\":\"\",\"idxP\":26},{\"mq\":\"Sea Horse\",\"nm\":\"Crevettes pel\u00E9es cuites 110\\\/130\",\"nme\":\"Cooked Peeled Shrimps 110\\\/130\",\"attr\":\"\",\"sku\":\"53116\",\"l2\":\"Fruit de mer surgel\u00E9\",\"sl\":\"crevettes-pelees-cuites-110130-sea-horse-53116\",\"sn\":\"crevettes\",\"idxP\":86},{\"mq\":\"Casa Morena\",\"nm\":\"Bouch\u00E9es de noisette\",\"nme\":\"Hazel Bites\",\"attr\":\"\",\"sku\":\"27583\",\"l2\":\"Boulangerie surgel\u00E9e\",\"sl\":\"bouchees-de-noisette-casa-morena-27583\",\"sn\":\"\",\"idxP\":8},{\"mq\":\"Anchors Bay\",\"nm\":\"Chair de moule pr\u00E9-cuite surgel\u00E9\",\"nme\":\"Frozen Pre Cooked Mussel Meat\",\"attr\":\"\",\"sku\":\"25837\",\"l2\":\"Fruit de mer surgel\u00E9\",\"sl\":\"chair-de-moule-pre-cuite-surgele-anchors-bay-25837\",\"sn\":\"moules\",\"idxP\":100},{\"mq\":\"Maple Lodge\",\"nm\":\"Burgers de poulet pan\u00E9s cuits halal surgel\u00E9s\",\"nme\":\"Frozen Halal Cooked Breaded Chicken Burgers\",\"attr\":\"\",\"sku\":\"27992\",\"l2\":\"Viande surgel\u00E9e\",\"sl\":\"burgers-de-poulet-panes-cuits-halal-surgeles-maple-lodge-27992\",\"sn\":\"\",\"idxP\":61},{\"mq\":\"Maple Lodge\",\"nm\":\"P\u00E9pites de poulet cuit halal surgel\u00E9es\",\"nme\":\"Frozen Halal Chicken Cooked Nuggets\",\"attr\":\"\",\"sku\":\"27994\",\"l2\":\"Viande surgel\u00E9e\",\"sl\":\"pepites-de-poulet-cuit-halal-surgelees-maple-lodge-27994\",\"sn\":\"\",\"idxP\":62},{\"mq\":\"Maple Lodge\",\"nm\":\"Frites de poulet cuites halal surgel\u00E9es\",\"nme\":\"Frozen Halal Cooked Chicken Fries\",\"attr\":\"\",\"sku\":\"27989\",\"l2\":\"Viande surgel\u00E9e\",\"sl\":\"frites-de-poulet-cuites-halal-surgelees-maple-lodge-27989\",\"sn\":\"\",\"idxP\":29},{\"mq\":\"Maple Lodge\",\"nm\":\"Languettes de poulet cuit halal surgel\u00E9es\",\"nme\":\"Frozen Halal Chicken Cooked Breaded Stripes\",\"attr\":\"\",\"sku\":\"27993\",\"l2\":\"Viande surgel\u00E9e\",\"sl\":\"languettes-de-poulet-cuit-halal-surgelees-maple-lodge-27993\",\"sn\":\"\",\"idxP\":51},{\"mq\":\"High Liner\",\"nm\":\"Filet de Sole cuit et pan\u00E9 surgel\u00E9\",\"nme\":\"Frozen Sole Fillet cooked breaded\",\"attr\":\"\",\"sku\":\"46570\",\"l2\":\"Poisson surgel\u00E9\",\"sl\":\"filet-de-sole-cuit-et-pane-surgele-high-liner-46570\",\"sn\":\"\",\"idxP\":42},{\"mq\":\"Beyond Meat\",\"nm\":\"Burgers \u00E0 base de plantes CG\",\"nme\":\"Frozen Plant-Based Burgers\",\"attr\":\"\",\"sku\":\"28049\",\"l2\":\"Mets surgel\u00E9s\",\"sl\":\"burgers-a-base-de-plantes-cg-beyond-meat-28049\",\"sn\":\"\",\"idxP\":36},{\"mq\":\"Fruits de mer Qu\u00E9bec\",\"nm\":\"Coquille gratin des \u00EEles surgel\u00E9e\",\"nme\":\"Frozen Island Shell au Gratin\",\"attr\":\"Aliment du Qu\u00E9bec, Produit local\",\"sku\":\"28345\",\"l2\":\"Fruit de mer surgel\u00E9\",\"sl\":\"coquille-gratin-des-iles-surgelee-fruits-de-mer-quebec-28345\",\"sn\":\"\",\"idxP\":50},{\"mq\":\"Fruits de mer Qu\u00E9bec\",\"nm\":\"Filet de turbot surgel\u00E9\",\"nme\":\"Frozen Turbot Fillet\",\"attr\":\"Aliment du Qu\u00E9bec, Produit local\",\"sku\":\"28351\",\"l2\":\"Poisson surgel\u00E9\",\"sl\":\"filet-de-turbot-surgele-fruits-de-mer-quebec-28351\",\"sn\":\"\",\"idxP\":22},{\"mq\":\"Fruits de mer Qu\u00E9bec\",\"nm\":\"P\u00E9toncle 40-60 surgel\u00E9\",\"nme\":\"Frozen Scallop 40-60\",\"attr\":\"\",\"sku\":\"28353\",\"l2\":\"Fruit de mer surgel\u00E9\",\"sl\":\"petoncle-40-60-surgele-fruits-de-mer-quebec-28353\",\"sn\":\"\",\"idxP\":19},{\"mq\":\"Fruits de mer Qu\u00E9bec\",\"nm\":\"Morue de l'Atlantique surgel\u00E9e\",\"nme\":\"Frozen Cod from Atlantic\",\"attr\":\"Aliment du Qu\u00E9bec, Produit local\",\"sku\":\"28352\",\"l2\":\"Poisson surgel\u00E9\",\"sl\":\"morue-de-latlantique-surgelee-fruits-de-mer-quebec-28352\",\"sn\":\"\",\"idxP\":22},{\"mq\":\"High Liner\",\"nm\":\"B\u00E2tonnets de goberge pan\u00E9s surgel\u00E9s\",\"nme\":\"Frozen Pollock stick\",\"attr\":\"\",\"sku\":\"22183\",\"l2\":\"Poisson surgel\u00E9\",\"sl\":\"batonnets-de-goberge-panes-surgeles-high-liner-22183\",\"sn\":\"\",\"idxP\":44},{\"mq\":\"Au p'tit March\u00E9\",\"nm\":\"Chaudr\u00E9e de fruits de mer\",\"nme\":\"Seafood Chowder\",\"attr\":\"Produit local\",\"sku\":\"53054\",\"l2\":\"Mets surgel\u00E9s\",\"sl\":\"chaudree-de-fruits-de-mer-au-ptit-marche-53054\",\"sn\":\"\",\"idxP\":45},{\"mq\":\"Au p'tit March\u00E9\",\"nm\":\"Soupe \u00E0 l'oignon congel\u00E9e\",\"nme\":\"Frozen Onion Soup\",\"attr\":\"Produit local\",\"sku\":\"52210\",\"l2\":\"Mets surgel\u00E9s\",\"sl\":\"soupe-a-loignon-congelee-au-ptit-marche-52210\",\"sn\":\"onions, oignons\",\"idxP\":22},{\"mq\":\"Au p'tit March\u00E9\",\"nm\":\"Chaudr\u00E9e de palourdes\",\"nme\":\"Clam Chowder\",\"attr\":\"Produit local\",\"sku\":\"53055\",\"l2\":\"Mets surgel\u00E9s\",\"sl\":\"chaudree-de-palourdes-au-ptit-marche-53055\",\"sn\":\"\",\"idxP\":28},{\"mq\":\"Bridor\",\"nm\":\"Croissants courb\u00E9s pr\u00EAt-\u00E0-cuire surgel\u00E9s\",\"nme\":\"Frozen Ready to Cook Curved Croissant\",\"attr\":\"\",\"sku\":\"28383\",\"l2\":\"Boulangerie surgel\u00E9e\",\"sl\":\"croissants-courbes-pret-a-cuire-surgeles-bridor-28383\",\"sn\":\"croissants\",\"idxP\":90},{\"mq\":\"Mayrand CHEF\",\"nm\":\"Poitrine de boeuf fum\u00E9e\",\"nme\":\"Smoked Meat Breast\",\"attr\":\"\",\"sku\":\"29565\",\"l2\":\"Viande surgel\u00E9e\",\"sl\":\"poitrine-de-boeuf-fumee-mayrand-chef-29565\",\"sn\":\"oeufs\",\"idxP\":10},{\"mq\":\"Anchors Bay\",\"nm\":\"Cuisses de grenouilles 13\\\/15 surgel\u00E9es\",\"nme\":\"Frozen Leg Frog 13\\\/15\",\"attr\":\"\",\"sku\":\"29625\",\"l2\":\"Fruit de mer surgel\u00E9\",\"sl\":\"cuisses-de-grenouilles-1315-surgelees-anchors-bay-29625\",\"sn\":\"\",\"idxP\":71},{\"mq\":\"Below Zero\",\"nm\":\"Fruit m\u00E9lang\u00E9 mure framboise bleuet surgel\u00E9\",\"nme\":\"Frozen Blackberry Raspberry and Blueberry Fruits\",\"attr\":\"\",\"sku\":\"29654\",\"l2\":\"Fruits et pur\u00E9e surgel\u00E9s\",\"sl\":\"fruit-melange-mure-framboise-bleuet-surgele-below-zero-29654\",\"sn\":\"\",\"idxP\":65},{\"mq\":\"Below Zero\",\"nm\":\"Fruits m\u00E9lang\u00E9s peche mangue banane ananas surgel\u00E9\",\"nme\":\"Frozen Peach Mango pineapple and Banana Fruit Mix\",\"attr\":\"\",\"sku\":\"29655\",\"l2\":\"Fruits et pur\u00E9e surgel\u00E9s\",\"sl\":\"fruits-melanges-peche-mangue-banane-ananas-surgele-below-zero-29655\",\"sn\":\"\",\"idxP\":29},{\"mq\":\"Below Zero\",\"nm\":\"Rapini coup\u00E9 surgel\u00E9\",\"nme\":\"Frozen Cut Rappini\",\"attr\":\"\",\"sku\":\"29652\",\"l2\":\"L\u00E9gumes surgel\u00E9s\",\"sl\":\"rapini-coupe-surgele-below-zero-29652\",\"sn\":\"\",\"idxP\":100},{\"mq\":\"Below Zero\",\"nm\":\"Fraise enti\u00E8re surgel\u00E9e\",\"nme\":\"Frozen Whole Strawberry\",\"attr\":\"\",\"sku\":\"29653\",\"l2\":\"Fruits et pur\u00E9e surgel\u00E9s\",\"sl\":\"fraise-entiere-surgelee-below-zero-29653\",\"sn\":\"fraises\",\"idxP\":100},{\"mq\":\"Grizzly\",\"nm\":\"Saumon fum\u00E9 en flocon congel\u00E9\",\"nme\":\"Frozen Trims Wild Salmon\",\"attr\":\"Produit local\",\"sku\":\"06792\",\"l2\":\"Poisson surgel\u00E9\",\"sl\":\"saumon-fume-en-flocon-congele-grizzly-06792\",\"sn\":\"\",\"idxP\":43},{\"mq\":\"Salaison Alpha\",\"nm\":\"Galette de boeuf crue 4oz congel\u00E9e\",\"nme\":\"Frozen Raw Beef Patties\",\"attr\":\"\",\"sku\":\"11174\",\"l2\":\"Viande surgel\u00E9e\",\"sl\":\"galette-de-boeuf-crue-4oz-congelee-salaison-alpha-11174\",\"sn\":\"oeufs\",\"idxP\":58},{\"mq\":\"Anchors Bay\",\"nm\":\"Cuisses de grenouilles 8\\\/12 surgel\u00E9es\",\"nme\":\"Frozen Leg Frog 8\\\/12\",\"attr\":\"\",\"sku\":\"21112\",\"l2\":\"Fruit de mer surgel\u00E9\",\"sl\":\"cuisses-de-grenouilles-812-surgelees-anchors-bay-21112\",\"sn\":\"\",\"idxP\":66},{\"mq\":\"Janes\",\"nm\":\"Filet de sole pan\u00E9 surgel\u00E9\",\"nme\":\"Frozen Breaded Sole Fillet\",\"attr\":\"\",\"sku\":\"28309\",\"l2\":\"Poisson surgel\u00E9\",\"sl\":\"filet-de-sole-pane-surgele-janes-28309\",\"sn\":\"\",\"idxP\":59},{\"mq\":\"Aegean\",\"nm\":\"Anchois surgel\u00E9\",\"nme\":\"Frozen Anchovy\",\"attr\":\"\",\"sku\":\"22129\",\"l2\":\"Poisson surgel\u00E9\",\"sl\":\"anchois-surgele-aegean-22129\",\"sn\":\"\",\"idxP\":86},{\"mq\":\"Blue Tide\",\"nm\":\"Pangasius darne surgel\u00E9\",\"nme\":\"Frozen Pangasius Steak\",\"attr\":\"\",\"sku\":\"41784\",\"l2\":\"Poisson surgel\u00E9\",\"sl\":\"pangasius-darne-surgele-blue-tide-41784\",\"sn\":\"\",\"idxP\":87},{\"mq\":\"Pearlmark\",\"nm\":\"Filet de morue bleue 4oz surgel\u00E9\",\"nme\":\"Frozen Blue Cod Fillet 4oz\",\"attr\":\"\",\"sku\":\"43977\",\"l2\":\"Poisson surgel\u00E9\",\"sl\":\"filet-de-morue-bleue-4oz-surgele-pearlmark-43977\",\"sn\":\"\",\"idxP\":19},{\"nm\":\"Filet de goberge congel\u00E9 CA\",\"nme\":\"Frozen Pollock Fillet CA\",\"attr\":\"\",\"sku\":\"54030\",\"l2\":\"Poisson surgel\u00E9\",\"sl\":\"filet-de-goberge-congele-ca-54030\",\"sn\":\"\",\"idxP\":25},{\"mq\":\"Sea Horse\",\"nm\":\"Merlan sans t\u00EAte d'Argentine congel\u00E9\",\"nme\":\"Frozen Headless Whiting from Argentina\",\"attr\":\"\",\"sku\":\"18651\",\"l2\":\"Poisson surgel\u00E9\",\"sl\":\"merlan-sans-tete-dargentine-congele-sea-horse-18651\",\"sn\":\"\",\"idxP\":94},{\"mq\":\"Alasko\",\"nm\":\"Chou de bruxelle surgel\u00E9\",\"nme\":\"Frozen Sprout Brussels\",\"attr\":\"\",\"sku\":\"28290\",\"l2\":\"L\u00E9gumes surgel\u00E9s\",\"sl\":\"chou-de-bruxelle-surgele-alasko-28290\",\"sn\":\"\",\"idxP\":91},{\"mq\":\"Aegean\",\"nm\":\"Sardine surgel\u00E9e\",\"nme\":\"Frozen Sardine\",\"attr\":\"\",\"sku\":\"22130\",\"l2\":\"Poisson surgel\u00E9\",\"sl\":\"sardine-surgelee-aegean-22130\",\"sn\":\"\",\"idxP\":48},{\"mq\":\"Toppits\",\"nm\":\"Crevette crue sur brochette surgel\u00E9e x5\",\"nme\":\"Frozen Shrimp Skewers x5\",\"attr\":\"\",\"sku\":\"28047\",\"l2\":\"Fruit de mer surgel\u00E9\",\"sl\":\"crevette-crue-sur-brochette-surgelee-x5-toppits-28047\",\"sn\":\"crevettes\",\"idxP\":20},{\"mq\":\"Blue Tide\",\"nm\":\"Sardine large surgel\u00E9e\",\"nme\":\"Frozen Large Sardine\",\"attr\":\"\",\"sku\":\"31156\",\"l2\":\"Poisson surgel\u00E9\",\"sl\":\"sardine-large-surgelee-blue-tide-31156\",\"sn\":\"\",\"idxP\":94},{\"mq\":\"Cavendish\",\"nm\":\"Pomme de terre pour d\u00E9jeuner surgel\u00E9\",\"nme\":\"Frozen Breakfast Potato\",\"attr\":\"\",\"sku\":\"35521\",\"l2\":\"L\u00E9gumes surgel\u00E9s\",\"sl\":\"pomme-de-terre-pour-dejeuner-surgele-cavendish-35521\",\"sn\":\"\",\"idxP\":100},{\"mq\":\"Premi\u00E8re Moisson\",\"nm\":\"Pain baguette congel\u00E9\",\"nme\":\"Frozen Baguette Bread\",\"attr\":\"\",\"sku\":\"09647\",\"l2\":\"Boulangerie surgel\u00E9e\",\"sl\":\"pain-baguette-congele-premiere-moisson-09647\",\"sn\":\"\",\"idxP\":86},{\"mq\":\"Anchors Bay\",\"nm\":\"Crevette crue 26\\\/30 Easy Peel surgel\u00E9e\",\"nme\":\"Frozen Easy Peel Shrimp 26\\\/30\",\"attr\":\"\",\"sku\":\"29916\",\"l2\":\"Fruit de mer surgel\u00E9\",\"sl\":\"crevette-crue-2630-easy-peel-surgelee-anchors-bay-29916\",\"sn\":\"crevettes\",\"idxP\":75},{\"mq\":\"Mayrand CHEF\",\"nm\":\"Saucisse porc et boeuf surgel\u00E9e\",\"nme\":\"Frozen Pork and Beef Sausage\",\"attr\":\"\",\"sku\":\"30452\",\"l2\":\"Viande surgel\u00E9e\",\"sl\":\"saucisse-porc-et-boeuf-surgelee-mayrand-chef-30452\",\"sn\":\"oeufs\",\"idxP\":48},{\"mq\":\"Ocean Jewel\",\"nm\":\"M\u00E9lange de fruits de mer congel\u00E9\",\"nme\":\"Frozen seafood mix\",\"attr\":\"\",\"sku\":\"30847\",\"l2\":\"Fruit de mer surgel\u00E9\",\"sl\":\"melange-de-fruits-de-mer-congele-ocean-jewel-30847\",\"sn\":\"\",\"idxP\":56},{\"mq\":\"Grizzly\",\"nm\":\"Tartare au saumon classique surgel\u00E9\",\"nme\":\"Frozen classic salmon tartare\",\"attr\":\"Sans gluten, Produit local\",\"sku\":\"30543\",\"l2\":\"Poisson surgel\u00E9\",\"sl\":\"tartare-au-saumon-classique-surgele-grizzly-30543\",\"sn\":\"\",\"idxP\":27},{\"mq\":\"Ocean Jewel\",\"nm\":\"Palourde en coquille blanche cuite congel\u00E9e\",\"nme\":\"Frozen clams cooked in a white shell\",\"attr\":\"\",\"sku\":\"30846\",\"l2\":\"Fruit de mer surgel\u00E9\",\"sl\":\"palourde-en-coquille-blanche-cuite-congelee-ocean-jewel-30846\",\"sn\":\"\",\"idxP\":72},{\"mq\":\"Chapman\",\"nm\":\"Yogourt glac\u00E9 chocolat\",\"nme\":\"Frozen chocolate yogourt\",\"attr\":\"Produit local\",\"sku\":\"31220\",\"l2\":\"Cr\u00E8me glac\u00E9e et sorbet\",\"sl\":\"yogourt-glace-chocolat-chapman-31220\",\"sn\":\"\",\"idxP\":9},{\"mq\":\"Chapman\",\"nm\":\"Cr\u00E8me glac\u00E9e \u00E0 la vanille en carton\",\"nme\":\"Vanilla carton ice cream\",\"attr\":\"Produit local\",\"sku\":\"31217\",\"l2\":\"Cr\u00E8me glac\u00E9e et sorbet\",\"sl\":\"creme-glacee-a-la-vanille-en-carton-chapman-31217\",\"sn\":\"\",\"idxP\":16},{\"mq\":\"Grizzly\",\"nm\":\"Tartare au thon et marinade asiatique surgel\u00E9\",\"nme\":\"Frozen tuna tartare and asian style marinade\",\"attr\":\"Sans gluten, Produit local\",\"sku\":\"30546\",\"l2\":\"Poisson surgel\u00E9\",\"sl\":\"tartare-au-thon-et-marinade-asiatique-surgele-grizzly-30546\",\"sn\":\"\",\"idxP\":29},{\"mq\":\"Ocean Jewel\",\"nm\":\"Calmar tubes&tentacules congel\u00E9\",\"nme\":\"Frozen squid tubes&tentacles\",\"attr\":\"\",\"sku\":\"30848\",\"l2\":\"Fruit de mer surgel\u00E9\",\"sl\":\"calmar-tubestentacules-congele-ocean-jewel-30848\",\"sn\":\"\",\"idxP\":32},{\"mq\":\"Chapman\",\"nm\":\"Cr\u00E8me glac\u00E9e au chocolat dans un carton\",\"nme\":\"Chocolate ice cream in a carton\",\"attr\":\"Produit local\",\"sku\":\"31219\",\"l2\":\"Cr\u00E8me glac\u00E9e et sorbet\",\"sl\":\"creme-glacee-au-chocolat-dans-un-carton-chapman-31219\",\"sn\":\"\",\"idxP\":8},{\"mq\":\"Festin\",\"nm\":\"Cr\u00E8me glac\u00E9e napolitaine\",\"nme\":\"Neapolitain ice cream\",\"attr\":\"Produit local\",\"sku\":\"31202\",\"l2\":\"Cr\u00E8me glac\u00E9e et sorbet\",\"sl\":\"creme-glacee-napolitaine-festin-31202\",\"sn\":\"\",\"idxP\":40},{\"mq\":\"Chapman\",\"nm\":\"Cr\u00E8me glac\u00E9e napolitaine en carton\",\"nme\":\"Neapolitan carton ice cream\",\"attr\":\"Produit local\",\"sku\":\"31218\",\"l2\":\"Cr\u00E8me glac\u00E9e et sorbet\",\"sl\":\"creme-glacee-napolitaine-en-carton-chapman-31218\",\"sn\":\"\",\"idxP\":12},{\"mq\":\"Festin\",\"nm\":\"Cr\u00E8me glac\u00E9e au chocolat\",\"nme\":\"Chocolate ice cream\",\"attr\":\"Produit local\",\"sku\":\"31201\",\"l2\":\"Cr\u00E8me glac\u00E9e et sorbet\",\"sl\":\"creme-glacee-au-chocolat-festin-31201\",\"sn\":\"\",\"idxP\":41},{\"mq\":\"Festin\",\"nm\":\"Cr\u00E8me glac\u00E9e \u00E0 la vanille\",\"nme\":\"Vanilla ice cream\",\"attr\":\"Produit local\",\"sku\":\"31203\",\"l2\":\"Cr\u00E8me glac\u00E9e et sorbet\",\"sl\":\"creme-glacee-a-la-vanille-festin-31203\",\"sn\":\"\",\"idxP\":66},{\"mq\":\"Festin\",\"nm\":\"Cr\u00E8me glac\u00E9e aux fraises\",\"nme\":\"Strawberry Ice Cream\",\"attr\":\"Produit local\",\"sku\":\"31198\",\"l2\":\"Cr\u00E8me glac\u00E9e et sorbet\",\"sl\":\"creme-glacee-aux-fraises-festin-31198\",\"sn\":\"fraises\",\"idxP\":31},{\"mq\":\"Festin\",\"nm\":\"Cr\u00E8me glac\u00E9e au chocolat\",\"nme\":\"Chocolate Ice Cream\",\"attr\":\"Produit local\",\"sku\":\"31199\",\"l2\":\"Cr\u00E8me glac\u00E9e et sorbet\",\"sl\":\"creme-glacee-au-chocolat-festin-31199\",\"sn\":\"\",\"idxP\":38},{\"mq\":\"Janes\",\"nm\":\"Lani\u00E8re de poulet pan\u00E9e et cuite surgel\u00E9e\",\"nme\":\"Frozen Breaded Cooked Chicken Strip\",\"attr\":\"\",\"sku\":\"31415\",\"l2\":\"Viande surgel\u00E9e\",\"sl\":\"laniere-de-poulet-panee-et-cuite-surgelee-janes-31415\",\"sn\":\"\",\"idxP\":78},{\"mq\":\"Janes\",\"nm\":\"Burger de poulet pan\u00E9 et cuit surgel\u00E9\",\"nme\":\"Frozen Breaded Cooked Chicken Bruger\",\"attr\":\"\",\"sku\":\"31417\",\"l2\":\"Viande surgel\u00E9e\",\"sl\":\"burger-de-poulet-pane-et-cuit-surgele-janes-31417\",\"sn\":\"\",\"idxP\":64},{\"mq\":\"Festin\",\"nm\":\"Cr\u00E8me glac\u00E9e \u00E0 la vanille\",\"nme\":\"Vanilla Ice Cream\",\"attr\":\"Produit local\",\"sku\":\"31184\",\"l2\":\"Cr\u00E8me glac\u00E9e et sorbet\",\"sl\":\"creme-glacee-a-la-vanille-festin-31184\",\"sn\":\"\",\"idxP\":100},{\"mq\":\"Chapman\",\"nm\":\"Yogourt glac\u00E9 vanille\",\"nme\":\"Frozen vanilla yogourt\",\"attr\":\"Produit local\",\"sku\":\"31207\",\"l2\":\"Cr\u00E8me glac\u00E9e et sorbet\",\"sl\":\"yogourt-glace-vanille-chapman-31207\",\"sn\":\"\",\"idxP\":17},{\"mq\":\"Festin\",\"nm\":\"Cr\u00E8me glac\u00E9e pistache\",\"nme\":\"Pistachio Ice Cream\",\"attr\":\"Produit local\",\"sku\":\"31186\",\"l2\":\"Cr\u00E8me glac\u00E9e et sorbet\",\"sl\":\"creme-glacee-pistache-festin-31186\",\"sn\":\"\",\"idxP\":20},{\"mq\":\"St-Germain\",\"nm\":\"Rouleaux de printemps au l\u00E9gumes surgel\u00E9s\",\"nme\":\"Frozen Vegetable Spring Roll\",\"attr\":\"\",\"sku\":\"28268\",\"l2\":\"Mets surgel\u00E9s\",\"sl\":\"rouleaux-de-printemps-au-legumes-surgeles-st-germain-28268\",\"sn\":\"\",\"idxP\":61},{\"mq\":\"Indigo\",\"nm\":\"Camerise congel\u00E9e\",\"nme\":\"Frozen Haskap\",\"attr\":\"\",\"sku\":\"31402\",\"l2\":\"Fruits et pur\u00E9e surgel\u00E9s\",\"sl\":\"camerise-congelee-indigo-31402\",\"sn\":\"\",\"idxP\":9},{\"mq\":\"Festin\",\"nm\":\"Cr\u00E8me glac\u00E9e napolitaine\",\"nme\":\"Neapolitain Ice Cream\",\"attr\":\"Produit local\",\"sku\":\"31189\",\"l2\":\"Cr\u00E8me glac\u00E9e et sorbet\",\"sl\":\"creme-glacee-napolitaine-festin-31189\",\"sn\":\"\",\"idxP\":21},{\"mq\":\"Fruits de mer Qu\u00E9bec\",\"nm\":\"Chair de crabe du St-Laurent surgel\u00E9e\",\"nme\":\"Frozen crab meat from St-Laurent\",\"attr\":\"\",\"sku\":\"31298\",\"l2\":\"Fruit de mer surgel\u00E9\",\"sl\":\"chair-de-crabe-du-st-laurent-surgelee-fruits-de-mer-quebec-31298\",\"sn\":\"\",\"idxP\":29},{\"mq\":\"Janes\",\"nm\":\"P\u00E9pite de poulet pan\u00E9e et cuite surgel\u00E9e\",\"nme\":\"Frozen Breaded Cooked Chicken Nugget\",\"attr\":\"\",\"sku\":\"31416\",\"l2\":\"Viande surgel\u00E9e\",\"sl\":\"pepite-de-poulet-panee-et-cuite-surgelee-janes-31416\",\"sn\":\"\",\"idxP\":86},{\"mq\":\"Below Zero\",\"nm\":\"Bleuets sauvages surgel\u00E9s\",\"nme\":\"Frozen Wild Blueberries\",\"attr\":\"\",\"sku\":\"31429\",\"l2\":\"Fruits et pur\u00E9e surgel\u00E9s\",\"sl\":\"bleuets-sauvages-surgeles-below-zero-31429\",\"sn\":\"\",\"idxP\":100},{\"mq\":\"Below Zero\",\"nm\":\"Mangues en gros morceaux surgel\u00E9es\",\"nme\":\"Frozen mango chunks\",\"attr\":\"\",\"sku\":\"31432\",\"l2\":\"Fruits et pur\u00E9e surgel\u00E9s\",\"sl\":\"mangues-en-gros-morceaux-surgelees-below-zero-31432\",\"sn\":\"mangues\",\"idxP\":100},{\"mq\":\"Below Zero\",\"nm\":\"Framboises enti\u00E8res surgel\u00E9es\",\"nme\":\"Frozen whole raspberries\",\"attr\":\"\",\"sku\":\"31434\",\"l2\":\"Fruits et pur\u00E9e surgel\u00E9s\",\"sl\":\"framboises-entieres-surgelees-below-zero-31434\",\"sn\":\"framboises\",\"idxP\":100},{\"mq\":\"Below Zero\",\"nm\":\"Pommes tranch\u00E9es surgel\u00E9es\",\"nme\":\"Frozen sliced apples\",\"attr\":\"\",\"sku\":\"31428\",\"l2\":\"Fruits et pur\u00E9e surgel\u00E9s\",\"sl\":\"pommes-tranchees-surgelees-below-zero-31428\",\"sn\":\"apples, pommes\",\"idxP\":100},{\"mq\":\"Below Zero\",\"nm\":\"M\u00FBres surgel\u00E9es\",\"nme\":\"Frozen blackberries\",\"attr\":\"\",\"sku\":\"31430\",\"l2\":\"Fruits et pur\u00E9e surgel\u00E9s\",\"sl\":\"mures-surgelees-below-zero-31430\",\"sn\":\"\",\"idxP\":41},{\"mq\":\"Below Zero\",\"nm\":\"Champignons tranch\u00E9s surgel\u00E9s\",\"nme\":\"Frozen Sliced Mushrooms\",\"attr\":\"\",\"sku\":\"31427\",\"l2\":\"L\u00E9gumes surgel\u00E9s\",\"sl\":\"champignons-tranches-surgeles-below-zero-31427\",\"sn\":\"\",\"idxP\":98},{\"mq\":\"Below Zero\",\"nm\":\"P\u00EAches tranch\u00E9es surgel\u00E9es\",\"nme\":\"Frozen Sliced Peaches\",\"attr\":\"\",\"sku\":\"31433\",\"l2\":\"Fruits et pur\u00E9e surgel\u00E9s\",\"sl\":\"peches-tranchees-surgelees-below-zero-31433\",\"sn\":\"\",\"idxP\":100},{\"mq\":\"Alasko\",\"nm\":\"Poivron rouge en d\u00E9s IQF\",\"nme\":\"IQF Diced Red Pepper\",\"attr\":\"\",\"sku\":\"41966\",\"l2\":\"L\u00E9gumes surgel\u00E9s\",\"sl\":\"poivron-rouge-en-des-iqf-alasko-41966\",\"sn\":\"\",\"idxP\":95},{\"mq\":\"Below Zero\",\"nm\":\"C\u00E9leri en d\u00E9 surgel\u00E9\",\"nme\":\"Frozen diced celery\",\"attr\":\"\",\"sku\":\"31426\",\"l2\":\"L\u00E9gumes surgel\u00E9s\",\"sl\":\"celeri-en-de-surgele-below-zero-31426\",\"sn\":\"\",\"idxP\":95},{\"mq\":\"Below Zero\",\"nm\":\"Cerises noires sucr\u00E9es surgel\u00E9es\",\"nme\":\"Frozen dark sweet cherries\",\"attr\":\"\",\"sku\":\"31431\",\"l2\":\"Fruits et pur\u00E9e surgel\u00E9s\",\"sl\":\"cerises-noires-sucrees-surgelees-below-zero-31431\",\"sn\":\"\",\"idxP\":48},{\"mq\":\"Chapman\",\"nm\":\"Super sandwich cr\u00E8me glac\u00E9e vanille\",\"nme\":\"Vanilla Ice Cream Super Sandwich\",\"attr\":\"\",\"sku\":\"31467\",\"l2\":\"Cr\u00E8me glac\u00E9e et sorbet\",\"sl\":\"super-sandwich-creme-glacee-vanille-chapman-31467\",\"sn\":\"\",\"idxP\":87},{\"mq\":\"Cuisine Adventures\",\"nm\":\"Canneberge et brie en baluchon p\u00E2te phyllo congel\u00E9\",\"nme\":\"Frozen Cranberry & Brie Bundle In Phyllo Pastry\",\"attr\":\"\",\"sku\":\"31276\",\"l2\":\"Mets surgel\u00E9s\",\"sl\":\"canneberge-et-brie-en-baluchon-pate-phyllo-congele-cuisine-adventures-31276\",\"sn\":\"\",\"idxP\":22},{\"mq\":\"Big Banana\",\"nm\":\"Banane plantain tostones congel\u00E9e\",\"nme\":\"Frozen tostones plantain\",\"attr\":\"\",\"sku\":\"31469\",\"l2\":\"Fruits et pur\u00E9e surgel\u00E9s\",\"sl\":\"banane-plantain-tostones-congelee-big-banana-31469\",\"sn\":\"bananes\",\"idxP\":46},{\"mq\":\"Chapman\",\"nm\":\"Lolly rocket assorti congel\u00E9\",\"nme\":\"Frozen assorted rocket lolly\",\"attr\":\"Sans gluten\",\"sku\":\"31466\",\"l2\":\"Cr\u00E8me glac\u00E9e et sorbet\",\"sl\":\"lolly-rocket-assorti-congele-chapman-31466\",\"sn\":\"\",\"idxP\":14},{\"mq\":\"Below Zero\",\"nm\":\"Carottes tranch\u00E9es r\u00E9guli\u00E8res surgel\u00E9es\",\"nme\":\"Frozen sliced regular carrots\",\"attr\":\"\",\"sku\":\"31425\",\"l2\":\"L\u00E9gumes surgel\u00E9s\",\"sl\":\"carottes-tranchees-regulieres-surgelees-below-zero-31425\",\"sn\":\"carottes\",\"idxP\":94},{\"mq\":\"Cuisine Adventures\",\"nm\":\"Saucisse cocktail en p\u00E2te feuillet\u00E9e congel\u00E9e\",\"nme\":\"Frozen Cocktail Sausage Wrap In Flaky Puff Pastry\",\"attr\":\"\",\"sku\":\"31278\",\"l2\":\"Mets surgel\u00E9s\",\"sl\":\"saucisse-cocktail-en-pate-feuilletee-congelee-cuisine-adventures-31278\",\"sn\":\"\",\"idxP\":38},{\"mq\":\"Gilly\",\"nm\":\"Quenelles de porc et bokchoi congel\u00E9es\",\"nme\":\"Frozen pork and bokchoi dumpling\",\"attr\":\"\",\"sku\":\"31506\",\"l2\":\"Mets surgel\u00E9s\",\"sl\":\"quenelles-de-porc-et-bokchoi-congelees-gilly-31506\",\"sn\":\"\",\"idxP\":52},{\"mq\":\"Gilly\",\"nm\":\"Quenelles de poulet et chou congel\u00E9es\",\"nme\":\"Frozen chicken and cabbage dumpling\",\"attr\":\"\",\"sku\":\"31505\",\"l2\":\"Mets surgel\u00E9s\",\"sl\":\"quenelles-de-poulet-et-chou-congelees-gilly-31505\",\"sn\":\"\",\"idxP\":82},{\"mq\":\"Gilly\",\"nm\":\"Quenelles de porc et ciboulette congel\u00E9es\",\"nme\":\"Frozen pork and chives dumpling\",\"attr\":\"\",\"sku\":\"31508\",\"l2\":\"Mets surgel\u00E9s\",\"sl\":\"quenelles-de-porc-et-ciboulette-congelees-gilly-31508\",\"sn\":\"\",\"idxP\":77},{\"mq\":\"Gilly\",\"nm\":\"Quenelles de porc, crevettes et bokchoi congel\u00E9es\",\"nme\":\"Frozen pork, shrimp and bokchoi dumpling\",\"attr\":\"\",\"sku\":\"31507\",\"l2\":\"Mets surgel\u00E9s\",\"sl\":\"quenelles-de-porc-crevettes-et-bokchoi-congelees-gilly-31507\",\"sn\":\"crevettes\",\"idxP\":74},{\"mq\":\"Cuisine Adventures\",\"nm\":\"Mini saucisse en pain congel\u00E9\",\"nme\":\"Frozen Mini Sausage In Bread\",\"attr\":\"\",\"sku\":\"31277\",\"l2\":\"Mets surgel\u00E9s\",\"sl\":\"mini-saucisse-en-pain-congele-cuisine-adventures-31277\",\"sn\":\"\",\"idxP\":50},{\"mq\":\"Chapman\",\"nm\":\"Fudge au lait glac\u00E9\",\"nme\":\"Iced milk fudge\",\"attr\":\"Sans gluten\",\"sku\":\"31646\",\"l2\":\"Cr\u00E8me glac\u00E9e et sorbet\",\"sl\":\"fudge-au-lait-glace-chapman-31646\",\"sn\":\"\",\"idxP\":22},{\"mq\":\"St-Hubert\",\"nm\":\"Tourti\u00E8re surgel\u00E9e\",\"nme\":\"Frozen meat pie\",\"attr\":\"\",\"sku\":\"31656\",\"l2\":\"Mets surgel\u00E9s\",\"sl\":\"tourtiere-surgelee-st-hubert-31656\",\"sn\":\"\",\"idxP\":32},{\"mq\":\"Wong Wing\",\"nm\":\"Assortiment mini rouleaux printemps congel\u00E9\",\"nme\":\"Frozen variety pack of mini spring rolls 15 pces\",\"attr\":\"\",\"sku\":\"30875\",\"l2\":\"Mets surgel\u00E9s\",\"sl\":\"assortiment-mini-rouleaux-printemps-congele-wong-wing-30875\",\"sn\":\"\",\"idxP\":46},{\"mq\":\"Sea Ray\",\"nm\":\"Rondelles de calmar pan\u00E9es surgel\u00E9es\",\"nme\":\"Frozen Breaded Squid Rings\",\"attr\":\"\",\"sku\":\"41564\",\"l2\":\"Fruit de mer surgel\u00E9\",\"sl\":\"rondelles-de-calmar-panees-surgelees-sea-ray-41564\",\"sn\":\"\",\"idxP\":100},{\"mq\":\"Flamingo\",\"nm\":\"Burger poitrine poulet pan\u00E9e ent. cuite surgel\u00E9e\",\"nme\":\"Frozen breaded chicken breast burger fully cooked\",\"attr\":\"\",\"sku\":\"31693\",\"l2\":\"Viande surgel\u00E9e\",\"sl\":\"burger-poitrine-poulet-panee-ent.-cuite-surgelee-flamingo-31693\",\"sn\":\"\",\"idxP\":30},{\"mq\":\"Aqua Gems\",\"nm\":\"Crevettes crues 21\\\/25 surgel\u00E9es\",\"nme\":\"Frozen Raw Shrimps 21\\\/25\",\"attr\":\"\",\"sku\":\"27537\",\"l2\":\"Fruit de mer surgel\u00E9\",\"sl\":\"crevettes-crues-2125-surgelees-aqua-gems-27537\",\"sn\":\"crevettes\",\"idxP\":100},{\"mq\":\"Sea Horse\",\"nm\":\"Crevettes pan\u00E9es surgel\u00E9es\",\"nme\":\"Frozen Breaded Shrimp\",\"attr\":\"\",\"sku\":\"36592\",\"l2\":\"Fruit de mer surgel\u00E9\",\"sl\":\"crevettes-panees-surgelees-sea-horse-36592\",\"sn\":\"crevettes\",\"idxP\":97},{\"mq\":\"Chapman\",\"nm\":\"Super lolly banane surgel\u00E9\",\"nme\":\"Frozen banana lolly\",\"attr\":\"Sans gluten\",\"sku\":\"32369\",\"l2\":\"Cr\u00E8me glac\u00E9e et sorbet\",\"sl\":\"super-lolly-banane-surgele-chapman-32369\",\"sn\":\"ananas, bananes\",\"idxP\":15},{\"mq\":\"Pearlmark\",\"nm\":\"Cubes de thon rouge pour pok\u00E9 surgel\u00E9\",\"nme\":\"Frozen Red Tuna Pok\u00E9 Cubes\",\"attr\":\"\",\"sku\":\"31682\",\"l2\":\"Poisson surgel\u00E9\",\"sl\":\"cubes-de-thon-rouge-pour-poke-surgele-pearlmark-31682\",\"sn\":\"\",\"idxP\":100},{\"mq\":\"Chapman\",\"nm\":\"Barre cr\u00E8me glac\u00E9e van. enrob\u00E9e choco Super frost\",\"nme\":\"Super frosty choco coated vanilla ice cream bar\",\"attr\":\"Sans gluten\",\"sku\":\"32190\",\"l2\":\"Cr\u00E8me glac\u00E9e et sorbet\",\"sl\":\"barre-creme-glacee-van.-enrobee-choco-super-frost-chapman-32190\",\"sn\":\"\",\"idxP\":18},{\"mq\":\"Below Zero\",\"nm\":\"Ananas en morceaux surgel\u00E9s\",\"nme\":\"Frozen Pineapple Chunks\",\"attr\":\"\",\"sku\":\"32661\",\"l2\":\"Fruits et pur\u00E9e surgel\u00E9s\",\"sl\":\"ananas-en-morceaux-surgeles-below-zero-32661\",\"sn\":\"apples, ananas\",\"idxP\":100},{\"mq\":\"Below Zero\",\"nm\":\"\u00C9pinard coup\u00E9 surgel\u00E9\",\"nme\":\"Frozen Chopped Spinach\",\"attr\":\"\",\"sku\":\"32664\",\"l2\":\"L\u00E9gumes surgel\u00E9s\",\"sl\":\"epinard-coupe-surgele-below-zero-32664\",\"sn\":\"\",\"idxP\":100},{\"mq\":\"Oceanic\",\"nm\":\"Longe de Morue 5oz surgel\u00E9e\",\"nme\":\"Frozen Cod Loin 5oz\",\"attr\":\"\",\"sku\":\"32580\",\"l2\":\"Poisson surgel\u00E9\",\"sl\":\"longe-de-morue-5oz-surgelee-oceanic-32580\",\"sn\":\"\",\"idxP\":35},{\"mq\":\"Novali\",\"nm\":\"M\u00E9lange \u00E0 brownies au chocolat surgel\u00E9\",\"nme\":\"Frozen chocolate brownies batter\",\"attr\":\"\",\"sku\":\"32941\",\"l2\":\"P\u00E2tisserie surgel\u00E9e\",\"sl\":\"melange-a-brownies-au-chocolat-surgele-novali-32941\",\"sn\":\"\",\"idxP\":13},{\"mq\":\"Mirabel\",\"nm\":\"Crevettes crues 26\\\/30 surgel\u00E9es\",\"nme\":\"Frozen Raw Shrimps 26\\\/30\",\"attr\":\"\",\"sku\":\"33312\",\"l2\":\"Fruit de mer surgel\u00E9\",\"sl\":\"crevettes-crues-2630-surgelees-mirabel-33312\",\"sn\":\"crevettes\",\"idxP\":72},{\"mq\":\"Coaticook\",\"nm\":\"B\u00FBche \u00E0 la cr\u00E8me glac\u00E9e tire d'\u00E9rable\",\"nme\":\"Maple ice cream log\",\"attr\":\"Aliment du Qu\u00E9bec, Produit local\",\"sku\":\"33725\",\"l2\":\"Cr\u00E8me glac\u00E9e et sorbet\",\"sl\":\"buche-a-la-creme-glacee-tire-derable-coaticook-33725\",\"sn\":\"\",\"idxP\":1},{\"mq\":\"Mirabel\",\"nm\":\"Crevettes blanches crues p&d 13\\\/15 surgel\u00E9es\",\"nme\":\"Frozen raw white shrimps p&d 13\\\/15\",\"attr\":\"\",\"sku\":\"34203\",\"l2\":\"Fruit de mer surgel\u00E9\",\"sl\":\"crevettes-blanches-crues-pd-1315-surgelees-mirabel-34203\",\"sn\":\"crevettes\",\"idxP\":72},{\"mq\":\"Fjord Oceanic\",\"nm\":\"Filet de sole YF 4oz app.\",\"nme\":\"YF sole fillet 4oz app.\",\"attr\":\"\",\"sku\":\"33745\",\"l2\":\"Poisson surgel\u00E9\",\"sl\":\"filet-de-sole-yf-4oz-app.-fjord-oceanic-33745\",\"sn\":\"\",\"idxP\":100},{\"mq\":\"Oceanic\",\"nm\":\"Crevettes Papillon roses d'Argentine 16\\\/20\",\"nme\":\"Frozen Butterfly Argentina Pink Shrimps 16\\\/20\",\"attr\":\"\",\"sku\":\"34275\",\"l2\":\"Fruit de mer surgel\u00E9\",\"sl\":\"crevettes-papillon-roses-dargentine-1620-oceanic-34275\",\"sn\":\"crevettes\",\"idxP\":100},{\"mq\":\"Fjord Oceanic\",\"nm\":\"Longes de morue pac. 4oz app. surgel\u00E9es\",\"nme\":\"Frozen Cod Loins pac. 4oz app.\",\"attr\":\"\",\"sku\":\"33758\",\"l2\":\"Poisson surgel\u00E9\",\"sl\":\"longes-de-morue-pac.-4oz-app.-surgelees-fjord-oceanic-33758\",\"sn\":\"\",\"idxP\":94},{\"nm\":\"Filet de Saumon Atlantique a\\\/ peau CG CS\",\"nme\":\"FZN Atlatntic Salmon fillet w\\\/ skin CS\",\"attr\":\"\",\"sku\":\"33927\",\"l2\":\"Poisson surgel\u00E9\",\"sl\":\"filet-de-saumon-atlantique-a-peau-cg-cs-33927\",\"sn\":\"\",\"idxP\":7},{\"mq\":\"Sea Ray\",\"nm\":\"Rondelles de calmar surgel\u00E9es\",\"nme\":\"Frozen Squid Rings\",\"attr\":\"\",\"sku\":\"41809\",\"l2\":\"Fruit de mer surgel\u00E9\",\"sl\":\"rondelles-de-calmar-surgelees-sea-ray-41809\",\"sn\":\"\",\"idxP\":87},{\"mq\":\"Fjord Oceanic\",\"nm\":\"Portions de saumon rose sauvage\",\"nme\":\"Wild Pink Salmon Portions\",\"attr\":\"\",\"sku\":\"33746\",\"l2\":\"Poisson surgel\u00E9\",\"sl\":\"portions-de-saumon-rose-sauvage-fjord-oceanic-33746\",\"sn\":\"\",\"idxP\":87},{\"mq\":\"Pearlmark\",\"nm\":\"Langoustine Split 16\\\/20\",\"nme\":\"Split Scampi 16\\\/20\",\"attr\":\"\",\"sku\":\"15487\",\"l2\":\"Fruit de mer surgel\u00E9\",\"sl\":\"langoustine-split-1620-pearlmark-15487\",\"sn\":\"langoustines\",\"idxP\":77},{\"mq\":\"Fjord Oceanic\",\"nm\":\"Longe aiglefin 4oz surgel\u00E9e\",\"nme\":\"Frozen Haddock 4oz Loin\",\"attr\":\"\",\"sku\":\"34590\",\"l2\":\"Poisson surgel\u00E9\",\"sl\":\"longe-aiglefin-4oz-surgelee-fjord-oceanic-34590\",\"sn\":\"\",\"idxP\":100},{\"mq\":\"Fjord Oceanic\",\"nm\":\"Filet de pangasius\",\"nme\":\"Pangasius fillet\",\"attr\":\"\",\"sku\":\"33748\",\"l2\":\"Poisson surgel\u00E9\",\"sl\":\"filet-de-pangasius-fjord-oceanic-33748\",\"sn\":\"\",\"idxP\":100},{\"mq\":\"Mayrand CHEF\",\"nm\":\"Ailes de poulet \u00E9pic\u00E9es pr\u00E9-cuites congel\u00E9es\",\"nme\":\"Frozen Precooked Spicy Chicken Wings\",\"attr\":\"\",\"sku\":\"34927\",\"l2\":\"Viande surgel\u00E9e\",\"sl\":\"ailes-de-poulet-epicees-pre-cuites-congelees-mayrand-chef-34927\",\"sn\":\"\",\"idxP\":86},{\"mq\":\"Aqua Gems\",\"nm\":\"Crevettes crue 41\\\/50 surgel\u00E9es\",\"nme\":\"Frozen Raw Shrimp 41\\\/50\",\"attr\":\"\",\"sku\":\"27542\",\"l2\":\"Fruit de mer surgel\u00E9\",\"sl\":\"crevettes-crue-4150-surgelees-aqua-gems-27542\",\"sn\":\"crevettes\",\"idxP\":86},{\"mq\":\"Caravelle\",\"nm\":\"Crevettes nordiques 250\\\/350 congel\u00E9es\",\"nme\":\"Frozen Cold Water Shrimp 250\\\/350\",\"attr\":\"Aliment du Qu\u00E9bec\",\"sku\":\"35244\",\"l2\":\"Fruit de mer surgel\u00E9\",\"sl\":\"crevettes-nordiques-250350-congelees-caravelle-35244\",\"sn\":\"crevettes\",\"idxP\":67},{\"mq\":\"Grizzly\",\"nm\":\"Saumon sockeye fum\u00E9 tranch\u00E9 surgel\u00E9\",\"nme\":\"Frozen Smoked Sliced Sockeye Salmon\",\"attr\":\"\",\"sku\":\"35334\",\"l2\":\"Poisson surgel\u00E9\",\"sl\":\"saumon-sockeye-fume-tranche-surgele-grizzly-35334\",\"sn\":\"\",\"idxP\":56},{\"mq\":\"Grizzly\",\"nm\":\"Saumon atlantique fum\u00E9 tranch\u00E9 surgel\u00E9\",\"nme\":\"Frozen Smoked Sliced Atlantic Salmon\",\"attr\":\"\",\"sku\":\"35328\",\"l2\":\"Poisson surgel\u00E9\",\"sl\":\"saumon-atlantique-fume-tranche-surgele-grizzly-35328\",\"sn\":\"\",\"idxP\":67},{\"mq\":\"Grizzly\",\"nm\":\"Saumon coho surgel\u00E9\",\"nme\":\"Frozen Smoked Coho Salmon\",\"attr\":\"\",\"sku\":\"35327\",\"l2\":\"Poisson surgel\u00E9\",\"sl\":\"saumon-coho-surgele-grizzly-35327\",\"sn\":\"\",\"idxP\":88},{\"mq\":\"Stromboli\",\"nm\":\"Pizza toute garnie congel\u00E9e\",\"nme\":\"Frozen all dressed Pizza\",\"attr\":\"\",\"sku\":\"35503\",\"l2\":\"Pizza surgel\u00E9e\",\"sl\":\"pizza-toute-garnie-congelee-stromboli-35503\",\"sn\":\"\",\"idxP\":43},{\"mq\":\"Stromboli\",\"nm\":\"Pizza fromage et fines herbes congel\u00E9e\",\"nme\":\"Frozen cheese and herbs Pizza\",\"attr\":\"\",\"sku\":\"35504\",\"l2\":\"Pizza surgel\u00E9e\",\"sl\":\"pizza-fromage-et-fines-herbes-congelee-stromboli-35504\",\"sn\":\"fromages\",\"idxP\":61},{\"mq\":\"Stromboli\",\"nm\":\"Pizza pepperoni et fromage congel\u00E9e\",\"nme\":\"Frozen Pepperoni and Cheese Pizza\",\"attr\":\"\",\"sku\":\"35507\",\"l2\":\"Pizza surgel\u00E9e\",\"sl\":\"pizza-pepperoni-et-fromage-congelee-stromboli-35507\",\"sn\":\"fromages\",\"idxP\":54},{\"mq\":\"Chapman\",\"nm\":\"Cr\u00E8me glac\u00E9e cerise noire premium\",\"nme\":\"Black cherry ice cream premium\",\"attr\":\"\",\"sku\":\"36150\",\"l2\":\"Cr\u00E8me glac\u00E9e et sorbet\",\"sl\":\"creme-glacee-cerise-noire-premium-chapman-36150\",\"sn\":\"\",\"idxP\":3},{\"mq\":\"Chapman\",\"nm\":\"Cr\u00E8me glac\u00E9e au chocolat\",\"nme\":\"Chocolate ice cream\",\"attr\":\"\",\"sku\":\"36115\",\"l2\":\"Cr\u00E8me glac\u00E9e et sorbet\",\"sl\":\"creme-glacee-au-chocolat-chapman-36115\",\"sn\":\"\",\"idxP\":5},{\"mq\":\"Chapman\",\"nm\":\"Cr\u00E8me glac\u00E9e brownies au chocolat premium\",\"nme\":\"Chocolate brownies ice cream premium\",\"attr\":\"\",\"sku\":\"36152\",\"l2\":\"Cr\u00E8me glac\u00E9e et sorbet\",\"sl\":\"creme-glacee-brownies-au-chocolat-premium-chapman-36152\",\"sn\":\"\",\"idxP\":4},{\"mq\":\"Chapman\",\"nm\":\"Yogourt glac\u00E9 tourbillon au fraise\",\"nme\":\"Strawberry swirl frozen yogurt\",\"attr\":\"\",\"sku\":\"36227\",\"l2\":\"Cr\u00E8me glac\u00E9e et sorbet\",\"sl\":\"yogourt-glace-tourbillon-au-fraise-chapman-36227\",\"sn\":\"fraises\",\"idxP\":5},{\"mq\":\"Chapman\",\"nm\":\"Rondelle de yogourt glac\u00E9e \u00E0 la vanille\",\"nme\":\"Frozen vanilla yogurt puck\",\"attr\":\"\",\"sku\":\"36104\",\"l2\":\"Cr\u00E8me glac\u00E9e et sorbet\",\"sl\":\"rondelle-de-yogourt-glacee-a-la-vanille-chapman-36104\",\"sn\":\"\",\"idxP\":47},{\"mq\":\"Chapman\",\"nm\":\"Cr\u00E8me glac\u00E9e \u00E0 la gomme balloune\",\"nme\":\"Bubble gum ice cream\",\"attr\":\"\",\"sku\":\"36133\",\"l2\":\"Cr\u00E8me glac\u00E9e et sorbet\",\"sl\":\"creme-glacee-a-la-gomme-balloune-chapman-36133\",\"sn\":\"\",\"idxP\":6},{\"mq\":\"Chapman\",\"nm\":\"Cr\u00E8me glac\u00E9e \u00E0 la mangue\",\"nme\":\"Mango ice cream\",\"attr\":\"\",\"sku\":\"36139\",\"l2\":\"Cr\u00E8me glac\u00E9e et sorbet\",\"sl\":\"creme-glacee-a-la-mangue-chapman-36139\",\"sn\":\"mangues\",\"idxP\":8},{\"mq\":\"Chapman\",\"nm\":\"Cr\u00E8me glac\u00E9e pistache sel amande premium\",\"nme\":\"Pistachio and almond ice cream premium\",\"attr\":\"\",\"sku\":\"36174\",\"l2\":\"Cr\u00E8me glac\u00E9e et sorbet\",\"sl\":\"creme-glacee-pistache-sel-amande-premium-chapman-36174\",\"sn\":\"amandes\",\"idxP\":5},{\"mq\":\"Chapman\",\"nm\":\"Sorbet aux framboises\",\"nme\":\"Raspberry sorbet\",\"attr\":\"\",\"sku\":\"36224\",\"l2\":\"Cr\u00E8me glac\u00E9e et sorbet\",\"sl\":\"sorbet-aux-framboises-chapman-36224\",\"sn\":\"framboises\",\"idxP\":5},{\"mq\":\"Chapman\",\"nm\":\"Cr\u00E8me glac\u00E9e \u00E0 la barbe \u00E0 papa\",\"nme\":\"Cotton candy ice cream\",\"attr\":\"\",\"sku\":\"36137\",\"l2\":\"Cr\u00E8me glac\u00E9e et sorbet\",\"sl\":\"creme-glacee-a-la-barbe-a-papa-chapman-36137\",\"sn\":\"\",\"idxP\":5},{\"mq\":\"Chapman\",\"nm\":\"Sorbet arc-en-ciel\",\"nme\":\"Rainbow sorbet\",\"attr\":\"\",\"sku\":\"36223\",\"l2\":\"Cr\u00E8me glac\u00E9e et sorbet\",\"sl\":\"sorbet-arc-en-ciel-chapman-36223\",\"sn\":\"\",\"idxP\":4},{\"mq\":\"Chapman\",\"nm\":\"Cr\u00E8me glac\u00E9e arc-en-ciel\",\"nme\":\"Rainbow ice cream\",\"attr\":\"\",\"sku\":\"36122\",\"l2\":\"Cr\u00E8me glac\u00E9e et sorbet\",\"sl\":\"creme-glacee-arc-en-ciel-chapman-36122\",\"sn\":\"\",\"idxP\":6},{\"mq\":\"Chapman\",\"nm\":\"Cr\u00E8me glac\u00E9e \u00E0 la vanille fran\u00E7aise premium\",\"nme\":\"French vanilla ice cream premium\",\"attr\":\"\",\"sku\":\"36140\",\"l2\":\"Cr\u00E8me glac\u00E9e et sorbet\",\"sl\":\"creme-glacee-a-la-vanille-francaise-premium-chapman-36140\",\"sn\":\"\",\"idxP\":7},{\"mq\":\"Chapman\",\"nm\":\"Cr\u00E8me glac\u00E9e \u00E0 la vanille\",\"nme\":\"Vanilla ice cream\",\"attr\":\"\",\"sku\":\"36105\",\"l2\":\"Cr\u00E8me glac\u00E9e et sorbet\",\"sl\":\"creme-glacee-a-la-vanille-chapman-36105\",\"sn\":\"\",\"idxP\":14},{\"mq\":\"Chapman\",\"nm\":\"Cr\u00E8me glac\u00E9e super h\u00E9ros\",\"nme\":\"Super hero ice cream\",\"attr\":\"\",\"sku\":\"36138\",\"l2\":\"Cr\u00E8me glac\u00E9e et sorbet\",\"sl\":\"creme-glacee-super-heros-chapman-36138\",\"sn\":\"\",\"idxP\":5},{\"mq\":\"Chapman\",\"nm\":\"Cr\u00E8me glac\u00E9e p\u00E2te \u00E0 biscuit brisures de choco prem\",\"nme\":\"Chocolate chips cookie dough ice cream premium\",\"attr\":\"\",\"sku\":\"36153\",\"l2\":\"Cr\u00E8me glac\u00E9e et sorbet\",\"sl\":\"creme-glacee-pate-a-biscuit-brisures-de-choco-prem-chapman-36153\",\"sn\":\"\",\"idxP\":6},{\"mq\":\"Chapman\",\"nm\":\"Cr\u00E8me glac\u00E9e \u00E9rable et noix premium\",\"nme\":\"Maple and nuts ice cream premium\",\"attr\":\"\",\"sku\":\"36151\",\"l2\":\"Cr\u00E8me glac\u00E9e et sorbet\",\"sl\":\"creme-glacee-erable-et-noix-premium-chapman-36151\",\"sn\":\"\",\"idxP\":4},{\"mq\":\"Chapman\",\"nm\":\"Cr\u00E8me glac\u00E9e biscuit cr\u00E8me premium\",\"nme\":\"Cream cookie ice cream premium\",\"attr\":\"\",\"sku\":\"36188\",\"l2\":\"Cr\u00E8me glac\u00E9e et sorbet\",\"sl\":\"creme-glacee-biscuit-creme-premium-chapman-36188\",\"sn\":\"\",\"idxP\":5},{\"mq\":\"Chapman\",\"nm\":\"Yogourt glac\u00E9 vanille\",\"nme\":\"Vanilla frozen yogurt\",\"attr\":\"\",\"sku\":\"36226\",\"l2\":\"Cr\u00E8me glac\u00E9e et sorbet\",\"sl\":\"yogourt-glace-vanille-chapman-36226\",\"sn\":\"\",\"idxP\":5},{\"mq\":\"Festin\",\"nm\":\"Cr\u00E8me glac\u00E9e gomme balloune\",\"nme\":\"Bubble gum ice cream\",\"attr\":\"\",\"sku\":\"36285\",\"l2\":\"Cr\u00E8me glac\u00E9e et sorbet\",\"sl\":\"creme-glacee-gomme-balloune-festin-36285\",\"sn\":\"\",\"idxP\":16},{\"mq\":\"Aqua Gems\",\"nm\":\"Crevettes blanches sans queue 51\\\/60 surgel\u00E9es\",\"nme\":\"Frozen white shrimps without tail 51\\\/60\",\"attr\":\"\",\"sku\":\"36228\",\"l2\":\"Fruit de mer surgel\u00E9\",\"sl\":\"crevettes-blanches-sans-queue-5160-surgelees-aqua-gems-36228\",\"sn\":\"crevettes\",\"idxP\":83},{\"mq\":\"Chapman\",\"nm\":\"Sorbet \u00E0 l'orange\",\"nme\":\"Orange sorbet\",\"attr\":\"\",\"sku\":\"36225\",\"l2\":\"Cr\u00E8me glac\u00E9e et sorbet\",\"sl\":\"sorbet-a-lorange-chapman-36225\",\"sn\":\"\",\"idxP\":4},{\"mq\":\"Shawbridge\",\"nm\":\"Pizza margarita surgel\u00E9e\",\"nme\":\"Frozen margarita pizza\",\"attr\":\"Produit local\",\"sku\":\"36062\",\"l2\":\"Pizza surgel\u00E9e\",\"sl\":\"pizza-margarita-surgelee-shawbridge-36062\",\"sn\":\"\",\"idxP\":44},{\"mq\":\"Shawbridge\",\"nm\":\"Pizza pepperoni surgel\u00E9e\",\"nme\":\"Frozen pepperoni pizza\",\"attr\":\"Produit local\",\"sku\":\"36048\",\"l2\":\"Pizza surgel\u00E9e\",\"sl\":\"pizza-pepperoni-surgelee-shawbridge-36048\",\"sn\":\"\",\"idxP\":54},{\"mq\":\"Cavendish\",\"nm\":\"Galette de pomme de terre surgel\u00E9e\",\"nme\":\"Frozen Patties\",\"attr\":\"\",\"sku\":\"33962\",\"l2\":\"L\u00E9gumes surgel\u00E9s\",\"sl\":\"galette-de-pomme-de-terre-surgelee-cavendish-33962\",\"sn\":\"pommes\",\"idxP\":100},{\"mq\":\"Shawbridge\",\"nm\":\"Pizza toute garnie surgel\u00E9e\",\"nme\":\"Frozen all dressed pizza\",\"attr\":\"Produit local\",\"sku\":\"36003\",\"l2\":\"Pizza surgel\u00E9e\",\"sl\":\"pizza-toute-garnie-surgelee-shawbridge-36003\",\"sn\":\"\",\"idxP\":56},{\"mq\":\"Shawbridge\",\"nm\":\"Pizza v\u00E9g\u00E9tarienne surgel\u00E9e\",\"nme\":\"Frozen vegetarian pizza\",\"attr\":\"Produit local\",\"sku\":\"36049\",\"l2\":\"Pizza surgel\u00E9e\",\"sl\":\"pizza-vegetarienne-surgelee-shawbridge-36049\",\"sn\":\"\",\"idxP\":28},{\"mq\":\"Chapman\",\"nm\":\"Lolly triple d\u00E9lice\",\"nme\":\"Triple treat lolly\",\"attr\":\"\",\"sku\":\"36687\",\"l2\":\"Cr\u00E8me glac\u00E9e et sorbet\",\"sl\":\"lolly-triple-delice-chapman-36687\",\"sn\":\"\",\"idxP\":18},{\"mq\":\"Como\",\"nm\":\"Pizza au fromage congel\u00E9e\",\"nme\":\"Frozen Cheese Pizza\",\"attr\":\"\",\"sku\":\"36476\",\"l2\":\"Pizza surgel\u00E9e\",\"sl\":\"pizza-au-fromage-congelee-como-36476\",\"sn\":\"fromages\",\"idxP\":31},{\"mq\":\"Chapman\",\"nm\":\"Yogourt glac\u00E9 vanille et caramel et morc. chocolat\",\"nme\":\"Vanilla and caramel and chocolate chunk yogurt\",\"attr\":\"\",\"sku\":\"36785\",\"l2\":\"Cr\u00E8me glac\u00E9e et sorbet\",\"sl\":\"yogourt-glace-vanille-et-caramel-et-morc.-chocolat-chapman-36785\",\"sn\":\"croustille\",\"idxP\":10},{\"mq\":\"Chapman\",\"nm\":\"Yogourt glac\u00E9 cerise noire casino\",\"nme\":\"Black jack cherry yogurt\",\"attr\":\"\",\"sku\":\"36814\",\"l2\":\"Cr\u00E8me glac\u00E9e et sorbet\",\"sl\":\"yogourt-glace-cerise-noire-casino-chapman-36814\",\"sn\":\"\",\"idxP\":16},{\"mq\":\"Tio Jorge\",\"nm\":\"Feuilles de banane congel\u00E9es\",\"nme\":\"Frozen Banana Leaves\",\"attr\":\"\",\"sku\":\"36607\",\"l2\":\"Fruits et pur\u00E9e surgel\u00E9s\",\"sl\":\"feuilles-de-banane-congelees-tio-jorge-36607\",\"sn\":\"ananas, bananes\",\"idxP\":19},{\"mq\":\"Chapman\",\"nm\":\"Super sandwich cr\u00E8me glac\u00E9e napolitaine\",\"nme\":\"Super ice cream sandwch neapolitan\",\"attr\":\"\",\"sku\":\"36616\",\"l2\":\"Cr\u00E8me glac\u00E9e et sorbet\",\"sl\":\"super-sandwich-creme-glacee-napolitaine-chapman-36616\",\"sn\":\"\",\"idxP\":14},{\"mq\":\"Chapman\",\"nm\":\"Sorbet mangue\",\"nme\":\"Mango sorbet\",\"attr\":\"\",\"sku\":\"36815\",\"l2\":\"Cr\u00E8me glac\u00E9e et sorbet\",\"sl\":\"sorbet-mangue-chapman-36815\",\"sn\":\"mangues\",\"idxP\":23},{\"mq\":\"Shawbridge\",\"nm\":\"Boule de p\u00E2te \u00E0 pizza surgel\u00E9e\",\"nme\":\"Frozen Pizza Dough Ball\",\"attr\":\"Aliment du Qu\u00E9bec, Produit local\",\"sku\":\"36002\",\"l2\":\"Pizza surgel\u00E9e\",\"sl\":\"boule-de-pate-a-pizza-surgelee-shawbridge-36002\",\"sn\":\"\",\"idxP\":55},{\"mq\":\"Chapman\",\"nm\":\"Yogourt glac\u00E9 \u00E9rable et noix\",\"nme\":\"Maple walnut yogurt\",\"attr\":\"\",\"sku\":\"36783\",\"l2\":\"Cr\u00E8me glac\u00E9e et sorbet\",\"sl\":\"yogourt-glace-erable-et-noix-chapman-36783\",\"sn\":\"\",\"idxP\":9},{\"mq\":\"Chapman\",\"nm\":\"Super sandwich cr\u00E8me glac\u00E9e en sauce caramel\",\"nme\":\"Super ice cream sandwch saucy caramel\",\"attr\":\"\",\"sku\":\"36615\",\"l2\":\"Cr\u00E8me glac\u00E9e et sorbet\",\"sl\":\"super-sandwich-creme-glacee-en-sauce-caramel-chapman-36615\",\"sn\":\"\",\"idxP\":22},{\"mq\":\"Chapman\",\"nm\":\"Lolly aux fruits\",\"nme\":\"Fruity lolly\",\"attr\":\"\",\"sku\":\"36694\",\"l2\":\"Cr\u00E8me glac\u00E9e et sorbet\",\"sl\":\"lolly-aux-fruits-chapman-36694\",\"sn\":\"\",\"idxP\":25},{\"mq\":\"Chapman\",\"nm\":\"Sorbet arc-en-ciel\",\"nme\":\"Rainbow sorbet\",\"attr\":\"\",\"sku\":\"36818\",\"l2\":\"Cr\u00E8me glac\u00E9e et sorbet\",\"sl\":\"sorbet-arc-en-ciel-chapman-36818\",\"sn\":\"\",\"idxP\":22},{\"mq\":\"Chapman\",\"nm\":\"Sorbet petits fruits triple\",\"nme\":\"Triple berry sorbet\",\"attr\":\"\",\"sku\":\"36817\",\"l2\":\"Cr\u00E8me glac\u00E9e et sorbet\",\"sl\":\"sorbet-petits-fruits-triple-chapman-36817\",\"sn\":\"\",\"idxP\":19},{\"mq\":\"Chapman\",\"nm\":\"Yogourt glac\u00E9 cappuccino\",\"nme\":\"Cappuccino yogurt\",\"attr\":\"\",\"sku\":\"36766\",\"l2\":\"Cr\u00E8me glac\u00E9e et sorbet\",\"sl\":\"yogourt-glace-cappuccino-chapman-36766\",\"sn\":\"\",\"idxP\":15},{\"mq\":\"Alasko\",\"nm\":\"M\u00E9lange Paradiso surgel\u00E9\",\"nme\":\"Frozen Paradiso mix\",\"attr\":\"\",\"sku\":\"33888\",\"l2\":\"Fruits et pur\u00E9e surgel\u00E9s\",\"sl\":\"melange-paradiso-surgele-alasko-33888\",\"sn\":\"\",\"idxP\":79},{\"mq\":\"High Liner\",\"nm\":\"Fricadelle de poisson surgel\u00E9e\",\"nme\":\"Frozen Fish Cake\",\"attr\":\"\",\"sku\":\"22181\",\"l2\":\"Poisson surgel\u00E9\",\"sl\":\"fricadelle-de-poisson-surgelee-high-liner-22181\",\"sn\":\"\",\"idxP\":47},{\"mq\":\"Below Zero\",\"nm\":\"Fruits m\u00E9lang\u00E9s 4 fruits surgel\u00E9s\",\"nme\":\"Frozen 4  fruits mix\",\"attr\":\"\",\"sku\":\"32275\",\"l2\":\"Fruits et pur\u00E9e surgel\u00E9s\",\"sl\":\"fruits-melanges-4-fruits-surgeles-below-zero-32275\",\"sn\":\"\",\"idxP\":78},{\"mq\":\"Flamingo\",\"nm\":\"Morceaux de poulet style poulet frit d\u00E9soss\u00E9s\",\"nme\":\"Southern Style Boneless Crispy Chicken\",\"attr\":\"\",\"sku\":\"31691\",\"l2\":\"Viande surgel\u00E9e\",\"sl\":\"morceaux-de-poulet-style-poulet-frit-desosses-flamingo-31691\",\"sn\":\"\",\"idxP\":37},{\"mq\":\"Flamingo\",\"nm\":\"Bouch\u00E9e de poulet nature pan\u00E9e cuite surgel\u00E9e\",\"nme\":\"Frozen plain breaded chicken chunkies cooked\",\"attr\":\"\",\"sku\":\"31692\",\"l2\":\"Viande surgel\u00E9e\",\"sl\":\"bouchee-de-poulet-nature-panee-cuite-surgelee-flamingo-31692\",\"sn\":\"\",\"idxP\":38},{\"mq\":\"Uptime\",\"nm\":\"Wonton au porc et \u00E9chalotes congel\u00E9\",\"nme\":\"Frozen pork and green onion wonton\",\"attr\":\"\",\"sku\":\"40635\",\"l2\":\"Mets surgel\u00E9s\",\"sl\":\"wonton-au-porc-et-echalotes-congele-uptime-40635\",\"sn\":\"onions\",\"idxP\":71},{\"mq\":\"Uptime\",\"nm\":\"Wonton au poulet, crevettes et c\u00E9leri congel\u00E9\",\"nme\":\"Frozen chicken, shrimps and celery wonton\",\"attr\":\"\",\"sku\":\"40633\",\"l2\":\"Mets surgel\u00E9s\",\"sl\":\"wonton-au-poulet-crevettes-et-celeri-congele-uptime-40633\",\"sn\":\"crevettes\",\"idxP\":62},{\"mq\":\"Uptime\",\"nm\":\"Wonton au porc et aux crevettes congel\u00E9\",\"nme\":\"Frozen pork and shrimps wonton\",\"attr\":\"\",\"sku\":\"40634\",\"l2\":\"Mets surgel\u00E9s\",\"sl\":\"wonton-au-porc-et-aux-crevettes-congele-uptime-40634\",\"sn\":\"crevettes\",\"idxP\":67},{\"mq\":\"Uptime\",\"nm\":\"Wonton au poulet et coriandre congel\u00E9\",\"nme\":\"Frozen chicken and coriander wonton\",\"attr\":\"\",\"sku\":\"40637\",\"l2\":\"Mets surgel\u00E9s\",\"sl\":\"wonton-au-poulet-et-coriandre-congele-uptime-40637\",\"sn\":\"\",\"idxP\":75},{\"mq\":\"Uptime\",\"nm\":\"Wonton au poulet et \u00E9chalotes congel\u00E9\",\"nme\":\"Frozen chicken and green onion wonton\",\"attr\":\"\",\"sku\":\"40636\",\"l2\":\"Mets surgel\u00E9s\",\"sl\":\"wonton-au-poulet-et-echalotes-congele-uptime-40636\",\"sn\":\"onions\",\"idxP\":73},{\"mq\":\"Olymel\",\"nm\":\"Morceaux poitrine poulet style tempura, halal CG\",\"nme\":\"Tempura Halal Chicken Breast Pieces FZ\",\"attr\":\"\",\"sku\":\"41200\",\"l2\":\"Viande surgel\u00E9e\",\"sl\":\"morceaux-poitrine-poulet-style-tempura-halal-cg-olymel-41200\",\"sn\":\"\",\"idxP\":36},{\"mq\":\"Maple Lodge\",\"nm\":\"Saucisse enrob\u00E9 de p\u00E2te sur b\u00E2ton halal\",\"nme\":\"Zabiha Halal Corn Dog\",\"attr\":\"\",\"sku\":\"26157\",\"l2\":\"Mets surgel\u00E9s\",\"sl\":\"saucisse-enrobe-de-pate-sur-baton-halal-maple-lodge-26157\",\"sn\":\"\",\"idxP\":32},{\"mq\":\"Aqua Gems\",\"nm\":\"Crevettes blanches crues Pacifique 31\\\/40 surgel\u00E9es\",\"nme\":\"Frozen Raw White Shrimps 31\\\/40\",\"attr\":\"\",\"sku\":\"27534\",\"l2\":\"Fruit de mer surgel\u00E9\",\"sl\":\"crevettes-blanches-crues-pacifique-3140-surgelees-aqua-gems-27534\",\"sn\":\"crevettes\",\"idxP\":76},{\"mq\":\"Como\",\"nm\":\"Pizza au pepperoni et fromage congel\u00E9e\",\"nme\":\"Frozen Pepperoni and Cheese Pizza\",\"attr\":\"\",\"sku\":\"36478\",\"l2\":\"Pizza surgel\u00E9e\",\"sl\":\"pizza-au-pepperoni-et-fromage-congelee-como-36478\",\"sn\":\"fromages\",\"idxP\":46},{\"mq\":\"Como\",\"nm\":\"Pizza toute garnie congel\u00E9e\",\"nme\":\"Frozen All Dressed Pizza\",\"attr\":\"\",\"sku\":\"36484\",\"l2\":\"Pizza surgel\u00E9e\",\"sl\":\"pizza-toute-garnie-congelee-como-36484\",\"sn\":\"\",\"idxP\":75},{\"mq\":\"Bridor\",\"nm\":\"Panini pr\u00E9-cuit surgel\u00E9\",\"nme\":\"Frozen Pre-Cooked Panini\",\"attr\":\"\",\"sku\":\"48181\",\"l2\":\"Boulangerie surgel\u00E9e\",\"sl\":\"panini-pre-cuit-surgele-bridor-48181\",\"sn\":\"\",\"idxP\":100},{\"mq\":\"Mirabel\",\"nm\":\"Crevettes tigr\u00E9es noires crues 6-8\\\/lb CG\",\"nme\":\"Black Tiger Shrimp Raw  6-8\\\/lb FZ\",\"attr\":\"\",\"sku\":\"11259\",\"l2\":\"Fruit de mer surgel\u00E9\",\"sl\":\"crevettes-tigrees-noires-crues-6-8lb-cg-mirabel-11259\",\"sn\":\"crevettes\",\"idxP\":20},{\"mq\":\"Mirabel\",\"nm\":\"Crevettes tigr\u00E9es noires crues 8-12\\\/lb CG\",\"nme\":\"Black Tiger Shrimp Raw 8-12\\\/lb CG\",\"attr\":\"\",\"sku\":\"11260\",\"l2\":\"Fruit de mer surgel\u00E9\",\"sl\":\"crevettes-tigrees-noires-crues-8-12lb-cg-mirabel-11260\",\"sn\":\"crevettes\",\"idxP\":47},{\"mq\":\"Fjord oceanic\",\"nm\":\"Truite arc-en-ciel filet congel\u00E9\",\"nme\":\"Frozen rainbow trout fillet\",\"attr\":\"\",\"sku\":\"11266\",\"l2\":\"Poisson surgel\u00E9\",\"sl\":\"truite-arc-en-ciel-filet-congele-fjord-oceanic-11266\",\"sn\":\"\",\"idxP\":74},{\"mq\":\"Bridor\",\"nm\":\"Croissant au beurre pr\u00EAt-\u00E0-cuire surgel\u00E9\",\"nme\":\"Frozen Ready to Cook Butter Croissant\",\"attr\":\"\",\"sku\":\"35879\",\"l2\":\"Boulangerie surgel\u00E9e\",\"sl\":\"croissant-au-beurre-pret-a-cuire-surgele-bridor-35879\",\"sn\":\"croissants\",\"idxP\":100},{\"mq\":\"Aqua Gems\",\"nm\":\"Crevettes blanches crues Pacifique 26\\\/30 surgel\u00E9es\",\"nme\":\"Frozen White Raw Shrimps 26\\\/30\",\"attr\":\"\",\"sku\":\"27535\",\"l2\":\"Fruit de mer surgel\u00E9\",\"sl\":\"crevettes-blanches-crues-pacifique-2630-surgelees-aqua-gems-27535\",\"sn\":\"crevettes\",\"idxP\":0},{\"mq\":\"Bridor\",\"nm\":\"Chocolatine au beurre pr\u00EAt-\u00E0-cuire surgel\u00E9e\",\"nme\":\"Frozen Ready to Cook Butter Chocolatine\",\"attr\":\"\",\"sku\":\"29156\",\"l2\":\"P\u00E2tisserie surgel\u00E9e\",\"sl\":\"chocolatine-au-beurre-pret-a-cuire-surgelee-bridor-29156\",\"sn\":\"\",\"idxP\":91},{\"mq\":\"Bridor\",\"nm\":\"Panier de mini danoises \u00E0 l'\u00E9rable surgel\u00E9es\",\"nme\":\"Frozen Mini Maple Danish Basket\",\"attr\":\"\",\"sku\":\"33092\",\"l2\":\"Boulangerie surgel\u00E9e\",\"sl\":\"panier-de-mini-danoises-a-lerable-surgelees-bridor-33092\",\"sn\":\"\",\"idxP\":23},{\"mq\":\"Blue Tide\",\"nm\":\"M\u00E9lange de fruits de mer cultiv\u00E9s CG\",\"nme\":\"Farm seafood mix FZ\",\"attr\":\"\",\"sku\":\"10570\",\"l2\":\"Fruit de mer surgel\u00E9\",\"sl\":\"melange-de-fruits-de-mer-cultives-cg-blue-tide-10570\",\"sn\":\"\",\"idxP\":85},{\"mq\":\"Novali\",\"nm\":\"Galette d'avoine congel\u00E9e\",\"nme\":\"Frozen Oat Cooked Cake\",\"attr\":\"\",\"sku\":\"13622\",\"l2\":\"P\u00E2tisserie surgel\u00E9e\",\"sl\":\"galette-davoine-congelee-novali-13622\",\"sn\":\"\",\"idxP\":5},{\"mq\":\"Aqua Gems\",\"nm\":\"Crevettes crues surgel\u00E9es 90\\\/130\",\"nme\":\"Frozen Raw Shrimps 90\\\/130\",\"attr\":\"\",\"sku\":\"28214\",\"l2\":\"Fruit de mer surgel\u00E9\",\"sl\":\"crevettes-crues-surgelees-90130-aqua-gems-28214\",\"sn\":\"crevettes\",\"idxP\":89},{\"mq\":\"Bridor\",\"nm\":\"Brioche \u00E0 la cannelle surgel\u00E9e 6un\",\"nme\":\"Frozen Cinnamon Bun\",\"attr\":\"\",\"sku\":\"25266\",\"l2\":\"Boulangerie surgel\u00E9e\",\"sl\":\"brioche-a-la-cannelle-surgelee-6un-bridor-25266\",\"sn\":\"\",\"idxP\":67},{\"mq\":\"Como\",\"nm\":\"Pizza aux l\u00E9gumes congel\u00E9e\",\"nme\":\"Frozen Vegetables Pizza\",\"attr\":\"\",\"sku\":\"36490\",\"l2\":\"Pizza surgel\u00E9e\",\"sl\":\"pizza-aux-legumes-congelee-como-36490\",\"sn\":\"\",\"idxP\":23},{\"mq\":\"Como\",\"nm\":\"Pizza Margherita congel\u00E9e\",\"nme\":\"Frozen Margherita Pizza\",\"attr\":\"\",\"sku\":\"01369\",\"l2\":\"Pizza surgel\u00E9e\",\"sl\":\"pizza-margherita-congelee-como-01369\",\"sn\":\"\",\"idxP\":44},{\"mq\":\"Anchors Bay\",\"nm\":\"Tilapia entier nettoy\u00E9 350\\\/550 CG\",\"nme\":\"Whole Cleaned Tilapia 350\\\/550 FZ\",\"attr\":\"\",\"sku\":\"10576\",\"l2\":\"Poisson surgel\u00E9\",\"sl\":\"tilapia-entier-nettoye-350550-cg-anchors-bay-10576\",\"sn\":\"\",\"idxP\":36},{\"mq\":\"SAVO\",\"nm\":\"Sorbet fraise - panne\",\"nme\":\"Strawberry sorbet - pan\",\"attr\":\"Sans gluten, Sans lactose, Produit local\",\"sku\":\"01632\",\"l2\":\"Cr\u00E8me glac\u00E9e et sorbet\",\"sl\":\"sorbet-fraise-panne-savo-01632\",\"sn\":\"fraises\",\"idxP\":12},{\"mq\":\"SAVO\",\"nm\":\"Sorbet citron - panne\",\"nme\":\"Lemon sorbet - pan\",\"attr\":\"Sans gluten, Sans lactose, Produit local\",\"sku\":\"01635\",\"l2\":\"Cr\u00E8me glac\u00E9e et sorbet\",\"sl\":\"sorbet-citron-panne-savo-01635\",\"sn\":\"citrons\",\"idxP\":12},{\"mq\":\"SAVO\",\"nm\":\"Sorbet framboise - panne\",\"nme\":\"Raspberry sorbet - pan\",\"attr\":\"\",\"sku\":\"01682\",\"l2\":\"Cr\u00E8me glac\u00E9e et sorbet\",\"sl\":\"sorbet-framboise-panne-savo-01682\",\"sn\":\"framboises\",\"idxP\":18},{\"mq\":\"SAVO\",\"nm\":\"Gelato chocolat noir - panne\",\"nme\":\"Dark chocolate gelato - pan\",\"attr\":\"\",\"sku\":\"01684\",\"l2\":\"Cr\u00E8me glac\u00E9e et sorbet\",\"sl\":\"gelato-chocolat-noir-panne-savo-01684\",\"sn\":\"\",\"idxP\":10},{\"mq\":\"SAVO\",\"nm\":\"Sorbet mangue - panne\",\"nme\":\"Mango sorbet - pan\",\"attr\":\"\",\"sku\":\"01683\",\"l2\":\"Cr\u00E8me glac\u00E9e et sorbet\",\"sl\":\"sorbet-mangue-panne-savo-01683\",\"sn\":\"mangues\",\"idxP\":18},{\"mq\":\"Alasko\",\"nm\":\"Bananes tranch\u00E9es surgel\u00E9es\",\"nme\":\"Frozen Sliced Bananas\",\"attr\":\"\",\"sku\":\"30671\",\"l2\":\"Fruits et pur\u00E9e surgel\u00E9s\",\"sl\":\"bananes-tranchees-surgelees-alasko-30671\",\"sn\":\"ananas, bananes\",\"idxP\":50},{\"mq\":\"Lesters\",\"nm\":\"Saucisses fum\u00E9es hot-dog #12 surgel\u00E9es\",\"nme\":\"Frozen Hot-dog Wiener Sausages #12\",\"attr\":\"\",\"sku\":\"29953\",\"l2\":\"Viande surgel\u00E9e\",\"sl\":\"saucisses-fumees-hot-dog-12-surgelees-lesters-29953\",\"sn\":\"\",\"idxP\":65},{\"mq\":\"Aqua Gems\",\"nm\":\"Crevettes cuites pel\u00E9es a\\\/queue 16\\\/20 surgel\u00E9es\",\"nme\":\"Shrimps cooked, peeled w\\\/tail 16\\\/20 FZ\",\"attr\":\"\",\"sku\":\"10578\",\"l2\":\"Fruit de mer surgel\u00E9\",\"sl\":\"crevettes-cuites-pelees-aqueue-1620-surgelees-aqua-gems-10578\",\"sn\":\"crevettes\",\"idxP\":85},{\"mq\":\"Pearlmark\",\"nm\":\"Grenouille cuisses 16-20 Indon\u00E9sie\",\"nme\":\"Frog Legs 16-20 Indonesia\",\"attr\":\"\",\"sku\":\"10583\",\"l2\":\"Autre\",\"sl\":\"grenouille-cuisses-16-20-indonesie-pearlmark-10583\",\"sn\":\"\",\"idxP\":12},{\"mq\":\"Aqua Gems\",\"nm\":\"Crevettes cuites pel\u00E9es a\\\/queue 26\\\/30 surgel\u00E9es\",\"nme\":\"Shrimps cooked, peeled w\\\/tail 26\\\/30 FZ\",\"attr\":\"\",\"sku\":\"10580\",\"l2\":\"Fruit de mer surgel\u00E9\",\"sl\":\"crevettes-cuites-pelees-aqueue-2630-surgelees-aqua-gems-10580\",\"sn\":\"crevettes\",\"idxP\":62},{\"mq\":\"Pearlmark\",\"nm\":\"Espadon steak 6oz S-V CG\",\"nme\":\"Swordfish Steak 6oz IVP CG\",\"attr\":\"\",\"sku\":\"10582\",\"l2\":\"Poisson surgel\u00E9\",\"sl\":\"espadon-steak-6oz-s-v-cg-pearlmark-10582\",\"sn\":\"\",\"idxP\":34},{\"mq\":\"Novali\",\"nm\":\"Cro\u00FBtes sal\u00E9es 8\\\" surgel\u00E9es\",\"nme\":\"Unsweetened 8\\\" Frozen Pie Shell\",\"attr\":\"\",\"sku\":\"42929\",\"l2\":\"P\u00E2tisserie surgel\u00E9e\",\"sl\":\"croutes-salees-8-surgelees-novali-42929\",\"sn\":\"\",\"idxP\":9},{\"mq\":\"Flamingo\",\"nm\":\"Ailes de poulet Buffalo r\u00F4ties au four surgel\u00E9e\",\"nme\":\"Frozen Oven Roasted Buffalo Chicken Wings\",\"attr\":\"\",\"sku\":\"02116\",\"l2\":\"Viande surgel\u00E9e\",\"sl\":\"ailes-de-poulet-buffalo-roties-au-four-surgelee-flamingo-02116\",\"sn\":\"\",\"idxP\":44},{\"mq\":\"Antico forno\",\"nm\":\"Cro\u00FBtes pinsa romana\",\"nme\":\"Pinsa romana crust\",\"attr\":\"\",\"sku\":\"02130\",\"l2\":\"Pizza surgel\u00E9e\",\"sl\":\"croutes-pinsa-romana-antico-forno-02130\",\"sn\":\"\",\"idxP\":43},{\"mq\":\"Flamingo\",\"nm\":\"Filets poitrine poulet assaisonn\u00E9s,pan\u00E9s ent. cuit\",\"nme\":\"Seasoned chicken breast fillets, breaded ent. cook\",\"attr\":\"\",\"sku\":\"02194\",\"l2\":\"Viande surgel\u00E9e\",\"sl\":\"filets-poitrine-poulet-assaisonnespanes-ent.-cuit-flamingo-02194\",\"sn\":\"\",\"idxP\":22},{\"mq\":\"Flamingo\",\"nm\":\"Ailes de poulet BBQ r\u00F4ties au four surgel\u00E9e\",\"nme\":\"Frozen Oven Roasted BBQ Chicken Wings\",\"attr\":\"\",\"sku\":\"02113\",\"l2\":\"Viande surgel\u00E9e\",\"sl\":\"ailes-de-poulet-bbq-roties-au-four-surgelee-flamingo-02113\",\"sn\":\"\",\"idxP\":47},{\"mq\":\"Flamingo\",\"nm\":\"Ailes poulet Miel et Ail r\u00F4ties au four surgel\u00E9e\",\"nme\":\"Frozen Honey Garlic Oven Roasted Chicken Wings\",\"attr\":\"\",\"sku\":\"02115\",\"l2\":\"Viande surgel\u00E9e\",\"sl\":\"ailes-poulet-miel-et-ail-roties-au-four-surgelee-flamingo-02115\",\"sn\":\"\",\"idxP\":35},{\"mq\":\"Flamingo\",\"nm\":\"Lani\u00E8res poitrine poulet pan\u00E9es et enti\u00E8re. cuites\",\"nme\":\"Breaded and whole chicken breast strips. cooked\",\"attr\":\"\",\"sku\":\"02192\",\"l2\":\"Viande surgel\u00E9e\",\"sl\":\"lanieres-poitrine-poulet-panees-et-entiere.-cuites-flamingo-02192\",\"sn\":\"\",\"idxP\":38},{\"mq\":\"Plaisirs Gastronomiques\",\"nm\":\"Tourti\u00E8re surgel\u00E9e\",\"nme\":\"Frozen Meat Pie\",\"attr\":\"\",\"sku\":\"29400\",\"l2\":\"Mets surgel\u00E9s\",\"sl\":\"tourtiere-surgelee-plaisirs-gastronomiques-29400\",\"sn\":\"\",\"idxP\":52},{\"mq\":\"Plaisirs Gastronomiques\",\"nm\":\"Pat\u00E9 au poulet surgel\u00E9\",\"nme\":\"Frozen Chicken Pie\",\"attr\":\"\",\"sku\":\"29401\",\"l2\":\"Mets surgel\u00E9s\",\"sl\":\"pate-au-poulet-surgele-plaisirs-gastronomiques-29401\",\"sn\":\"\",\"idxP\":33},{\"mq\":\"Taterchef\",\"nm\":\"Rondelle oignon p\u00E2te congel\u00E9e\",\"nme\":\"Frozen Battered Onion Ring\",\"attr\":\"\",\"sku\":\"02595\",\"l2\":\"Mets surgel\u00E9s\",\"sl\":\"rondelle-oignon-pate-congelee-taterchef-02595\",\"sn\":\"onions, oignons\",\"idxP\":49},{\"mq\":\"Janes\",\"nm\":\"Morceaux de poisson pan\u00E9s congel\u00E9s\",\"nme\":\"Battered fish bites\",\"attr\":\"\",\"sku\":\"34497\",\"l2\":\"Poisson surgel\u00E9\",\"sl\":\"morceaux-de-poisson-panes-congeles-janes-34497\",\"sn\":\"\",\"idxP\":16},{\"mq\":\"Janes\",\"nm\":\"Burgers de poisson p\u00E2te \u00E0 la bi\u00E8re congel\u00E9s\",\"nme\":\"Frozen eer battered fish burgers\",\"attr\":\"\",\"sku\":\"34499\",\"l2\":\"Poisson surgel\u00E9\",\"sl\":\"burgers-de-poisson-pate-a-la-biere-congeles-janes-34499\",\"sn\":\"\",\"idxP\":14},{\"mq\":\"Janes\",\"nm\":\"Poisson en p\u00E2te style anglais congel\u00E9\",\"nme\":\"English style breaded fish\",\"attr\":\"\",\"sku\":\"34491\",\"l2\":\"Poisson surgel\u00E9\",\"sl\":\"poisson-en-pate-style-anglais-congele-janes-34491\",\"sn\":\"\",\"idxP\":13},{\"mq\":\"Bridor\",\"nm\":\"Avalanche de chocolat pr\u00EAt-\u00E0-cuire surgel\u00E9\",\"nme\":\"Frozen Ready to Cook Chocolate Avalanche\",\"attr\":\"\",\"sku\":\"29136\",\"l2\":\"Boulangerie surgel\u00E9e\",\"sl\":\"avalanche-de-chocolat-pret-a-cuire-surgele-bridor-29136\",\"sn\":\"\",\"idxP\":73},{\"mq\":\"Rio Grande\",\"nm\":\"Galettes de ma\u00EFs sucr\u00E9es chirilagua congel\u00E9es\",\"nme\":\"Frozen green corn chirilagua tamales\",\"attr\":\"\",\"sku\":\"31468\",\"l2\":\"Fruits et pur\u00E9e surgel\u00E9s\",\"sl\":\"galettes-de-mais-sucrees-chirilagua-congelees-rio-grande-31468\",\"sn\":\"\",\"idxP\":25},{\"mq\":\"Cavendish\",\"nm\":\"Frites coupe double julienne surgel\u00E9es\",\"nme\":\"Frozen Potato Double Julienne Cut\",\"attr\":\"\",\"sku\":\"24879\",\"l2\":\"L\u00E9gumes surgel\u00E9s\",\"sl\":\"frites-coupe-double-julienne-surgelees-cavendish-24879\",\"sn\":\"\",\"idxP\":100},{\"mq\":\"Bridor\",\"nm\":\"Pain baguette pr\u00E9-cuite\",\"nme\":\"Pre-Cooked Baguette Bread\",\"attr\":\"\",\"sku\":\"49961\",\"l2\":\"Boulangerie surgel\u00E9e\",\"sl\":\"pain-baguette-pre-cuite-bridor-49961\",\"sn\":\"\",\"idxP\":100},{\"mq\":\"Alasko\",\"nm\":\"Kiwi tranch\u00E9 surgel\u00E9 individuellement\",\"nme\":\"Individually wrapped frozen sliced kiwi\",\"attr\":\"\",\"sku\":\"36464\",\"l2\":\"Fruits et pur\u00E9e surgel\u00E9s\",\"sl\":\"kiwi-tranche-surgele-individuellement-alasko-36464\",\"sn\":\"\",\"idxP\":57},{\"mq\":\"Alasko\",\"nm\":\"M\u00E9lange smoothie surgel\u00E9\",\"nme\":\"Frozen smoothie mix\",\"attr\":\"\",\"sku\":\"33894\",\"l2\":\"Fruits et pur\u00E9e surgel\u00E9s\",\"sl\":\"melange-smoothie-surgele-alasko-33894\",\"sn\":\"\",\"idxP\":50},{\"mq\":\"Shawbridge\",\"nm\":\"Sauce pizza congel\u00E9e\",\"nme\":\"Frozen Pizza sauce\",\"attr\":\"Produit local\",\"sku\":\"36001\",\"l2\":\"Pizza surgel\u00E9e\",\"sl\":\"sauce-pizza-congelee-shawbridge-36001\",\"sn\":\"\",\"idxP\":23},{\"mq\":\"Bridor\",\"nm\":\"Macarons assortis cg\",\"nme\":\"Frozen Assorted Macarons\",\"attr\":\"\",\"sku\":\"02824\",\"l2\":\"P\u00E2tisserie surgel\u00E9e\",\"sl\":\"macarons-assortis-cg-bridor-02824\",\"sn\":\"\",\"idxP\":25},{\"mq\":\"Alasko\",\"nm\":\"Poivrons verts en d\u00E9s surgel\u00E9s IQF\",\"nme\":\"IQF Frozen Diced Green Peppers\",\"attr\":\"\",\"sku\":\"41967\",\"l2\":\"L\u00E9gumes surgel\u00E9s\",\"sl\":\"poivrons-verts-en-des-surgeles-iqf-alasko-41967\",\"sn\":\"\",\"idxP\":68},{\"mq\":\"Oc\u00E9anic\",\"nm\":\"Crevettes roses d'Argentine P&D crues16\\\/20\",\"nme\":\"Argentina Raw 16\\\/20 Pink P&D Shrimp\",\"attr\":\"\",\"sku\":\"03029\",\"l2\":\"Fruit de mer surgel\u00E9\",\"sl\":\"crevettes-roses-dargentine-pd-crues1620-oceanic-03029\",\"sn\":\"crevettes\",\"idxP\":100},{\"mq\":\"Alasko\",\"nm\":\"M\u00E9lange fraise p\u00EAche m\u00FBre fiesta surgel\u00E9\",\"nme\":\"Frozen Strawberry Peach Blackberry Blend\",\"attr\":\"\",\"sku\":\"24754\",\"l2\":\"Fruits et pur\u00E9e surgel\u00E9s\",\"sl\":\"melange-fraise-peche-mure-fiesta-surgele-alasko-24754\",\"sn\":\"\",\"idxP\":51},{\"mq\":\"Phil & Fred pizzeria\",\"nm\":\"Pizza pepperoni-bacon congel\u00E9e\",\"nme\":\"Frozen pepperoni-bacon pizza\",\"attr\":\"\",\"sku\":\"03306\",\"l2\":\"Pizza surgel\u00E9e\",\"sl\":\"pizza-pepperoni-bacon-congelee-phil-fred-pizzeria-03306\",\"sn\":\"\",\"idxP\":73},{\"mq\":\"Phil & Fred pizzeria\",\"nm\":\"Pizza mediterraneenne congel\u00E9e\",\"nme\":\"Frozen mediterranean pizza\",\"attr\":\"\",\"sku\":\"03307\",\"l2\":\"Pizza surgel\u00E9e\",\"sl\":\"pizza-mediterraneenne-congelee-phil-fred-pizzeria-03307\",\"sn\":\"\",\"idxP\":58},{\"mq\":\"Phil & Fred pizzeria\",\"nm\":\"Pizza toute garnie congel\u00E9e\",\"nme\":\"Frozen all-dressed pizza\",\"attr\":\"\",\"sku\":\"03305\",\"l2\":\"Pizza surgel\u00E9e\",\"sl\":\"pizza-toute-garnie-congelee-phil-fred-pizzeria-03305\",\"sn\":\"\",\"idxP\":89}], [{\"mq\":\"Olymel\",\"nm\":\"Poitrine de poulet lani\u00E8re cuite congel\u00E9e\",\"nme\":\"Frozen Cooked Chicken Breast Strip\",\"attr\":\"\",\"sku\":\"11000\",\"l2\":\"Viande surgel\u00E9e\",\"sl\":\"poitrine-de-poulet-laniere-cuite-congelee-olymel-11000\",\"sn\":\"\",\"idxP\":6},{\"mq\":\"Olymel\",\"nm\":\"Aile de poulet buffalo cuite (110-140) congel\u00E9e\",\"nme\":\"Frozen Baked Buffalo Chicken Wing (110-140)\",\"attr\":\"\",\"sku\":\"10994\",\"l2\":\"Viande surgel\u00E9e\",\"sl\":\"aile-de-poulet-buffalo-cuite-110-140-congelee-olymel-10994\",\"sn\":\"\",\"idxP\":7},{\"mq\":\"Olymel\",\"nm\":\"Poitrine de poulet croque-tonnerre 35 morceaux cg\",\"nme\":\"35 Pieces Frozen Croque-Tonnerre Chicken Breast\",\"attr\":\"\",\"sku\":\"65020\",\"l2\":\"Viande surgel\u00E9e\",\"sl\":\"poitrine-de-poulet-croque-tonnerre-35-morceaux-cg-olymel-65020\",\"sn\":\"\",\"idxP\":9},{\"mq\":\"Mayrand CHEF\",\"nm\":\"Ailes de poulet cuites bbq congel\u00E9es\",\"nme\":\"Frozen Bbq Cooked Chicken Wings\",\"attr\":\"\",\"sku\":\"30911\",\"l2\":\"Viande surgel\u00E9e\",\"sl\":\"ailes-de-poulet-cuites-bbq-congelees-mayrand-chef-30911\",\"sn\":\"\",\"idxP\":100},{\"mq\":\"Flamingo\",\"nm\":\"Poulet doigt pan\u00E9 croque-tonnerre crousti cg\",\"nme\":\"Frozen Croque-Tonnerre Breaded Chicken Finger\",\"attr\":\"\",\"sku\":\"11017\",\"l2\":\"Viande surgel\u00E9e\",\"sl\":\"poulet-doigt-pane-croque-tonnerre-crousti-cg-flamingo-11017\",\"sn\":\"\",\"idxP\":16},{\"mq\":\"Olymel\",\"nm\":\"Poitrine de poulet lani\u00E8re pan\u00E9e ass. non cuite cg\",\"nme\":\"Assorted Frozen Raw Breaded Chicken Breast Strip\",\"attr\":\"\",\"sku\":\"65287\",\"l2\":\"Viande surgel\u00E9e\",\"sl\":\"poitrine-de-poulet-laniere-panee-ass.-non-cuite-cg-olymel-65287\",\"sn\":\"\",\"idxP\":7},{\"mq\":\"Bridor\",\"nm\":\"Pain panini fran\u00E7ais surgel\u00E9\",\"nme\":\"Frozen French Panini Bread\",\"attr\":\"\",\"sku\":\"11168\",\"l2\":\"Boulangerie surgel\u00E9e\",\"sl\":\"pain-panini-francais-surgele-bridor-11168\",\"sn\":\"\",\"idxP\":3},{\"mq\":\"Phil & Fred pizzeria\",\"nm\":\"Pizza margherita congel\u00E9e\",\"nme\":\"Frozen Margherita Pizza\",\"attr\":\"\",\"sku\":\"11300\",\"l2\":\"Pizza surgel\u00E9e\",\"sl\":\"pizza-margherita-congelee-phil-fred-pizzeria-11300\",\"sn\":\"\",\"idxP\":50},{\"mq\":\"Exceldor\",\"nm\":\"Poulet aile ass. nature (90-110) cuite CG\",\"nme\":\"Plain cooked chicken wing frozen\",\"attr\":\"\",\"sku\":\"11372\",\"l2\":\"Viande surgel\u00E9e\",\"sl\":\"poulet-aile-ass.-nature-90-110-cuite-cg-exceldor-11372\",\"sn\":\"\",\"idxP\":7},{\"mq\":\"High Liner\",\"nm\":\"Longe de Morue Atl. 6-8oz surgel\u00E9e\",\"nme\":\"Frozen Atl. Cod Loin 6-8oz\",\"attr\":\"\",\"sku\":\"11373\",\"l2\":\"Poisson surgel\u00E9\",\"sl\":\"longe-de-morue-atl.-6-8oz-surgelee-high-liner-11373\",\"sn\":\"\",\"idxP\":10},{\"mq\":\"Bridor\",\"nm\":\"Pastel de nata cuit surgel\u00E9\",\"nme\":\"Baked Pastel De Nata\",\"attr\":\"\",\"sku\":\"67365\",\"l2\":\"Boulangerie surgel\u00E9e\",\"sl\":\"pastel-de-nata-cuit-surgele-bridor-67365\",\"sn\":\"\",\"idxP\":1},{\"mq\":\"Novali\",\"nm\":\"M\u00E9lange \u00E0 muffin g\u00E2teau de f\u00EAte CG\",\"nme\":\"Frozen Birthday Cake Muffin Mix\",\"attr\":\"\",\"sku\":\"67353\",\"l2\":\"P\u00E2tisserie surgel\u00E9e\",\"sl\":\"melange-a-muffin-gateau-de-fete-cg-novali-67353\",\"sn\":\"\",\"idxP\":0},{\"mq\":\"SAVO\",\"nm\":\"Gelato or\u00E9o - panne\",\"nme\":\"Oreo gelato - pan\",\"attr\":\"\",\"sku\":\"66799\",\"l2\":\"Cr\u00E8me glac\u00E9e et sorbet\",\"sl\":\"gelato-oreo-panne-savo-66799\",\"sn\":\"\",\"idxP\":2},{\"mq\":\"SAVO\",\"nm\":\"Gelato p\u00E2te \u00E0 biscuits - panne\",\"nme\":\"Cookie dough gelato - pan\",\"attr\":\"\",\"sku\":\"65645\",\"l2\":\"Cr\u00E8me glac\u00E9e et sorbet\",\"sl\":\"gelato-pate-a-biscuits-panne-savo-65645\",\"sn\":\"\",\"idxP\":2},{\"mq\":\"Mirabel\",\"nm\":\"Crevettes blanches 31\\\/40 avec queue surgel\u00E9es\",\"nme\":\"Frozen shrimp 31\\\/40 tail-on\",\"attr\":\"\",\"sku\":\"11366\",\"l2\":\"Fruit de mer surgel\u00E9\",\"sl\":\"crevettes-blanches-3140-avec-queue-surgelees-mirabel-11366\",\"sn\":\"crevettes\",\"idxP\":69},{\"mq\":\"Lesters\",\"nm\":\"Pepperoni tranch\u00E9 3.5\\\" congel\u00E9\",\"nme\":\"3.5\\\" Frozen Sliced Pepperoni\",\"attr\":\"\",\"sku\":\"41958\",\"l2\":\"Viande surgel\u00E9e\",\"sl\":\"pepperoni-tranche-3.5-congele-lesters-41958\",\"sn\":\"\",\"idxP\":4},{\"mq\":\"Salamina\",\"nm\":\"Bacon pr\u00E9-cuit \u00E0 pizza 70% cg\",\"nme\":\"Frozen Pre-Cooked 70% Pizza Bacon\",\"attr\":\"\",\"sku\":\"11046\",\"l2\":\"Viande surgel\u00E9e\",\"sl\":\"bacon-pre-cuit-a-pizza-70-cg-salamina-11046\",\"sn\":\"\",\"idxP\":0},{\"mq\":\"Below Zero\",\"nm\":\"\u00C9pinard hach\u00E9 surgel\u00E9\",\"nme\":\"Frozen Chopped Spinach\",\"attr\":\"\",\"sku\":\"29656\",\"l2\":\"L\u00E9gumes surgel\u00E9s\",\"sl\":\"epinard-hache-surgele-below-zero-29656\",\"sn\":\"\",\"idxP\":84},{\"mq\":\"Martinucci - Cuore Di Mamma\",\"nm\":\"Dessert glac\u00E9 pistache\\\/noisette\\\/chocolat\",\"nme\":\"Pistachio\\\/Hazelnut\\\/Chocolate Frozen Dessert\",\"attr\":\"\",\"sku\":\"11405\",\"l2\":\"Cr\u00E8me glac\u00E9e et sorbet\",\"sl\":\"dessert-glace-pistachenoisettechocolat-martinucci-cuore-di-mamma-11405\",\"sn\":\"\",\"idxP\":11},{\"mq\":\"Martinucci - Cuore Di Mamma\",\"nm\":\"Dessert glac\u00E9 p\u00E9pites de choco\\\/cacao\\\/caf\u00E9\",\"nme\":\"Choco\\\/Cocoa\\\/Coffee Chips Frozen Dessert\",\"attr\":\"\",\"sku\":\"11404\",\"l2\":\"Cr\u00E8me glac\u00E9e et sorbet\",\"sl\":\"dessert-glace-pepites-de-chococacaocafe-martinucci-cuore-di-mamma-11404\",\"sn\":\"croustille\",\"idxP\":8},{\"mq\":\"Martinucci - Cuore Di Mamma\",\"nm\":\"Dessert glac\u00E9 fraise\\\/citron\\\/p\u00EAche\",\"nme\":\"Strawberry\\\/Lemon\\\/Peach Frozen Dessert\",\"attr\":\"\",\"sku\":\"11406\",\"l2\":\"Cr\u00E8me glac\u00E9e et sorbet\",\"sl\":\"dessert-glace-fraisecitronpeche-martinucci-cuore-di-mamma-11406\",\"sn\":\"citrons, fraises\",\"idxP\":11},{\"mq\":\"Below Zero\",\"nm\":\"Rhubarbe tranch\u00E9e IQF surgel\u00E9e\",\"nme\":\"Frozen sliced rhubarb IQF\",\"attr\":\"\",\"sku\":\"33413\",\"l2\":\"Fruits et pur\u00E9e surgel\u00E9s\",\"sl\":\"rhubarbe-tranchee-iqf-surgelee-below-zero-33413\",\"sn\":\"\",\"idxP\":45},{\"mq\":\"Pearlmark\",\"nm\":\"Crevettes nordiques 125-175 CG\",\"nme\":\"Frozen Cooked Coldwater Shrimps 125-175\",\"attr\":\"\",\"sku\":\"11445\",\"l2\":\"Fruit de mer surgel\u00E9\",\"sl\":\"crevettes-nordiques-125-175-cg-pearlmark-11445\",\"sn\":\"crevettes\",\"idxP\":0},{\"mq\":\"Martin dessert\",\"nm\":\"Croustillant au sucre \u00E0 la cr\u00E8me surgel\u00E9\",\"nme\":\"Frozen Crispy Sugar Fudge\",\"attr\":\"\",\"sku\":\"67492\",\"l2\":\"P\u00E2tisserie surgel\u00E9e\",\"sl\":\"croustillant-au-sucre-a-la-creme-surgele-martin-dessert-67492\",\"sn\":\"\",\"idxP\":53},{\"mq\":\"Martinucci - Cuore Di Mamma\",\"nm\":\"Dessert glac\u00E9 vanille\\\/chocolat\\\/noisette\",\"nme\":\"Vanilla\\\/Chocolate\\\/Hazelnut Frozen Dessert\",\"attr\":\"\",\"sku\":\"11409\",\"l2\":\"Cr\u00E8me glac\u00E9e et sorbet\",\"sl\":\"dessert-glace-vanillechocolatnoisette-martinucci-cuore-di-mamma-11409\",\"sn\":\"\",\"idxP\":11},{\"mq\":\"Martin dessert\",\"nm\":\"G\u00E2teau millefeuille traditionnel surgel\u00E9\",\"nme\":\"Frozen Traditionnal Mille-Feuille Cake\",\"attr\":\"\",\"sku\":\"67487\",\"l2\":\"P\u00E2tisserie surgel\u00E9e\",\"sl\":\"gateau-millefeuille-traditionnel-surgele-martin-dessert-67487\",\"sn\":\"\",\"idxP\":46},{\"mq\":\"Martin dessert\",\"nm\":\"Mignon au fromage New-York surgel\u00E9\",\"nme\":\"Frozen New-York Cheesecake\",\"attr\":\"\",\"sku\":\"67489\",\"l2\":\"P\u00E2tisserie surgel\u00E9e\",\"sl\":\"mignon-au-fromage-new-york-surgele-martin-dessert-67489\",\"sn\":\"fromages\",\"idxP\":59},{\"mq\":\"Martin dessert\",\"nm\":\"Croustillant choco-caramel surgel\u00E9\",\"nme\":\"Frozen Crispy Choco-Caramel\",\"attr\":\"\",\"sku\":\"67491\",\"l2\":\"P\u00E2tisserie surgel\u00E9e\",\"sl\":\"croustillant-choco-caramel-surgele-martin-dessert-67491\",\"sn\":\"\",\"idxP\":54},{\"mq\":\"SAVO\",\"nm\":\"Sorbet framboise lime\",\"nme\":\"Raspberry lime sorbet\",\"attr\":\"\",\"sku\":\"65988\",\"l2\":\"Cr\u00E8me glac\u00E9e et sorbet\",\"sl\":\"sorbet-framboise-lime-savo-65988\",\"sn\":\"framboises\",\"idxP\":0},{\"mq\":\"Below Zero\",\"nm\":\"Fraise enti\u00E8re surgel\u00E9e\",\"nme\":\"Frozen Whole Strawberry\",\"attr\":\"\",\"sku\":\"11466\",\"l2\":\"Fruits et pur\u00E9e surgel\u00E9s\",\"sl\":\"fraise-entiere-surgelee-below-zero-11466\",\"sn\":\"fraises\",\"idxP\":0},{\"mq\":\"SAVO\",\"nm\":\"Sorbet mangue\",\"nme\":\"Mango sorbet\",\"attr\":\"\",\"sku\":\"65989\",\"l2\":\"Cr\u00E8me glac\u00E9e et sorbet\",\"sl\":\"sorbet-mangue-savo-65989\",\"sn\":\"mangues\",\"idxP\":0},{\"mq\":\"Martin dessert\",\"nm\":\"Croustillant mousse chocolat surgel\u00E9\",\"nme\":\"Frozen Crispy Chocolate Mousse\",\"attr\":\"\",\"sku\":\"67488\",\"l2\":\"P\u00E2tisserie surgel\u00E9e\",\"sl\":\"croustillant-mousse-chocolat-surgele-martin-dessert-67488\",\"sn\":\"\",\"idxP\":58},{\"mq\":\"SAVO\",\"nm\":\"Gelato chocolat 54%\",\"nme\":\"54% chocolate gelato\",\"attr\":\"\",\"sku\":\"65983\",\"l2\":\"Cr\u00E8me glac\u00E9e et sorbet\",\"sl\":\"gelato-chocolat-54-savo-65983\",\"sn\":\"\",\"idxP\":0},{\"mq\":\"Martin dessert\",\"nm\":\"Croustillant aux trois chocolats surgel\u00E9\",\"nme\":\"Frozen Crispy Three Chocolatte\",\"attr\":\"\",\"sku\":\"67490\",\"l2\":\"P\u00E2tisserie surgel\u00E9e\",\"sl\":\"croustillant-aux-trois-chocolats-surgele-martin-dessert-67490\",\"sn\":\"\",\"idxP\":46},{\"mq\":\"SAVO\",\"nm\":\"Sorbet fraise basilic\",\"nme\":\"Strawberry basil sorbet\",\"attr\":\"\",\"sku\":\"65987\",\"l2\":\"Cr\u00E8me glac\u00E9e et sorbet\",\"sl\":\"sorbet-fraise-basilic-savo-65987\",\"sn\":\"fraises\",\"idxP\":0},{\"mq\":\"El Tomas taqueria\",\"nm\":\"Burrito haricots et fromage congel\u00E9\",\"nme\":\"Frozen Bean & Cheese Burrito\",\"attr\":\"\",\"sku\":\"03704\",\"l2\":\"Mets surgel\u00E9s\",\"sl\":\"burrito-haricots-et-fromage-congele-el-tomas-taqueria-03704\",\"sn\":\"fromages\",\"idxP\":13},{\"mq\":\"El Tomas taqueria\",\"nm\":\"Burrito boeuf et haricots congel\u00E9\",\"nme\":\"Frozen Beef & Bean Burrito\",\"attr\":\"\",\"sku\":\"03705\",\"l2\":\"Mets surgel\u00E9s\",\"sl\":\"burrito-boeuf-et-haricots-congele-el-tomas-taqueria-03705\",\"sn\":\"oeufs\",\"idxP\":16},{\"mq\":\"High Liner\",\"nm\":\"Crevettes crues 16\\\/20 surgel\u00E9es\",\"nme\":\"Frozen Raw Shrimps 16\\\/20\",\"attr\":\"\",\"sku\":\"10577\",\"l2\":\"Fruit de mer surgel\u00E9\",\"sl\":\"crevettes-crues-1620-surgelees-high-liner-10577\",\"sn\":\"crevettes\",\"idxP\":70},{\"mq\":\"El Tomas taqueria\",\"nm\":\"Burrito piquant au boeuf congel\u00E9\",\"nme\":\"Frozen Red Hot Beef Burrito\",\"attr\":\"\",\"sku\":\"03706\",\"l2\":\"Mets surgel\u00E9s\",\"sl\":\"burrito-piquant-au-boeuf-congele-el-tomas-taqueria-03706\",\"sn\":\"oeufs\",\"idxP\":16},{\"mq\":\"Martin dessert\",\"nm\":\"Croustillant mousse au chocolat blanc et fraises\",\"nme\":\"Crispy White Chocolate Mousse And Strawberries\",\"attr\":\"\",\"sku\":\"67668\",\"l2\":\"P\u00E2tisserie surgel\u00E9e\",\"sl\":\"croustillant-mousse-au-chocolat-blanc-et-fraises-martin-dessert-67668\",\"sn\":\"fraises\",\"idxP\":18},{\"mq\":\"Below Zero\",\"nm\":\"Canneberges enti\u00E8res surgel\u00E9es\",\"nme\":\"Frozen Whole Cranberries\",\"attr\":\"\",\"sku\":\"11622\",\"l2\":\"Fruits et pur\u00E9e surgel\u00E9s\",\"sl\":\"canneberges-entieres-surgelees-below-zero-11622\",\"sn\":\"\",\"idxP\":87},{\"mq\":\"Cavendish\",\"nm\":\"Pommes de terre rissol\u00E9es\",\"nme\":\"Hash Browns\",\"attr\":\"\",\"sku\":\"67724\",\"l2\":\"L\u00E9gumes surgel\u00E9s\",\"sl\":\"pommes-de-terre-rissolees-cavendish-67724\",\"sn\":\"pommes\",\"idxP\":31},{\"mq\":\"Cavendish\",\"nm\":\"Frites en quartiers ail et romarin\",\"nme\":\"Garlic And Rosemary Potato Wedge\",\"attr\":\"\",\"sku\":\"67723\",\"l2\":\"L\u00E9gumes surgel\u00E9s\",\"sl\":\"frites-en-quartiers-ail-et-romarin-cavendish-67723\",\"sn\":\"\",\"idxP\":0},{\"mq\":\"Below Zero\",\"nm\":\"Asperge turion\",\"nme\":\"Asparagus Spear\",\"attr\":\"\",\"sku\":\"11607\",\"l2\":\"L\u00E9gumes surgel\u00E9s\",\"sl\":\"asperge-turion-below-zero-11607\",\"sn\":\"\",\"idxP\":27},{\"mq\":\"Alfa\",\"nm\":\"Mini torsade spanakopita\",\"nme\":\"Mini Twist Spanakopita\",\"attr\":\"\",\"sku\":\"11743\",\"l2\":\"Mets surgel\u00E9s\",\"sl\":\"mini-torsade-spanakopita-alfa-11743\",\"sn\":\"\",\"idxP\":0},{\"mq\":\"Alfa\",\"nm\":\"Rollini tyropita\",\"nme\":\"Rollini Tyropita\",\"attr\":\"\",\"sku\":\"11754\",\"l2\":\"Mets surgel\u00E9s\",\"sl\":\"rollini-tyropita-alfa-11754\",\"sn\":\"\",\"idxP\":0},{\"mq\":\"Alfa\",\"nm\":\"Mini rollitos 4 fromages\",\"nme\":\"Mini Rollitos 4 Cheeses\",\"attr\":\"\",\"sku\":\"11758\",\"l2\":\"Mets surgel\u00E9s\",\"sl\":\"mini-rollitos-4-fromages-alfa-11758\",\"sn\":\"fromages\",\"idxP\":0},{\"mq\":\"Alfa\",\"nm\":\"Torsade spanakopita\",\"nme\":\"Twist Spanakopita\",\"attr\":\"\",\"sku\":\"11753\",\"l2\":\"Mets surgel\u00E9s\",\"sl\":\"torsade-spanakopita-alfa-11753\",\"sn\":\"\",\"idxP\":0},{\"mq\":\"Alfa\",\"nm\":\"Rollini spanakopita\",\"nme\":\"Rollini Spanakopita\",\"attr\":\"\",\"sku\":\"11751\",\"l2\":\"Mets surgel\u00E9s\",\"sl\":\"rollini-spanakopita-alfa-11751\",\"sn\":\"\",\"idxP\":0},{\"mq\":\"Alfa\",\"nm\":\"Mini torsade tyropita\",\"nme\":\"Mini Twist Tyropita\",\"attr\":\"\",\"sku\":\"11756\",\"l2\":\"Mets surgel\u00E9s\",\"sl\":\"mini-torsade-tyropita-alfa-11756\",\"sn\":\"\",\"idxP\":0},{\"mq\":\"Alfa\",\"nm\":\"Rollini cr\u00E8me\",\"nme\":\"Rollini Cream\",\"attr\":\"\",\"sku\":\"11757\",\"l2\":\"Mets surgel\u00E9s\",\"sl\":\"rollini-creme-alfa-11757\",\"sn\":\"\",\"idxP\":0},{\"mq\":\"Alfa\",\"nm\":\"Torsade tyropita\",\"nme\":\"Twist Tyropita\",\"attr\":\"\",\"sku\":\"11759\",\"l2\":\"Mets surgel\u00E9s\",\"sl\":\"torsade-tyropita-alfa-11759\",\"sn\":\"\",\"idxP\":0},{\"mq\":\"Alfa\",\"nm\":\"Rollitos barbecue\",\"nme\":\"Rollitos Barbecue\",\"attr\":\"\",\"sku\":\"11755\",\"l2\":\"Mets surgel\u00E9s\",\"sl\":\"rollitos-barbecue-alfa-11755\",\"sn\":\"BBQ\",\"idxP\":0},{\"mq\":\"Alfa\",\"nm\":\"Mini triangles spanakopita\",\"nme\":\"Mini Triangles Spanakopita\",\"attr\":\"\",\"sku\":\"11749\",\"l2\":\"Mets surgel\u00E9s\",\"sl\":\"mini-triangles-spanakopita-alfa-11749\",\"sn\":\"\",\"idxP\":0},{\"mq\":\"Martin dessert\",\"nm\":\"Mignon au fromage \u00E0 la framboise\",\"nme\":\"Raspberry-Flavored Cheesecake\",\"attr\":\"\",\"sku\":\"67818\",\"l2\":\"P\u00E2tisserie surgel\u00E9e\",\"sl\":\"mignon-au-fromage-a-la-framboise-martin-dessert-67818\",\"sn\":\"framboises, fromages\",\"idxP\":14},{\"mq\":\"Quaker\",\"nm\":\"M\u00E9lange \u00E0 muffin bleuet sauvage\",\"nme\":\"Wild Blueberry Frozen Muffin Mix\",\"attr\":\"\",\"sku\":\"11810\",\"l2\":\"P\u00E2tisserie surgel\u00E9e\",\"sl\":\"melange-a-muffin-bleuet-sauvage-quaker-11810\",\"sn\":\"\",\"idxP\":0},{\"mq\":\"Quaker\",\"nm\":\"M\u00E9lange \u00E0 muffin carotte\",\"nme\":\"Carrot Frozen Muffin Mix\",\"attr\":\"\",\"sku\":\"11811\",\"l2\":\"P\u00E2tisserie surgel\u00E9e\",\"sl\":\"melange-a-muffin-carotte-quaker-11811\",\"sn\":\"carottes\",\"idxP\":0},{\"mq\":\"Alfa\",\"nm\":\"Mini rollitos pizza marguerita\",\"nme\":\"Mini Rollitos Pizza Marguerita\",\"attr\":\"\",\"sku\":\"11760\",\"l2\":\"Mets surgel\u00E9s\",\"sl\":\"mini-rollitos-pizza-marguerita-alfa-11760\",\"sn\":\"\",\"idxP\":0},{\"mq\":\"Alfa\",\"nm\":\"Rollini spanakopita vegan\",\"nme\":\"Rollini Vegan Spanakopita\",\"attr\":\"\",\"sku\":\"11752\",\"l2\":\"Mets surgel\u00E9s\",\"sl\":\"rollini-spanakopita-vegan-alfa-11752\",\"sn\":\"v\u00E9g\u00E9talien\",\"idxP\":0},{\"mq\":\"Martin dessert\",\"nm\":\"Croustillant passion-framboise\",\"nme\":\"Crispy Raspberry-Passion\",\"attr\":\"\",\"sku\":\"67819\",\"l2\":\"P\u00E2tisserie surgel\u00E9e\",\"sl\":\"croustillant-passion-framboise-martin-dessert-67819\",\"sn\":\"framboises\",\"idxP\":8},{\"mq\":\"Aqua Gems\",\"nm\":\"Thon bloc saku 10oz\",\"nme\":\"10oz Saku Tuna Block\",\"attr\":\"\",\"sku\":\"11845\",\"l2\":\"Poisson surgel\u00E9\",\"sl\":\"thon-bloc-saku-10oz-aqua-gems-11845\",\"sn\":\"\",\"idxP\":0},{\"mq\":\"Aqua Gems\",\"nm\":\"Thon bloc saku 10oz\",\"nme\":\"10oz Saku Tuna Block\",\"attr\":\"\",\"sku\":\"67824\",\"l2\":\"Poisson surgel\u00E9\",\"sl\":\"thon-bloc-saku-10oz-aqua-gems-67824\",\"sn\":\"\",\"idxP\":1},{\"mq\":\"Cavendish\",\"nm\":\"Frite coupe gaufr\u00E9e croustillante avec pelure\",\"nme\":\"Crispy Waffle Cut Fries with Peel\",\"attr\":\"\",\"sku\":\"11987\",\"l2\":\"L\u00E9gumes surgel\u00E9s\",\"sl\":\"frite-coupe-gaufree-croustillante-avec-pelure-cavendish-11987\",\"sn\":\"\",\"idxP\":0},{\"mq\":\"Chasiotis\",\"nm\":\"Pain pita bl\u00E9\",\"nme\":\"Wheat Pita Bred\",\"attr\":\"\",\"sku\":\"12006\",\"l2\":\"Boulangerie surgel\u00E9e\",\"sl\":\"pain-pita-ble-chasiotis-12006\",\"sn\":\"\",\"idxP\":0},{\"mq\":\"Novali\",\"nm\":\"Fond et dessus de tarte 9\\\"\",\"nme\":\"9\\\" Bottom and Top Pie Shells\",\"attr\":\"\",\"sku\":\"12048\",\"l2\":\"P\u00E2tisserie surgel\u00E9e\",\"sl\":\"fond-et-dessus-de-tarte-9-novali-12048\",\"sn\":\"\",\"idxP\":0},{\"mq\":\"Martin Dessert\",\"nm\":\"B\u00FBche au sucre \u00E0 la cr\u00E8me et \u00E9rable\",\"nme\":\"Maple & Sugar Cream Log\",\"attr\":\"\",\"sku\":\"02211\",\"l2\":\"P\u00E2tisserie surgel\u00E9e\",\"sl\":\"buche-au-sucre-a-la-creme-et-erable-martin-dessert-02211\",\"sn\":\"\",\"idxP\":33},{\"mq\":\"Martin Dessert\",\"nm\":\"B\u00FBche roul\u00E9e aux trois chocolats\",\"nme\":\"Three Chocolate Yule Log\",\"attr\":\"\",\"sku\":\"02213\",\"l2\":\"P\u00E2tisserie surgel\u00E9e\",\"sl\":\"buche-roulee-aux-trois-chocolats-martin-dessert-02213\",\"sn\":\"\",\"idxP\":46},{\"mq\":\"Oceanic\",\"nm\":\"P\u00E9toncle g\u00E9ante Hokkaido 10-20 IQF\",\"nme\":\"IQF 10-20 Giant Hokkaido Scallop\",\"attr\":\"\",\"sku\":\"70374\",\"l2\":\"Fruit de mer surgel\u00E9\",\"sl\":\"petoncle-geante-hokkaido-10-20-iqf-oceanic-70374\",\"sn\":\"\",\"idxP\":0},{\"mq\":\"Fjord Oc\u00E9anic\",\"nm\":\"Calmar pan\u00E9 sel et poivre\",\"nme\":\"Salt and Pepper Breaded Squid\",\"attr\":\"\",\"sku\":\"70373\",\"l2\":\"Fruit de mer surgel\u00E9\",\"sl\":\"calmar-pane-sel-et-poivre-fjord-oceanic-70373\",\"sn\":\"\",\"idxP\":1},{\"mq\":\"Watson Ridge\",\"nm\":\"Burger de poulet cuit\",\"nme\":\"Cooked Chicken Burger\",\"attr\":\"\",\"sku\":\"68199\",\"l2\":\"Viande surgel\u00E9e\",\"sl\":\"burger-de-poulet-cuit-watson-ridge-68199\",\"sn\":\"\",\"idxP\":0},{\"mq\":\"Watson Ridge\",\"nm\":\"Lani\u00E8re de poulet cuite\",\"nme\":\"Cooked Chicken Strip\",\"attr\":\"\",\"sku\":\"68195\",\"l2\":\"Viande surgel\u00E9e\",\"sl\":\"laniere-de-poulet-cuite-watson-ridge-68195\",\"sn\":\"\",\"idxP\":0},{\"mq\":\"Watson Ridge\",\"nm\":\"P\u00E9pite de poulet cuite\",\"nme\":\"Cooked Chicken Nugget\",\"attr\":\"\",\"sku\":\"68198\",\"l2\":\"Viande surgel\u00E9e\",\"sl\":\"pepite-de-poulet-cuite-watson-ridge-68198\",\"sn\":\"\",\"idxP\":0},{\"mq\":\"Pearlmark\",\"nm\":\"Steak de thon yellowfin 6 oz surgel\u00E9 x4\",\"nme\":\"Frozen Yellowfin Tuna Steak 6 oz x4\",\"attr\":\"\",\"sku\":\"29456\",\"l2\":\"Poisson surgel\u00E9\",\"sl\":\"steak-de-thon-yellowfin-6-oz-surgele-x4-pearlmark-29456\",\"sn\":\"\",\"idxP\":84},{\"mq\":\"Blue Tide\",\"nm\":\"M\u00E9lange crevettes\\\/p\u00E9toncles cultiv\u00E9es naturelles\",\"nme\":\"Frozen farm shrimps and scallops mix natural\",\"attr\":\"\",\"sku\":\"03552\",\"l2\":\"Fruit de mer surgel\u00E9\",\"sl\":\"melange-crevettespetoncles-cultivees-naturelles-03552\",\"sn\":\"crevettes\",\"idxP\":30},{\"mq\":\"High Liner\",\"nm\":\"Crevettes blanches crues 41\\\/50 avec queue\",\"nme\":\"Raw White Shrimp with Tail 41\\\/50\",\"attr\":\"\",\"sku\":\"12384\",\"l2\":\"Fruit de mer surgel\u00E9\",\"sl\":\"crevettes-blanches-crues-4150-avec-queue-12384\",\"sn\":\"crevettes\",\"idxP\":33},{\"mq\":\"Pearlmark\",\"nm\":\"Portions de mahi mahi\",\"nme\":\"Mahi Mahi Potions\",\"attr\":\"\",\"sku\":\"12478\",\"l2\":\"Poisson surgel\u00E9\",\"sl\":\"portions-de-mahi-mahi-12478\",\"sn\":\"\",\"idxP\":18},{\"mq\":\"Pearlmark\",\"nm\":\"Chair de thon hach\u00E9e\",\"nme\":\"Ground Tuna Meat\",\"attr\":\"\",\"sku\":\"12479\",\"l2\":\"Poisson surgel\u00E9\",\"sl\":\"chair-de-thon-hachee-12479\",\"sn\":\"\",\"idxP\":15},{\"mq\":\"Pearlmark\",\"nm\":\"Filets de morue bleue\",\"nme\":\"Blue Cod Fillets\",\"attr\":\"\",\"sku\":\"12480\",\"l2\":\"Poisson surgel\u00E9\",\"sl\":\"filets-de-morue-bleue-12480\",\"sn\":\"\",\"idxP\":33},{\"mq\":\"Pearlmark\",\"nm\":\"Filets de sole\",\"nme\":\"Sole Fillets\",\"attr\":\"\",\"sku\":\"12481\",\"l2\":\"Poisson surgel\u00E9\",\"sl\":\"filets-de-sole-12481\",\"sn\":\"\",\"idxP\":27},{\"mq\":\"La Gasp\u00E9sienne\",\"nm\":\"P\u00E9toncle Hokkaido 20-30 IQF\",\"nme\":\"IQF 20\\\/30 Hokkaido Scallop\",\"attr\":\"\",\"sku\":\"12482\",\"l2\":\"Fruit de mer surgel\u00E9\",\"sl\":\"petoncle-hokkaido-20-30-iqf-12482\",\"sn\":\"\",\"idxP\":13},{\"mq\":\"C-Gen\",\"nm\":\"Chair de crabe bris\u00E9e\",\"nme\":\"Broken Snow Crab Meat\",\"attr\":\"\",\"sku\":\"12477\",\"l2\":\"Fruit de mer surgel\u00E9\",\"sl\":\"chair-de-crabe-brisee-12477\",\"sn\":\"\",\"idxP\":32},{\"mq\":\"Coaticook\",\"nm\":\"Cr\u00E8me glac\u00E9e banane\",\"nme\":\"Banana Ice Cream\",\"attr\":\"\",\"sku\":\"12540\",\"l2\":\"Cr\u00E8me glac\u00E9e et sorbet\",\"sl\":\"creme-glacee-banane-12540\",\"sn\":\"ananas, bananes\",\"idxP\":2},{\"mq\":\"Coaticook\",\"nm\":\"Cr\u00E8me glac\u00E9e chocolat\",\"nme\":\"Chocolate Ice Cream\",\"attr\":\"\",\"sku\":\"12541\",\"l2\":\"Cr\u00E8me glac\u00E9e et sorbet\",\"sl\":\"creme-glacee-chocolat-12541\",\"sn\":\"\",\"idxP\":3},{\"mq\":\"Coaticook\",\"nm\":\"Cr\u00E8me glac\u00E9e double fraise\",\"nme\":\"Double Strawberry Ice Cream\",\"attr\":\"\",\"sku\":\"12542\",\"l2\":\"Cr\u00E8me glac\u00E9e et sorbet\",\"sl\":\"creme-glacee-double-fraise-12542\",\"sn\":\"fraises\",\"idxP\":3},{\"mq\":\"Coaticook\",\"nm\":\"Cr\u00E8me glac\u00E9e \u00E9rable et noix\",\"nme\":\"Maple and Walnut Ice Cream\",\"attr\":\"\",\"sku\":\"12548\",\"l2\":\"Cr\u00E8me glac\u00E9e et sorbet\",\"sl\":\"creme-glacee-erable-et-noix-12548\",\"sn\":\"\",\"idxP\":1},{\"mq\":\"Coaticook\",\"nm\":\"Cr\u00E8me glac\u00E9e gomme balloune\",\"nme\":\"Bubblegum Ice Cream\",\"attr\":\"\",\"sku\":\"12549\",\"l2\":\"Cr\u00E8me glac\u00E9e et sorbet\",\"sl\":\"creme-glacee-gomme-balloune-12549\",\"sn\":\"\",\"idxP\":1},{\"mq\":\"Coaticook\",\"nm\":\"Cr\u00E8me glac\u00E9e cerise noire\",\"nme\":\"Black Cherry Ice Cream\",\"attr\":\"\",\"sku\":\"12552\",\"l2\":\"Cr\u00E8me glac\u00E9e et sorbet\",\"sl\":\"creme-glacee-cerise-noire-12552\",\"sn\":\"\",\"idxP\":0},{\"mq\":\"Coaticook\",\"nm\":\"Cr\u00E8me glac\u00E9e vanille\",\"nme\":\"Vanilla Ice Cream\",\"attr\":\"\",\"sku\":\"12553\",\"l2\":\"Cr\u00E8me glac\u00E9e et sorbet\",\"sl\":\"creme-glacee-vanille-12553\",\"sn\":\"\",\"idxP\":4},{\"mq\":\"Coaticook\",\"nm\":\"Cr\u00E8me glac\u00E9e double choco brownie\",\"nme\":\"Double Choco Brownie Ice Cream\",\"attr\":\"\",\"sku\":\"12554\",\"l2\":\"Cr\u00E8me glac\u00E9e et sorbet\",\"sl\":\"creme-glacee-double-choco-brownie-12554\",\"sn\":\"\",\"idxP\":1},{\"mq\":\"Coaticook\",\"nm\":\"Cr\u00E8me glac\u00E9e brisure choco fudge p\u00E2te biscuit\",\"nme\":\"Chocolate Chip Fudge Cookie Dough Ice Cream\",\"attr\":\"\",\"sku\":\"12569\",\"l2\":\"Cr\u00E8me glac\u00E9e et sorbet\",\"sl\":\"creme-glacee-brisure-choco-fudge-pate-biscuit-12569\",\"sn\":\"\",\"idxP\":1},{\"mq\":\"Maximum\",\"nm\":\"Crevette crue 31\\\/40 d\u00E9cortiqu\u00E9e avec queue\",\"nme\":\"Tail-on Peeled and Deveined 31\\\/40 Raw Shrimp\",\"attr\":\"\",\"sku\":\"12641\",\"l2\":\"Fruit de mer surgel\u00E9\",\"sl\":\"crevette-crue-3140-decortiquee-avec-queue-12641\",\"sn\":\"crevettes\",\"idxP\":0},{\"mq\":\"Maximum\",\"nm\":\"Crevette crue 41\\\/50 d\u00E9cortiqu\u00E9e avec queue\",\"nme\":\"Tail-on Peeled and Deveined 41\\\/50 Raw Shrimp\",\"attr\":\"\",\"sku\":\"12642\",\"l2\":\"Fruit de mer surgel\u00E9\",\"sl\":\"crevette-crue-4150-decortiquee-avec-queue-12642\",\"sn\":\"crevettes\",\"idxP\":0},{\"mq\":\"Pinzza Romana\",\"nm\":\"Pizza Pinsa fromage\",\"nme\":\"Pinsa Cheese Pizza\",\"attr\":\"\",\"sku\":\"12654\",\"l2\":\"Pizza surgel\u00E9e\",\"sl\":\"pizza-pinsa-fromage-12654\",\"sn\":\"fromages\",\"idxP\":33},{\"mq\":\"Hafner\",\"nm\":\"Boule No\u00EBl chocolat blanc framboise\",\"nme\":\"White Chocolate Raspberry Christmas Ornament\",\"attr\":\"\",\"sku\":\"68717\",\"l2\":\"P\u00E2tisserie surgel\u00E9e\",\"sl\":\"boule-noel-chocolat-blanc-framboise-68717\",\"sn\":\"framboises\",\"idxP\":0},{\"mq\":\"Hafner\",\"nm\":\"B\u00FBche chocolat caramel sal\u00E9 14 un\",\"nme\":\"Chocolat Caramel Christmas Log 14 un\",\"attr\":\"\",\"sku\":\"68718\",\"l2\":\"P\u00E2tisserie surgel\u00E9e\",\"sl\":\"buche-chocolat-caramel-sale-68718\",\"sn\":\"\",\"idxP\":0},{\"mq\":\"Pearlmark\",\"nm\":\"Langoustines papillons 21\\\/25\",\"nme\":\"Scampi split 21\\\/25\",\"attr\":\"\",\"sku\":\"25445\",\"l2\":\"Fruit de mer surgel\u00E9\",\"sl\":\"langoustines-papillons-2125-25445\",\"sn\":\"langoustines\",\"idxP\":26},{\"mq\":\"Manicouagan\",\"nm\":\"Fl\u00E9tan portion QC\",\"nme\":\"QC Halibut Portion\",\"attr\":\"\",\"sku\":\"12987\",\"l2\":\"Poisson surgel\u00E9\",\"sl\":\"fletan-portion-qc-12987\",\"sn\":\"\",\"idxP\":1},{\"nm\":\"Crevettes crues avec queue 21\\\/25\",\"nme\":\"21\\\/25 Raw Tail-On Shrimp\",\"attr\":\"\",\"sku\":\"13185\",\"l2\":\"Fruit de mer surgel\u00E9\",\"sl\":\"crevettes-crues-avec-queue-2125-13185\",\"sn\":\"crevettes\",\"idxP\":0},{\"mq\":\"Watson Ridge\",\"nm\":\"P\u00E9pite de poulet\",\"nme\":\"Chicken Nuggets\",\"attr\":\"\",\"sku\":\"13194\",\"l2\":\"Viande surgel\u00E9e\",\"sl\":\"pepite-de-poulet-13194\",\"sn\":\"\",\"idxP\":0},{\"mq\":\"Watson Ridge\",\"nm\":\"Burger au poulet\",\"nme\":\"Chicken Burger\",\"attr\":\"\",\"sku\":\"13195\",\"l2\":\"Viande surgel\u00E9e\",\"sl\":\"burger-au-poulet-13195\",\"sn\":\"\",\"idxP\":0},{\"mq\":\"Watson Ridge\",\"nm\":\"Lani\u00E8re de poulet cuite\",\"nme\":\"Coocked Chicken Strips\",\"attr\":\"\",\"sku\":\"13197\",\"l2\":\"Viande surgel\u00E9e\",\"sl\":\"laniere-de-poulet-cuite-13197\",\"sn\":\"\",\"idxP\":0},{\"mq\":\"Watson Ridge\",\"nm\":\"Poulet pop-corn\",\"nme\":\"Pop-Corn Chicken\",\"attr\":\"\",\"sku\":\"13198\",\"l2\":\"Viande surgel\u00E9e\",\"sl\":\"poulet-pop-corn-13198\",\"sn\":\"ma\u00EFs souffl\u00E9\",\"idxP\":0},{\"mq\":\"Watson Ridge\",\"nm\":\"Ailes de poulet buffalo\",\"nme\":\"Buffalo Chicken Wings\",\"attr\":\"\",\"sku\":\"13199\",\"l2\":\"Viande surgel\u00E9e\",\"sl\":\"ailes-de-poulet-buffalo-13199\",\"sn\":\"\",\"idxP\":0},{\"mq\":\"Watson Ridge\",\"nm\":\"Ailes de poulet BBQ\",\"nme\":\"BBQ Chicken Wings\",\"attr\":\"\",\"sku\":\"13200\",\"l2\":\"Viande surgel\u00E9e\",\"sl\":\"ailes-de-poulet-bbq-13200\",\"sn\":\"\",\"idxP\":0},{\"mq\":\"Butcher Selection\",\"nm\":\"C\u00F4te dos porc BBQ\",\"nme\":\"BBQ Pork Back Ribs\",\"attr\":\"\",\"sku\":\"13202\",\"l2\":\"Viande surgel\u00E9e\",\"sl\":\"cote-dos-porc-bbq-13202\",\"sn\":\"\",\"idxP\":0},{\"mq\":\"Como\",\"nm\":\"Lasagne moyenne\",\"nme\":\"Medium Lasagna\",\"attr\":\"\",\"sku\":\"13276\",\"l2\":\"Mets surgel\u00E9s\",\"sl\":\"lasagne-moyenne-13276\",\"sn\":\"\",\"idxP\":0},{\"mq\":\"McCain\",\"nm\":\"Pizza pochette pepperoni\",\"nme\":\"Pepperoni Pizza Pocket\",\"attr\":\"\",\"sku\":\"13369\",\"l2\":\"Pizza surgel\u00E9e\",\"sl\":\"pizza-pochette-pepperoni-13369\",\"sn\":\"\",\"idxP\":0},{\"mq\":\"McCain\",\"nm\":\"Pizza pochette 3 fromages\",\"nme\":\"3 Cheese Pizza Pocket\",\"attr\":\"\",\"sku\":\"13370\",\"l2\":\"Pizza surgel\u00E9e\",\"sl\":\"pizza-pochette-3-fromages-13370\",\"sn\":\"fromages\",\"idxP\":0},{\"mq\":\"McCain\",\"nm\":\"Frites spirale extra croustillantes\",\"nme\":\"Extra Crispy Spiral Fries\",\"attr\":\"\",\"sku\":\"13371\",\"l2\":\"L\u00E9gumes surgel\u00E9s\",\"sl\":\"frites-spirale-extra-croustillantes-13371\",\"sn\":\"\",\"idxP\":0},{\"mq\":\"McCain\",\"nm\":\"Frites ondul\u00E9es extra croustillantes bi\u00E8re\",\"nme\":\"Extra Crispy Beer Batter Crinkle Cut Fries\",\"attr\":\"\",\"sku\":\"13372\",\"l2\":\"L\u00E9gumes surgel\u00E9s\",\"sl\":\"frites-ondulees-extra-croustillantes-biere-13372\",\"sn\":\"\",\"idxP\":0},{\"mq\":\"McCain\",\"nm\":\"Frites bistro coupe r\u00E9guli\u00E8re\",\"nme\":\"Regular Cut Bistro Fries\",\"attr\":\"\",\"sku\":\"13373\",\"l2\":\"L\u00E9gumes surgel\u00E9s\",\"sl\":\"frites-bistro-coupe-reguliere-13373\",\"sn\":\"\",\"idxP\":0},{\"mq\":\"McCain\",\"nm\":\"Frites julienne 5 minutes\",\"nme\":\"5 Minutes Shoestring Fries\",\"attr\":\"\",\"sku\":\"13374\",\"l2\":\"L\u00E9gumes surgel\u00E9s\",\"sl\":\"frites-julienne-5-minutes-13374\",\"sn\":\"\",\"idxP\":0},{\"mq\":\"McCain\",\"nm\":\"Frites \u00E9pic\u00E9es coupe r\u00E9g extra croustillantes\",\"nme\":\"Extra Crispy Spicy Straight Cut Fries\",\"attr\":\"\",\"sku\":\"13375\",\"l2\":\"L\u00E9gumes surgel\u00E9s\",\"sl\":\"frites-epicees-coupe-reg-extra-croustillantes-13375\",\"sn\":\"\",\"idxP\":0},{\"mq\":\"McCain\",\"nm\":\"Frites ondul\u00E9es extra croustillantes\",\"nme\":\"Extra Crispy Crinkle Cut Fries\",\"attr\":\"\",\"sku\":\"13376\",\"l2\":\"L\u00E9gumes surgel\u00E9s\",\"sl\":\"frites-ondulees-extra-croustillantes-13376\",\"sn\":\"\",\"idxP\":0},{\"mq\":\"McCain\",\"nm\":\"Frites coupe r\u00E9guli\u00E8re extra croustillantes\",\"nme\":\"Extra Crispy Straight Cut Fries\",\"attr\":\"\",\"sku\":\"13378\",\"l2\":\"L\u00E9gumes surgel\u00E9s\",\"sl\":\"frites-coupe-reguliere-extra-croustillantes-13378\",\"sn\":\"\",\"idxP\":0},{\"mq\":\"McCain\",\"nm\":\"Frites bistro quartiers savoureux\",\"nme\":\"Bistro Savoury Wedges Fries\",\"attr\":\"\",\"sku\":\"13379\",\"l2\":\"L\u00E9gumes surgel\u00E9s\",\"sl\":\"frites-bistro-quartiers-savoureux-13379\",\"sn\":\"\",\"idxP\":0},{\"mq\":\"McCain\",\"nm\":\"Frites bouch\u00E9es Tasti Taters\",\"nme\":\"Tasti Taters Tater Tot Fries\",\"attr\":\"\",\"sku\":\"13381\",\"l2\":\"L\u00E9gumes surgel\u00E9s\",\"sl\":\"frites-bouchees-tasti-taters-13381\",\"sn\":\"\",\"idxP\":0},{\"mq\":\"McCain\",\"nm\":\"Galettes pomme de terre 9 minutes\",\"nme\":\"9 Minutes Potato Patties\",\"attr\":\"\",\"sku\":\"13382\",\"l2\":\"L\u00E9gumes surgel\u00E9s\",\"sl\":\"galettes-pomme-de-terre-9-minutes-13382\",\"sn\":\"pommes\",\"idxP\":0},{\"mq\":\"McCain\",\"nm\":\"Rondelles d'oignon extra croustillantes\",\"nme\":\"Extra Crispy Onion Rings\",\"attr\":\"\",\"sku\":\"13383\",\"l2\":\"L\u00E9gumes surgel\u00E9s\",\"sl\":\"rondelles-doignon-extra-croustillantes-13383\",\"sn\":\"onions, oignons\",\"idxP\":0},{\"mq\":\"McCain\",\"nm\":\"Frites coupe r\u00E9guli\u00E8re\",\"nme\":\"Straight Cut Fries\",\"attr\":\"\",\"sku\":\"13384\",\"l2\":\"L\u00E9gumes surgel\u00E9s\",\"sl\":\"frites-coupe-reguliere-13384\",\"sn\":\"\",\"idxP\":0},{\"mq\":\"McCain\",\"nm\":\"Frites coupe julienne\",\"nme\":\"Shoestring Fries\",\"attr\":\"\",\"sku\":\"13385\",\"l2\":\"L\u00E9gumes surgel\u00E9s\",\"sl\":\"frites-coupe-julienne-13385\",\"sn\":\"\",\"idxP\":0},{\"mq\":\"McCain\",\"nm\":\"Frites coupe ondul\u00E9e\",\"nme\":\"Crinkle Cut Fries\",\"attr\":\"\",\"sku\":\"13386\",\"l2\":\"L\u00E9gumes surgel\u00E9s\",\"sl\":\"frites-coupe-ondulee-13386\",\"sn\":\"\",\"idxP\":0},{\"mq\":\"Phil & Fred pizzeria\",\"nm\":\"Pizza toute garnie bambino congel\u00E9e\",\"nme\":\"Frozen Bambino All-Dressed Pizza\",\"attr\":\"\",\"sku\":\"13399\",\"l2\":\"Pizza surgel\u00E9e\",\"sl\":\"pizza-toute-garnie-bambino-congelee-13399\",\"sn\":\"\",\"idxP\":0},{\"mq\":\"Cavendish\",\"nm\":\"Rondelle d'oignon tempura\",\"nme\":\"Tempura Onion Ring\",\"attr\":\"\",\"sku\":\"13475\",\"l2\":\"Mets surgel\u00E9s\",\"sl\":\"rondelle-doignon-tempura-13475\",\"sn\":\"onions, oignons\",\"idxP\":0},{\"mq\":\"Cavendish\",\"nm\":\"Galette de pomme de terre\",\"nme\":\"Potato Patties\",\"attr\":\"\",\"sku\":\"13476\",\"l2\":\"L\u00E9gumes surgel\u00E9s\",\"sl\":\"galette-de-pomme-de-terre-13476\",\"sn\":\"pommes\",\"idxP\":0},{\"mq\":\"Blue Tide\",\"nm\":\"Crevettes blanches 2.0 cuites P&D a\\\/queue 26\\\/30\",\"nme\":\"Cooked 26\\\/30 2.0 P&D Tail-On White Shrimp\",\"attr\":\"\",\"sku\":\"13644\",\"l2\":\"Fruit de mer surgel\u00E9\",\"sl\":\"crevettes-blanches-20-cuites-pd-aqueue-2630-13644\",\"sn\":\"crevettes\",\"idxP\":0},{\"mq\":\"Blue Tide\",\"nm\":\"Crevettes blanches 2.0 cuites P&D a\\\/queue 16\\\/20\",\"nme\":\"Cooked 16\\\/20 2.0 P&D Tail-On White Shrimp\",\"attr\":\"\",\"sku\":\"13645\",\"l2\":\"Fruit de mer surgel\u00E9\",\"sl\":\"crevettes-blanches-20-cuites-pd-aqueue-1620-13645\",\"sn\":\"crevettes\",\"idxP\":0},{\"mq\":\"Blue Tide\",\"nm\":\"Crevettes papillon non pel\u00E9es 21\\\/25\",\"nme\":\"21\\\/25 Shell-On Butterfly Shrimp\",\"attr\":\"\",\"sku\":\"13646\",\"l2\":\"Fruit de mer surgel\u00E9\",\"sl\":\"crevettes-papillon-non-pelees-2125-13646\",\"sn\":\"crevettes\",\"idxP\":0},{\"mq\":\"Blue Tide\",\"nm\":\"Crevettes papillon non pel\u00E9es 16\\\/20\",\"nme\":\"16\\\/20 Shell-On Butterfly Shrimp\",\"attr\":\"\",\"sku\":\"13647\",\"l2\":\"Fruit de mer surgel\u00E9\",\"sl\":\"crevettes-papillon-non-pelees-1620-13647\",\"sn\":\"crevettes\",\"idxP\":0},{\"mq\":\"Blue Tide\",\"nm\":\"Crevettes blanches P&D a\\\/queue 26\\\/30\",\"nme\":\"26\\\/30 P&D Tail-On White Shrimp\",\"attr\":\"\",\"sku\":\"13649\",\"l2\":\"Fruit de mer surgel\u00E9\",\"sl\":\"crevettes-blanches-pd-aqueue-2630-13649\",\"sn\":\"crevettes\",\"idxP\":0},{\"mq\":\"Blue Tide\",\"nm\":\"Crevettes blanches P&D a\\\/queue 51\\\/60\",\"nme\":\"51\\\/60 P&D Tail-On White Shrimp\",\"attr\":\"\",\"sku\":\"13650\",\"l2\":\"Fruit de mer surgel\u00E9\",\"sl\":\"crevettes-blanches-pd-aqueue-5160-13650\",\"sn\":\"crevettes\",\"idxP\":0},{\"mq\":\"Blue Tide\",\"nm\":\"Crevettes blanches 2.0 P&D a\\\/queue 16\\\/20\",\"nme\":\"16\\\/20 2.0 P&D Tail-On White Shrimp\",\"attr\":\"\",\"sku\":\"13651\",\"l2\":\"Fruit de mer surgel\u00E9\",\"sl\":\"crevettes-blanches-20-pd-aqueue-1620-13651\",\"sn\":\"crevettes\",\"idxP\":0},{\"mq\":\"Blue Tide\",\"nm\":\"Crevettes sauvages cuites pel\u00E9es 250\\\/350\",\"nme\":\"Cooked 250\\\/350 Peeled Wild Shrimp\",\"attr\":\"\",\"sku\":\"13652\",\"l2\":\"Fruit de mer surgel\u00E9\",\"sl\":\"crevettes-sauvages-cuites-pelees-250350-13652\",\"sn\":\"crevettes\",\"idxP\":0},{\"mq\":\"Blue Tide\",\"nm\":\"Calmar sauvage pr\u00E9-frit s\\\/peau a\\\/tentacules\",\"nme\":\"S&P R&T Wild Par-Fried Calamari\",\"attr\":\"\",\"sku\":\"13654\",\"l2\":\"Fruit de mer surgel\u00E9\",\"sl\":\"calmar-sauvage-pre-frit-speau-atentacules-13654\",\"sn\":\"\",\"idxP\":0},{\"mq\":\"Blue Tide\",\"nm\":\"Saumon Atlantique cubes pour poke\",\"nme\":\"Atlantic Salmon Poke Cubes\",\"attr\":\"\",\"sku\":\"13656\",\"l2\":\"Poisson surgel\u00E9\",\"sl\":\"saumon-atlantique-cubes-pour-poke-13656\",\"sn\":\"\",\"idxP\":0},{\"mq\":\"Blue Tide\",\"nm\":\"Thon sauvage cubes pour poke assaisonn\u00E9s\",\"nme\":\"Seasoned Wild Tuna Poke Cubes\",\"attr\":\"\",\"sku\":\"13657\",\"l2\":\"Poisson surgel\u00E9\",\"sl\":\"thon-sauvage-cubes-pour-poke-assaisonnes-13657\",\"sn\":\"\",\"idxP\":0},{\"mq\":\"Farmer's Basket\",\"nm\":\"Ma\u00EFs en grains IQF\",\"nme\":\"IQF Corn\",\"attr\":\"\",\"sku\":\"13830\",\"l2\":\"L\u00E9gumes surgel\u00E9s\",\"sl\":\"mais-en-grains-iqf-13830\",\"sn\":\"\",\"idxP\":0},{\"mq\":\"Farmer's Basket\",\"nm\":\"Pois IQF\",\"nme\":\"IQF Peas\",\"attr\":\"\",\"sku\":\"13831\",\"l2\":\"L\u00E9gumes surgel\u00E9s\",\"sl\":\"pois-iqf-13831\",\"sn\":\"\",\"idxP\":0},{\"mq\":\"Alasko\",\"nm\":\"Haricots verts coup\u00E9s IQF\",\"nme\":\"IQF Cut Green Beans\",\"attr\":\"\",\"sku\":\"13832\",\"l2\":\"L\u00E9gumes surgel\u00E9s\",\"sl\":\"haricots-verts-coupes-iqf-13832\",\"sn\":\"\",\"idxP\":0},{\"mq\":\"Alasko\",\"nm\":\"Haricots verts extra-fins IQF\",\"nme\":\"IQF Extra-Fine Green Beans\",\"attr\":\"\",\"sku\":\"13834\",\"l2\":\"L\u00E9gumes surgel\u00E9s\",\"sl\":\"haricots-verts-extra-fins-iqf-13834\",\"sn\":\"\",\"idxP\":0},{\"mq\":\"Alasko\",\"nm\":\"Brocoli fleurons IQF\",\"nme\":\"IQF Broccoli Florets\",\"attr\":\"\",\"sku\":\"13835\",\"l2\":\"L\u00E9gumes surgel\u00E9s\",\"sl\":\"brocoli-fleurons-iqf-13835\",\"sn\":\"\",\"idxP\":0},{\"mq\":\"Alasko\",\"nm\":\"M\u00E9lange pois carottes IQF\",\"nme\":\"IQF Peas Carrots Mix\",\"attr\":\"\",\"sku\":\"13836\",\"l2\":\"L\u00E9gumes surgel\u00E9s\",\"sl\":\"melange-pois-carottes-iqf-13836\",\"sn\":\"carottes\",\"idxP\":0},{\"mq\":\"Alasko\",\"nm\":\"M\u00E9lange spaghetti IQF\",\"nme\":\"IQF Spaghetti Mix\",\"attr\":\"\",\"sku\":\"13839\",\"l2\":\"L\u00E9gumes surgel\u00E9s\",\"sl\":\"melange-spaghetti-iqf-13839\",\"sn\":\"\",\"idxP\":0},{\"mq\":\"Alasko\",\"nm\":\"Oignons blancs d\u00E9s 3\\\/8\\\" IQF\",\"nme\":\"IQF 3\\\/8\\\" Diced White Onions\",\"attr\":\"\",\"sku\":\"13841\",\"l2\":\"L\u00E9gumes surgel\u00E9s\",\"sl\":\"oignons-blancs-des-38-iqf-13841\",\"sn\":\"onions, oignons\",\"idxP\":0},{\"mq\":\"Alasko\",\"nm\":\"M\u00E9lange mirepoix IQF\",\"nme\":\"IQF Mirepoix Mix\",\"attr\":\"\",\"sku\":\"13842\",\"l2\":\"L\u00E9gumes surgel\u00E9s\",\"sl\":\"melange-mirepoix-iqf-13842\",\"sn\":\"\",\"idxP\":0},{\"mq\":\"Alasko\",\"nm\":\"\u00C9pinards hach\u00E9s IQF\",\"nme\":\"IQF Chopped Spinach\",\"attr\":\"\",\"sku\":\"13843\",\"l2\":\"L\u00E9gumes surgel\u00E9s\",\"sl\":\"epinards-haches-iqf-13843\",\"sn\":\"\",\"idxP\":0},{\"mq\":\"Alasko\",\"nm\":\"F\u00E8ves edamame \u00E9coss\u00E9es IQF\",\"nme\":\"IQF Shelled Edamame Beans\",\"attr\":\"\",\"sku\":\"13844\",\"l2\":\"L\u00E9gumes surgel\u00E9s\",\"sl\":\"feves-edamame-ecossees-iqf-13844\",\"sn\":\"\",\"idxP\":0},{\"mq\":\"Alasko\",\"nm\":\"Courge musqu\u00E9e d\u00E9s 3\\\/8\\\" IQF\",\"nme\":\"IQF 3\\\/8\\\" Diced Butternut Squash\",\"attr\":\"\",\"sku\":\"13846\",\"l2\":\"L\u00E9gumes surgel\u00E9s\",\"sl\":\"courge-musquee-des-38-iqf-13846\",\"sn\":\"courges\",\"idxP\":0},{\"mq\":\"Alasko\",\"nm\":\"M\u00E9lange l\u00E9gumes italien IQF\",\"nme\":\"IQF Italian Vegetable Mix\",\"attr\":\"\",\"sku\":\"13848\",\"l2\":\"L\u00E9gumes surgel\u00E9s\",\"sl\":\"melange-legumes-italien-iqf-13848\",\"sn\":\"\",\"idxP\":0},{\"mq\":\"Alasko\",\"nm\":\"M\u00E9lange l\u00E9gumes californien IQF\",\"nme\":\"IQF Californian Vegetable Mix\",\"attr\":\"\",\"sku\":\"13854\",\"l2\":\"L\u00E9gumes surgel\u00E9s\",\"sl\":\"melange-legumes-californien-iqf-13854\",\"sn\":\"\",\"idxP\":0},{\"mq\":\"Alasko\",\"nm\":\"M\u00E9lange l\u00E9gumes IPE IQF\",\"nme\":\"IQF PEI Vegetable Mix\",\"attr\":\"\",\"sku\":\"13857\",\"l2\":\"L\u00E9gumes surgel\u00E9s\",\"sl\":\"melange-legumes-ipe-iqf-13857\",\"sn\":\"\",\"idxP\":0},{\"mq\":\"Alasko\",\"nm\":\"M\u00E9lange l\u00E9gumes r\u00E9gulier IQF\",\"nme\":\"IQF Regular Vegetable Mix\",\"attr\":\"\",\"sku\":\"13858\",\"l2\":\"L\u00E9gumes surgel\u00E9s\",\"sl\":\"melange-legumes-regulier-iqf-13858\",\"sn\":\"\",\"idxP\":0},{\"mq\":\"Alasko\",\"nm\":\"Chou-fleur fleurons IQF\",\"nme\":\"IQF Cauliflower Florets\",\"attr\":\"\",\"sku\":\"13859\",\"l2\":\"L\u00E9gumes surgel\u00E9s\",\"sl\":\"chou-fleur-fleurons-iqf-13859\",\"sn\":\"\",\"idxP\":0},{\"mq\":\"Alasko\",\"nm\":\"Haricots jaunes coup\u00E9s IQF\",\"nme\":\"IQF Cut Wax Beans\",\"attr\":\"\",\"sku\":\"13860\",\"l2\":\"L\u00E9gumes surgel\u00E9s\",\"sl\":\"haricots-jaunes-coupes-iqf-13860\",\"sn\":\"\",\"idxP\":0},{\"mq\":\"Alasko\",\"nm\":\"M\u00E9lange l\u00E9gumes oriental IQF\",\"nme\":\"IQF Oriental Vegetable Mix\",\"attr\":\"\",\"sku\":\"13861\",\"l2\":\"L\u00E9gumes surgel\u00E9s\",\"sl\":\"melange-legumes-oriental-iqf-13861\",\"sn\":\"\",\"idxP\":0},{\"mq\":\"Ardo\",\"nm\":\"M\u00E9lange l\u00E9gumes romanesco IQF\",\"nme\":\"IQF Romanesco Vegetable Mix\",\"attr\":\"\",\"sku\":\"13862\",\"l2\":\"L\u00E9gumes surgel\u00E9s\",\"sl\":\"melange-legumes-romanesco-iqf-13862\",\"sn\":\"\",\"idxP\":0},{\"mq\":\"Alasko\",\"nm\":\"Brocolis coup\u00E9s IQF\",\"nme\":\"IQF Chopped Brocoli\",\"attr\":\"\",\"sku\":\"13863\",\"l2\":\"L\u00E9gumes surgel\u00E9s\",\"sl\":\"brocolis-coupes-iqf-13863\",\"sn\":\"\",\"idxP\":0},{\"mq\":\"Alasko\",\"nm\":\"Haricots verts fins IQF\",\"nme\":\"IQF Fine Green Beans\",\"attr\":\"\",\"sku\":\"13864\",\"l2\":\"L\u00E9gumes surgel\u00E9s\",\"sl\":\"haricots-verts-fins-iqf-13864\",\"sn\":\"\",\"idxP\":0},{\"mq\":\"Novali\",\"nm\":\"Dessus de tarte neutre 9\\\"\",\"nme\":\"9\\\" Unsweetened Pie Top\",\"attr\":\"\",\"sku\":\"13898\",\"l2\":\"P\u00E2tisserie surgel\u00E9e\",\"sl\":\"dessus-de-tarte-neutre-9-13898\",\"sn\":\"\",\"idxP\":0},{\"mq\":\"Olymel\",\"nm\":\"Ailes de poulet nature cuites\",\"nme\":\"Cooked Plain Chicken Wings\",\"attr\":\"\",\"sku\":\"14027\",\"l2\":\"Viande surgel\u00E9e\",\"sl\":\"ailes-de-poulet-nature-cuites-14027\",\"sn\":\"\",\"idxP\":0},{\"mq\":\"Olymel\",\"nm\":\"Ailes de poulet assaisonn\u00E9es cuites\",\"nme\":\"Cooked Seasoned Chicken Wings\",\"attr\":\"\",\"sku\":\"14028\",\"l2\":\"Viande surgel\u00E9e\",\"sl\":\"ailes-de-poulet-assaisonnees-cuites-14028\",\"sn\":\"\",\"idxP\":0},{\"nm\":\"Mahi mahi portion 2\\\/4oz\",\"nme\":\"2\\\/4oz Mahi Mahi Portion\",\"attr\":\"\",\"sku\":\"14034\",\"l2\":\"Poisson surgel\u00E9\",\"sl\":\"mahi-mahi-portion-24oz-14034\",\"sn\":\"\",\"idxP\":0},{\"mq\":\"Top-Dessert\",\"nm\":\"G\u00E2teau sandwich red velvet fromage cr\u00E8me\",\"nme\":\"Red Velvet Cream Cheese Sandwich Cake\",\"attr\":\"\",\"sku\":\"14041\",\"l2\":\"P\u00E2tisserie surgel\u00E9e\",\"sl\":\"gateau-sandwich-red-velvet-fromage-creme-14041\",\"sn\":\"fromages\",\"idxP\":0},{\"mq\":\"Top-Dessert\",\"nm\":\"G\u00E2teau sandwich chocolat\",\"nme\":\"Chocolate Sandwich Cake\",\"attr\":\"\",\"sku\":\"14044\",\"l2\":\"P\u00E2tisserie surgel\u00E9e\",\"sl\":\"gateau-sandwich-chocolat-14044\",\"sn\":\"\",\"idxP\":0},{\"mq\":\"Top-Dessert\",\"nm\":\"G\u00E2teau sandwich chocolat vanille\",\"nme\":\"Chocolate Vanilla Sandwich Cake\",\"attr\":\"\",\"sku\":\"14056\",\"l2\":\"P\u00E2tisserie surgel\u00E9e\",\"sl\":\"gateau-sandwich-chocolat-vanille-14056\",\"sn\":\"\",\"idxP\":0},{\"mq\":\"Top-Dessert\",\"nm\":\"G\u00E2teau carotte\",\"nme\":\"Carrot Cake\",\"attr\":\"\",\"sku\":\"14060\",\"l2\":\"P\u00E2tisserie surgel\u00E9e\",\"sl\":\"gateau-carotte-14060\",\"sn\":\"carottes\",\"idxP\":0},{\"mq\":\"Top-Dessert\",\"nm\":\"G\u00E2teau crumble bleuet\",\"nme\":\"Blueberry Crumble Cake\",\"attr\":\"\",\"sku\":\"14061\",\"l2\":\"P\u00E2tisserie surgel\u00E9e\",\"sl\":\"gateau-crumble-bleuet-14061\",\"sn\":\"\",\"idxP\":0},{\"mq\":\"Top-Dessert\",\"nm\":\"G\u00E2teau crumble framboise\",\"nme\":\"Raspberry Crumble Cake\",\"attr\":\"\",\"sku\":\"14062\",\"l2\":\"P\u00E2tisserie surgel\u00E9e\",\"sl\":\"gateau-crumble-framboise-14062\",\"sn\":\"framboises\",\"idxP\":0},{\"mq\":\"Top-Dessert\",\"nm\":\"G\u00E2teau banane\",\"nme\":\"Banana Cake\",\"attr\":\"\",\"sku\":\"14063\",\"l2\":\"P\u00E2tisserie surgel\u00E9e\",\"sl\":\"gateau-banane-14063\",\"sn\":\"ananas, bananes\",\"idxP\":0},{\"mq\":\"Alasko\",\"nm\":\"Cerise IQF\",\"nme\":\"IQF Cherry\",\"attr\":\"\",\"sku\":\"14106\",\"l2\":\"Fruits et pur\u00E9e surgel\u00E9s\",\"sl\":\"cerise-iqf-14106\",\"sn\":\"\",\"idxP\":0},{\"mq\":\"Blue Tide\",\"nm\":\"Couronne de crevettes 26\\\/30\",\"nme\":\"26\\\/30 Shrimp Ring\",\"attr\":\"\",\"sku\":\"14236\",\"l2\":\"Fruit de mer surgel\u00E9\",\"sl\":\"couronne-de-crevettes-2630-14236\",\"sn\":\"crevettes\",\"idxP\":0},{\"mq\":\"Flamingo\",\"nm\":\"Ailes de poulet chili doux lime\",\"nme\":\"Mild Chili Lime Chicken Wings\",\"attr\":\"\",\"sku\":\"14542\",\"l2\":\"Viande surgel\u00E9e\",\"sl\":\"ailes-de-poulet-chili-doux-lime-14542\",\"sn\":\"\",\"idxP\":2},{\"mq\":\"Lavazza\",\"nm\":\"Caf\u00E9 moulu qualit\u00E9 or\",\"nme\":\"Gold quality ground coffee\",\"attr\":\"\",\"sku\":\"17045\",\"l2\":\"Caf\u00E9, th\u00E9 et chocolat\",\"sl\":\"cafe-moulu-qualite-or-lavazza-17045\",\"sn\":\"\",\"idxP\":88},{\"mq\":\"Tim Horton\",\"nm\":\"Caf\u00E9 moulu mouture fine\",\"nme\":\"Fine Ground Coffee\",\"attr\":\"\",\"sku\":\"15315\",\"l2\":\"Caf\u00E9, th\u00E9 et chocolat\",\"sl\":\"cafe-moulu-mouture-fine-tim-horton-15315\",\"sn\":\"\",\"idxP\":83},{\"mq\":\"Lavazza\",\"nm\":\"Caf\u00E9 grain grand crema espresso barista\",\"nme\":\"Grand crema espresso barista grain coffee\",\"attr\":\"\",\"sku\":\"17257\",\"l2\":\"Caf\u00E9, th\u00E9 et chocolat\",\"sl\":\"cafe-grain-grand-crema-espresso-barista-lavazza-17257\",\"sn\":\"\",\"idxP\":87},{\"mq\":\"Lavazza\",\"nm\":\"Caf\u00E9 grain espresso qualit\u00E9 rouge\",\"nme\":\"Red quality espresso coffee beans\",\"attr\":\"\",\"sku\":\"28231\",\"l2\":\"Caf\u00E9, th\u00E9 et chocolat\",\"sl\":\"cafe-grain-espresso-qualite-rouge-lavazza-28231\",\"sn\":\"\",\"idxP\":84},{\"mq\":\"Lavazza\",\"nm\":\"Caf\u00E9 moulu espresso qualit\u00E9 rouge\",\"nme\":\"Red quality espresso ground coffee\",\"attr\":\"\",\"sku\":\"28245\",\"l2\":\"Caf\u00E9, th\u00E9 et chocolat\",\"sl\":\"cafe-moulu-espresso-qualite-rouge-lavazza-28245\",\"sn\":\"\",\"idxP\":100},{\"mq\":\"Lavazza\",\"nm\":\"Caf\u00E9 grain espresso super cr\u00E8me\",\"nme\":\"Espresso super cream coffee beans\",\"attr\":\"\",\"sku\":\"46869\",\"l2\":\"Caf\u00E9, th\u00E9 et chocolat\",\"sl\":\"cafe-grain-espresso-super-creme-lavazza-46869\",\"sn\":\"\",\"idxP\":46},{\"mq\":\"La Courtisane\",\"nm\":\"Tisane poire gingembre\",\"nme\":\"Pear Ginger Herbal Tea\",\"attr\":\"Sans gluten, Produit local\",\"sku\":\"26264\",\"l2\":\"Caf\u00E9, th\u00E9 et chocolat\",\"sl\":\"tisane-poire-gingembre-la-courtisane-26264\",\"sn\":\"poires\",\"idxP\":30},{\"mq\":\"Four O'Clock\",\"nm\":\"Tisane menthe rafra\u00EEchissante biologique \u00E9quitable\",\"nme\":\"Organic fairtrade refreshing mint herbal tea\",\"attr\":\"Sans gluten, Biologique\",\"sku\":\"26265\",\"l2\":\"Caf\u00E9, th\u00E9 et chocolat\",\"sl\":\"tisane-menthe-rafraichissante-biologique-equitable-four-oclock-26265\",\"sn\":\"biologique, bio, organic, organique\",\"idxP\":31},{\"mq\":\"Four O'Clock\",\"nm\":\"Th\u00E9 vert japonais sencha biologique \u00E9quitable\",\"nme\":\"Organic fairtrade sencha green tea\",\"attr\":\"Sans gluten, Biologique\",\"sku\":\"26266\",\"l2\":\"Caf\u00E9, th\u00E9 et chocolat\",\"sl\":\"the-vert-japonais-sencha-biologique-equitable-four-oclock-26266\",\"sn\":\"biologique, bio, organic, organique\",\"idxP\":23},{\"mq\":\"Four O'Clock\",\"nm\":\"Th\u00E9 noir earl grey biologique \u00E9quitable\",\"nme\":\"Organic fairtrade earl grey black tea\",\"attr\":\"Biologique, Produit local\",\"sku\":\"26267\",\"l2\":\"Caf\u00E9, th\u00E9 et chocolat\",\"sl\":\"the-noir-earl-grey-biologique-equitable-four-oclock-26267\",\"sn\":\"biologique, bio, organic, organique\",\"idxP\":41},{\"mq\":\"Four O'Clock\",\"nm\":\"Tisane citron gingembre biologique \u00E9quitable\",\"nme\":\"Organic fairtrade lemon ginger herbal tea\",\"attr\":\"Sans gluten, Biologique\",\"sku\":\"26268\",\"l2\":\"Caf\u00E9, th\u00E9 et chocolat\",\"sl\":\"tisane-citron-gingembre-biologique-equitable-four-oclock-26268\",\"sn\":\"biologique, bio, organic, organique, citrons\",\"idxP\":41},{\"mq\":\"Four O'Clock\",\"nm\":\"Tisane menthe poivr\u00E9e biologique \u00E9quitable\",\"nme\":\"Organic fairtrade peppermint herbal tea\",\"attr\":\"Sans gluten, Biologique\",\"sku\":\"26269\",\"l2\":\"Caf\u00E9, th\u00E9 et chocolat\",\"sl\":\"tisane-menthe-poivree-biologique-equitable-four-oclock-26269\",\"sn\":\"biologique, bio, organic, organique\",\"idxP\":38},{\"mq\":\"Four O'Clock\",\"nm\":\"Tisane r\u00EAves harmonieux biologique \u00E9quitable\",\"nme\":\"Organic fairtrade peaceful dreams herbal tea\",\"attr\":\"Sans gluten, Biologique\",\"sku\":\"26270\",\"l2\":\"Caf\u00E9, th\u00E9 et chocolat\",\"sl\":\"tisane-reves-harmonieux-biologique-equitable-four-oclock-26270\",\"sn\":\"biologique, bio, organic, organique\",\"idxP\":22},{\"mq\":\"Salada\",\"nm\":\"Th\u00E9 orange pekoe sachet\",\"nme\":\"Orange Pekoe Tea Bag\",\"attr\":\"\",\"sku\":\"24456\",\"l2\":\"Caf\u00E9, th\u00E9 et chocolat\",\"sl\":\"the-orange-pekoe-sachet-salada-24456\",\"sn\":\"\",\"idxP\":51},{\"mq\":\"Four O'Clock\",\"nm\":\"Tisane camomille citronnelle bio. \u00E9quitable\",\"nme\":\"Organic fairtrade chamomille herbal tea\",\"attr\":\"Sans gluten, Biologique\",\"sku\":\"26271\",\"l2\":\"Caf\u00E9, th\u00E9 et chocolat\",\"sl\":\"tisane-camomille-citronnelle-bio.-equitable-four-oclock-26271\",\"sn\":\"biologique, bio, organic, organique, citrons\",\"idxP\":33},{\"mq\":\"Four O'Clock\",\"nm\":\"Th\u00E9 vert japonais biologique \u00E9quitable\",\"nme\":\"Organic fairtrade japanese green tea\",\"attr\":\"Sans gluten, Biologique\",\"sku\":\"26272\",\"l2\":\"Caf\u00E9, th\u00E9 et chocolat\",\"sl\":\"the-vert-japonais-biologique-equitable-four-oclock-26272\",\"sn\":\"biologique, bio, organic, organique\",\"idxP\":33},{\"mq\":\"Four O'Clock\",\"nm\":\"Th\u00E9 noir espresso cha\u00EF biologique \u00E9quitable\",\"nme\":\"Organic fairtrade chai espresso black tea\",\"attr\":\"Sans gluten, Biologique\",\"sku\":\"26274\",\"l2\":\"Caf\u00E9, th\u00E9 et chocolat\",\"sl\":\"the-noir-espresso-chai-biologique-equitable-four-oclock-26274\",\"sn\":\"biologique, bio, organic, organique\",\"idxP\":30},{\"mq\":\"Four O'Clock\",\"nm\":\"Th\u00E9 vert sencha matcha biologique \u00E9quitable\",\"nme\":\"Organic fairtrade sencha matcha green tea\",\"attr\":\"Sans gluten, Biologique\",\"sku\":\"26275\",\"l2\":\"Caf\u00E9, th\u00E9 et chocolat\",\"sl\":\"the-vert-sencha-matcha-biologique-equitable-four-oclock-26275\",\"sn\":\"biologique, bio, organic, organique\",\"idxP\":40},{\"mq\":\"Four O'Clock\",\"nm\":\"Th\u00E9 vert jasmin biologique \u00E9quitable\",\"nme\":\"Organic fairtrade jasmine green tea\",\"attr\":\"Sans gluten, Biologique\",\"sku\":\"26273\",\"l2\":\"Caf\u00E9, th\u00E9 et chocolat\",\"sl\":\"the-vert-jasmin-biologique-equitable-four-oclock-26273\",\"sn\":\"biologique, bio, organic, organique\",\"idxP\":30},{\"mq\":\"Mott's\",\"nm\":\"M\u00E9lange cocktail daiquiri fraise\",\"nme\":\"Strawberry Daiquiri Cocktail Mix\",\"attr\":\"\",\"sku\":\"35035\",\"l2\":\"Cristal et sirop\",\"sl\":\"melange-cocktail-daiquiri-fraise-motts-35035\",\"sn\":\"fraises\",\"idxP\":50},{\"mq\":\"Acqua Panna\",\"nm\":\"Eau de source naturelle\",\"nme\":\"Natural Spring Water\",\"attr\":\"\",\"sku\":\"00567\",\"l2\":\"Eau\",\"sl\":\"eau-de-source-naturelle-acqua-panna-00567\",\"sn\":\"\",\"idxP\":38},{\"mq\":\"Naya\",\"nm\":\"Eau de source naturelle\",\"nme\":\"Spring Water\",\"attr\":\"Aliment du Qu\u00E9bec, Produit local\",\"sku\":\"16529\",\"l2\":\"Eau\",\"sl\":\"eau-de-source-naturelle-naya-16529\",\"sn\":\"\",\"idxP\":100},{\"mq\":\"San Benedetto\",\"nm\":\"Eau de source naturelle\",\"nme\":\"Natural Spring Water\",\"attr\":\"\",\"sku\":\"34655\",\"l2\":\"Eau\",\"sl\":\"eau-de-source-naturelle-san-benedetto-34655\",\"sn\":\"\",\"idxP\":76},{\"mq\":\"St-Justin\",\"nm\":\"Eau min\u00E9rale naturelle gaz\u00E9ifi\u00E9e\",\"nme\":\"Carbonated Natural Water\",\"attr\":\"Aliment du Qu\u00E9bec, Produit local\",\"sku\":\"18133\",\"l2\":\"Eau\",\"sl\":\"eau-minerale-naturelle-gazeifiee-st-justin-18133\",\"sn\":\"\",\"idxP\":65},{\"mq\":\"San Benedetto\",\"nm\":\"Eau de source gaz\u00E9ifi\u00E9e\",\"nme\":\"Carbonated Natural Spring Water\",\"attr\":\"\",\"sku\":\"49670\",\"l2\":\"Eau\",\"sl\":\"eau-de-source-gazeifiee-san-benedetto-49670\",\"sn\":\"\",\"idxP\":99},{\"mq\":\"San Pellegrino\",\"nm\":\"Eau min\u00E9rale gaz\u00E9ifi\u00E9e\",\"nme\":\"Sparkling Natural Spring Water\",\"attr\":\"\",\"sku\":\"03993\",\"l2\":\"Eau\",\"sl\":\"eau-minerale-gazeifiee-san-pellegrino-03993\",\"sn\":\"\",\"idxP\":100},{\"mq\":\"Agga\",\"nm\":\"Caf\u00E9 grain noir Kenya AA\",\"nme\":\"Kenya AA Black Coffee Beans\",\"attr\":\"Produit local\",\"sku\":\"26431\",\"l2\":\"Caf\u00E9, th\u00E9 et chocolat\",\"sl\":\"cafe-grain-noir-kenya-aa-agga-26431\",\"sn\":\"\",\"idxP\":56},{\"mq\":\"Agga\",\"nm\":\"Caf\u00E9 grain colombien premium\",\"nme\":\"Premium Columbian Coffee Beans\",\"attr\":\"Produit local\",\"sku\":\"26433\",\"l2\":\"Caf\u00E9, th\u00E9 et chocolat\",\"sl\":\"cafe-grain-colombien-premium-agga-26433\",\"sn\":\"\",\"idxP\":38},{\"mq\":\"Agga\",\"nm\":\"Caf\u00E9 grain m\u00E9lange parisien\",\"nme\":\"Parisian Blend Coffee Beans\",\"attr\":\"Produit local\",\"sku\":\"26434\",\"l2\":\"Caf\u00E9, th\u00E9 et chocolat\",\"sl\":\"cafe-grain-melange-parisien-agga-26434\",\"sn\":\"\",\"idxP\":32},{\"mq\":\"Agga\",\"nm\":\"Capsules caf\u00E9 K-cup m\u00E9lange maison\",\"nme\":\"House Blend K-cup Coffee Caps\",\"attr\":\"Produit local\",\"sku\":\"26438\",\"l2\":\"Caf\u00E9, th\u00E9 et chocolat\",\"sl\":\"capsules-cafe-k-cup-melange-maison-agga-26438\",\"sn\":\"\",\"idxP\":32},{\"mq\":\"Agga\",\"nm\":\"Caf\u00E9 Expresso en grain d\u00E9caf\u00E9in\u00E9\",\"nme\":\"Expresso Decafeinated Grain Coffee\",\"attr\":\"Produit local\",\"sku\":\"26435\",\"l2\":\"Caf\u00E9, th\u00E9 et chocolat\",\"sl\":\"cafe-expresso-en-grain-decafeine-agga-26435\",\"sn\":\"\",\"idxP\":46},{\"mq\":\"Agga\",\"nm\":\"Capsules caf\u00E9 K-cup intenso\",\"nme\":\"Intenso K-cup Coffee Caps\",\"attr\":\"Produit local\",\"sku\":\"26439\",\"l2\":\"Caf\u00E9, th\u00E9 et chocolat\",\"sl\":\"capsules-cafe-k-cup-intenso-agga-26439\",\"sn\":\"\",\"idxP\":54},{\"mq\":\"Agga\",\"nm\":\"Capsules caf\u00E9 K-cup colombien gourmet\",\"nme\":\"Columbian Gourmet K-cup Coffee\",\"attr\":\"Produit local\",\"sku\":\"26437\",\"l2\":\"Caf\u00E9, th\u00E9 et chocolat\",\"sl\":\"capsules-cafe-k-cup-colombien-gourmet-agga-26437\",\"sn\":\"\",\"idxP\":33},{\"mq\":\"Agga\",\"nm\":\"Caf\u00E9 grain noir Arabie\",\"nme\":\"Arabie Black Coffee Beans\",\"attr\":\"Produit local\",\"sku\":\"26432\",\"l2\":\"Caf\u00E9, th\u00E9 et chocolat\",\"sl\":\"cafe-grain-noir-arabie-agga-26432\",\"sn\":\"\",\"idxP\":36},{\"mq\":\"Best Way\",\"nm\":\"Sirop de grenadine\",\"nme\":\"Grenadine Syrup\",\"attr\":\"\",\"sku\":\"16932\",\"l2\":\"Cristal et sirop\",\"sl\":\"sirop-de-grenadine-best-way-16932\",\"sn\":\"\",\"idxP\":23},{\"mq\":\"Coke\",\"nm\":\"Soda Coca-Cola original\",\"nme\":\"Classic Coca-Cola soft drink\",\"attr\":\"\",\"sku\":\"13352\",\"l2\":\"Boisson gazeuse\",\"sl\":\"soda-coca-cola-original-coke-13352\",\"sn\":\"liqueur, breuvage, softdrink, soft drink\",\"idxP\":73},{\"mq\":\"Oasis\",\"nm\":\"Jus pamplemousse ruby red\",\"nme\":\"Ruby Red Grapefruit Juice\",\"attr\":\"\",\"sku\":\"26539\",\"l2\":\"Jus et boisson\",\"sl\":\"jus-pamplemousse-ruby-red-oasis-26539\",\"sn\":\"\",\"idxP\":30},{\"mq\":\"Gatorade\",\"nm\":\"Boisson sportive raisin\",\"nme\":\"Grape energy drink\",\"attr\":\"\",\"sku\":\"46585\",\"l2\":\"Boisson \u00E9nergisante\",\"sl\":\"boisson-sportive-raisin-gatorade-46585\",\"sn\":\"raisins\",\"idxP\":35},{\"mq\":\"Gatorade\",\"nm\":\"Boisson sportive orange\",\"nme\":\"Orange energy drink\",\"attr\":\"\",\"sku\":\"46587\",\"l2\":\"Boisson \u00E9nergisante\",\"sl\":\"boisson-sportive-orange-gatorade-46587\",\"sn\":\"\",\"idxP\":30},{\"mq\":\"Heinz\",\"nm\":\"Jus de tomate\",\"nme\":\"Tomato Juice\",\"attr\":\"\",\"sku\":\"00275\",\"l2\":\"Jus et boisson\",\"sl\":\"jus-de-tomate-heinz-00275\",\"sn\":\"tomates\",\"idxP\":91},{\"mq\":\"Oasis\",\"nm\":\"Jus pomme\",\"nme\":\"Apple Juice\",\"attr\":\"\",\"sku\":\"01434\",\"l2\":\"Jus et boisson\",\"sl\":\"jus-pomme-oasis-01434\",\"sn\":\"apples, pommes\",\"idxP\":95},{\"mq\":\"Oasis\",\"nm\":\"Jus mangue exotique\",\"nme\":\"Exotic Mango Juice\",\"attr\":\"\",\"sku\":\"01439\",\"l2\":\"Jus et boisson\",\"sl\":\"jus-mangue-exotique-oasis-01439\",\"sn\":\"tropical, mangues\",\"idxP\":83},{\"mq\":\"Heinz\",\"nm\":\"Jus de tomate\",\"nme\":\"Tomato Juice\",\"attr\":\"\",\"sku\":\"00277\",\"l2\":\"Jus et boisson\",\"sl\":\"jus-de-tomate-heinz-00277\",\"sn\":\"tomates\",\"idxP\":76},{\"mq\":\"Oasis\",\"nm\":\"Jus passion tropicale\",\"nme\":\"Tropical Passion Juice\",\"attr\":\"\",\"sku\":\"01438\",\"l2\":\"Jus et boisson\",\"sl\":\"jus-passion-tropicale-oasis-01438\",\"sn\":\"exotic, exotique, tropical\",\"idxP\":80},{\"mq\":\"V-8\",\"nm\":\"Cocktail aux l\u00E9gumes\",\"nme\":\"Vegetable Cocktail\",\"attr\":\"\",\"sku\":\"02752\",\"l2\":\"Jus et boisson\",\"sl\":\"cocktail-aux-legumes-v-8-02752\",\"sn\":\"\",\"idxP\":69},{\"mq\":\"V-8\",\"nm\":\"Cocktail aux l\u00E9gumes\",\"nme\":\"Vegetable Cocktail\",\"attr\":\"\",\"sku\":\"02755\",\"l2\":\"Jus et boisson\",\"sl\":\"cocktail-aux-legumes-v-8-02755\",\"sn\":\"\",\"idxP\":38},{\"mq\":\"Gatorade\",\"nm\":\"Boisson sportive fraicheur glacier\",\"nme\":\"Iceberg freeze sport drink\",\"attr\":\"\",\"sku\":\"46586\",\"l2\":\"Boisson \u00E9nergisante\",\"sl\":\"boisson-sportive-fraicheur-glacier-gatorade-46586\",\"sn\":\"\",\"idxP\":36},{\"mq\":\"Gatorade\",\"nm\":\"Boisson sportive punch fruit\",\"nme\":\"Fruit punch energy drink\",\"attr\":\"\",\"sku\":\"46584\",\"l2\":\"Boisson \u00E9nergisante\",\"sl\":\"boisson-sportive-punch-fruit-gatorade-46584\",\"sn\":\"\",\"idxP\":65},{\"mq\":\"Earth's own\",\"nm\":\"Boisson soya m\u00E9lange barista\",\"nme\":\"Barista blend soy beverage\",\"attr\":\"Sans gluten, Sans lactose\",\"sku\":\"22720\",\"l2\":\"Lait et boisson v\u00E9g\u00E9tale\",\"sl\":\"boisson-soya-melange-barista-earths-own-22720\",\"sn\":\"\",\"idxP\":100},{\"mq\":\"Gatorade\",\"nm\":\"Boisson sportive bleu cool\",\"nme\":\"Cool Blue Drink\",\"attr\":\"\",\"sku\":\"46583\",\"l2\":\"Boisson \u00E9nergisante\",\"sl\":\"boisson-sportive-bleu-cool-gatorade-46583\",\"sn\":\"\",\"idxP\":79},{\"mq\":\"Brio\",\"nm\":\"Soda italien chinotto\",\"nme\":\"Chinotto italian soft drink\",\"attr\":\"\",\"sku\":\"24321\",\"l2\":\"Boisson gazeuse\",\"sl\":\"soda-italien-chinotto-brio-24321\",\"sn\":\"liqueur, breuvage, softdrink, soft drink\",\"idxP\":100},{\"mq\":\"Stewarts\",\"nm\":\"Soda \u00E0 l'orange\",\"nme\":\"Orange Soft Drink\",\"attr\":\"\",\"sku\":\"23972\",\"l2\":\"Boisson gazeuse\",\"sl\":\"soda-a-lorange-stewarts-23972\",\"sn\":\"liqueur, breuvage, softdrink, soft drink\",\"idxP\":67},{\"mq\":\"Blue Diamond\",\"nm\":\"Boisson amande non sucr\u00E9e\",\"nme\":\"Unsweetened almond beverage\",\"attr\":\"Sans gluten\",\"sku\":\"35795\",\"l2\":\"Lait et boisson v\u00E9g\u00E9tale\",\"sl\":\"boisson-amande-non-sucree-blue-diamond-35795\",\"sn\":\"amandes\",\"idxP\":81},{\"mq\":\"Stewarts\",\"nm\":\"Racinette\",\"nme\":\"Root Beer\",\"attr\":\"\",\"sku\":\"23974\",\"l2\":\"Boisson gazeuse\",\"sl\":\"racinette-stewarts-23974\",\"sn\":\"\",\"idxP\":52},{\"mq\":\"Natur-a\",\"nm\":\"Boisson soya biologique\",\"nme\":\"Organic Soy Beverage\",\"attr\":\"Sans gluten, Biologique, Sans lactose, Produit local\",\"sku\":\"36686\",\"l2\":\"Lait et boisson v\u00E9g\u00E9tale\",\"sl\":\"boisson-soya-biologique-natur-a-36686\",\"sn\":\"biologique, bio, organic, organique\",\"idxP\":91},{\"mq\":\"Blue Diamond\",\"nm\":\"Boisson amande vanille non sucr\u00E9e\",\"nme\":\"Unsweetenend almond vanilla beverage\",\"attr\":\"Sans gluten\",\"sku\":\"38705\",\"l2\":\"Lait et boisson v\u00E9g\u00E9tale\",\"sl\":\"boisson-amande-vanille-non-sucree-blue-diamond-38705\",\"sn\":\"amandes\",\"idxP\":76},{\"mq\":\"Stewarts\",\"nm\":\"Soda \u00E0 la cerise noire 4\",\"nme\":\"Black Cherry Soft Drink\",\"attr\":\"\",\"sku\":\"23975\",\"l2\":\"Boisson gazeuse\",\"sl\":\"soda-a-la-cerise-noire-4-stewarts-23975\",\"sn\":\"liqueur, breuvage, softdrink, soft drink\",\"idxP\":79},{\"mq\":\"Blue Diamond\",\"nm\":\"Boisson amande originale\",\"nme\":\"Original almond beverage\",\"attr\":\"Sans gluten\",\"sku\":\"38706\",\"l2\":\"Lait et boisson v\u00E9g\u00E9tale\",\"sl\":\"boisson-amande-originale-blue-diamond-38706\",\"sn\":\"amandes\",\"idxP\":68},{\"mq\":\"Nesquik\",\"nm\":\"Sirop chocolat\",\"nme\":\"Chocolate Syrup\",\"attr\":\"\",\"sku\":\"10865\",\"l2\":\"Caf\u00E9, th\u00E9 et chocolat\",\"sl\":\"sirop-chocolat-nesquik-10865\",\"sn\":\"\",\"idxP\":87},{\"mq\":\"Nesquik\",\"nm\":\"M\u00E9lange chocolat chaud poudre\",\"nme\":\"Hot Chocolate Mix Powder\",\"attr\":\"\",\"sku\":\"35953\",\"l2\":\"Caf\u00E9, th\u00E9 et chocolat\",\"sl\":\"melange-chocolat-chaud-poudre-nesquik-35953\",\"sn\":\"\",\"idxP\":92},{\"mq\":\"Nesquik\",\"nm\":\"Sirop chocolat\",\"nme\":\"Chocolate Syrup\",\"attr\":\"\",\"sku\":\"25442\",\"l2\":\"Caf\u00E9, th\u00E9 et chocolat\",\"sl\":\"sirop-chocolat-nesquik-25442\",\"sn\":\"\",\"idxP\":96},{\"mq\":\"Heinz\",\"nm\":\"Jus de tomate\",\"nme\":\"Tomato Juice\",\"attr\":\"\",\"sku\":\"00407\",\"l2\":\"Jus et boisson\",\"sl\":\"jus-de-tomate-heinz-00407\",\"sn\":\"tomates\",\"idxP\":86},{\"mq\":\"Heinz\",\"nm\":\"Jus de tomate\",\"nme\":\"Tomato Juice\",\"attr\":\"\",\"sku\":\"31039\",\"l2\":\"Jus et boisson\",\"sl\":\"jus-de-tomate-heinz-31039\",\"sn\":\"tomates\",\"idxP\":100},{\"mq\":\"Canada Dry\",\"nm\":\"Soda gingembre\",\"nme\":\"Ginger ale soft drink\",\"attr\":\"\",\"sku\":\"13687\",\"l2\":\"Boisson gazeuse\",\"sl\":\"soda-gingembre-canada-dry-13687\",\"sn\":\"liqueur, breuvage, softdrink, soft drink\",\"idxP\":67},{\"mq\":\"Coke\",\"nm\":\"Soda Coca-Cola di\u00E8te\",\"nme\":\"Diet Coca-Cola soft drink\",\"attr\":\"\",\"sku\":\"13586\",\"l2\":\"Boisson gazeuse\",\"sl\":\"soda-coca-cola-diete-coke-13586\",\"sn\":\"liqueur, breuvage, softdrink, soft drink\",\"idxP\":69},{\"mq\":\"Canada Dry\",\"nm\":\"Soda tonique\",\"nme\":\"Tonic water\",\"attr\":\"\",\"sku\":\"42526\",\"l2\":\"Boisson gazeuse\",\"sl\":\"soda-tonique-canada-dry-42526\",\"sn\":\"liqueur, breuvage, softdrink, soft drink\",\"idxP\":73},{\"mq\":\"Cola Couronne\",\"nm\":\"Boisson gazeuse Cola champagne\",\"nme\":\"Cola champagne soft drink\",\"attr\":\"\",\"sku\":\"36837\",\"l2\":\"Boisson gazeuse\",\"sl\":\"boisson-gazeuse-cola-champagne-cola-couronne-36837\",\"sn\":\"liqueur\",\"idxP\":100},{\"mq\":\"Cola Couronne\",\"nm\":\"Boisson gazeuse Cola champagne\",\"nme\":\"Cola champagne soft drink\",\"attr\":\"\",\"sku\":\"36836\",\"l2\":\"Boisson gazeuse\",\"sl\":\"boisson-gazeuse-cola-champagne-cola-couronne-36836\",\"sn\":\"liqueur\",\"idxP\":100},{\"mq\":\"Fanta\",\"nm\":\"Soda orange\",\"nme\":\"Orange Soft Drink\",\"attr\":\"\",\"sku\":\"07674\",\"l2\":\"Boisson gazeuse\",\"sl\":\"soda-orange-fanta-07674\",\"sn\":\"liqueur, breuvage, softdrink, soft drink\",\"idxP\":61},{\"mq\":\"Ch\u00E2teau Thierry\",\"nm\":\"Sirop menthe splash\",\"nme\":\"Splash mint Syrup\",\"attr\":\"\",\"sku\":\"10471\",\"l2\":\"Cristal et sirop\",\"sl\":\"sirop-menthe-splash-chateau-thierry-10471\",\"sn\":\"\",\"idxP\":33},{\"mq\":\"Brisk\",\"nm\":\"Th\u00E9 glac\u00E9 citron\",\"nme\":\"Lemon iced tea\",\"attr\":\"\",\"sku\":\"00072\",\"l2\":\"Jus et boisson\",\"sl\":\"the-glace-citron-brisk-00072\",\"sn\":\"citrons\",\"idxP\":52},{\"mq\":\"Stappino\",\"nm\":\"Boisson gazeuse Stappi jaune\",\"nme\":\"Yellow Stappi Soft Drink\",\"attr\":\"\",\"sku\":\"11747\",\"l2\":\"Boisson gazeuse\",\"sl\":\"boisson-gazeuse-stappi-jaune-stappino-11747\",\"sn\":\"liqueur, gaz\u00E9ifi\u00E9\",\"idxP\":92},{\"mq\":\"Labrador Source\",\"nm\":\"Eau de source naturelle\",\"nme\":\"Natural Spring Water\",\"attr\":\"\",\"sku\":\"11131\",\"l2\":\"Eau\",\"sl\":\"eau-de-source-naturelle-labrador-source-11131\",\"sn\":\"\",\"idxP\":100},{\"mq\":\"Pepsi\",\"nm\":\"Boisson gazeuse pepsi\",\"nme\":\"Pepsi Soft Drink\",\"attr\":\"\",\"sku\":\"13300\",\"l2\":\"Boisson gazeuse\",\"sl\":\"boisson-gazeuse-pepsi-pepsi-13300\",\"sn\":\"liqueur\",\"idxP\":70},{\"mq\":\"Marie Brizard\",\"nm\":\"Sirop de grenadine\",\"nme\":\"Grenadine syrup\",\"attr\":\"\",\"sku\":\"14335\",\"l2\":\"Cristal et sirop\",\"sl\":\"sirop-de-grenadine-marie-brizard-14335\",\"sn\":\"\",\"idxP\":38},{\"mq\":\"Ch\u00E2teau Thierry\",\"nm\":\"Sirop grenadine splash\",\"nme\":\"Splash grenadine syrup\",\"attr\":\"\",\"sku\":\"08678\",\"l2\":\"Cristal et sirop\",\"sl\":\"sirop-grenadine-splash-chateau-thierry-08678\",\"sn\":\"\",\"idxP\":71},{\"mq\":\"7up\",\"nm\":\"Boisson gazeuse 7up\",\"nme\":\"7up Soft Drink\",\"attr\":\"\",\"sku\":\"13630\",\"l2\":\"Boisson gazeuse\",\"sl\":\"boisson-gazeuse-7up-7up-13630\",\"sn\":\"liqueur\",\"idxP\":71},{\"mq\":\"Sprite\",\"nm\":\"Boisson gazeuse Sprite x24\",\"nme\":\"Sprite Soft Drink x24\",\"attr\":\"\",\"sku\":\"13639\",\"l2\":\"Boisson gazeuse\",\"sl\":\"boisson-gazeuse-sprite-x24-sprite-13639\",\"sn\":\"liqueur\",\"idxP\":69},{\"mq\":\"Marie Brizard\",\"nm\":\"Sirop de lime\",\"nme\":\"Lime syrup\",\"attr\":\"\",\"sku\":\"14338\",\"l2\":\"Cristal et sirop\",\"sl\":\"sirop-de-lime-marie-brizard-14338\",\"sn\":\"citrons\",\"idxP\":17},{\"mq\":\"A&W\",\"nm\":\"Boisson gazeuse racinette\",\"nme\":\"Racinette Soft Drink\",\"attr\":\"\",\"sku\":\"07675\",\"l2\":\"Boisson gazeuse\",\"sl\":\"boisson-gazeuse-racinette-aw-07675\",\"sn\":\"\",\"idxP\":33},{\"mq\":\"Pepsi\",\"nm\":\"Boisson gazeuse pepsi di\u00E8te\",\"nme\":\"Diet Pepsi Soft Drink\",\"attr\":\"\",\"sku\":\"13628\",\"l2\":\"Boisson gazeuse\",\"sl\":\"boisson-gazeuse-pepsi-diete-pepsi-13628\",\"sn\":\"liqueur\",\"idxP\":68},{\"mq\":\"Brio\",\"nm\":\"Soda italien chinotto\",\"nme\":\"Chinotto italian soft drink\",\"attr\":\"\",\"sku\":\"32603\",\"l2\":\"Boisson gazeuse\",\"sl\":\"soda-italien-chinotto-brio-32603\",\"sn\":\"liqueur, breuvage, softdrink, soft drink\",\"idxP\":77},{\"mq\":\"Marie Brizard\",\"nm\":\"Sirop de pomme verte\",\"nme\":\"Green apple syrup\",\"attr\":\"\",\"sku\":\"14340\",\"l2\":\"Cristal et sirop\",\"sl\":\"sirop-de-pomme-verte-marie-brizard-14340\",\"sn\":\"apples, pommes\",\"idxP\":25},{\"mq\":\"Stappi\",\"nm\":\"Boisson gazeuse Stappi rouge\",\"nme\":\"Red Stappi Soft Drink\",\"attr\":\"\",\"sku\":\"32056\",\"l2\":\"Boisson gazeuse\",\"sl\":\"boisson-gazeuse-stappi-rouge-stappi-32056\",\"sn\":\"liqueur, gaz\u00E9ifi\u00E9\",\"idxP\":100},{\"mq\":\"Guru\",\"nm\":\"Boisson \u00E9nergisante biologique\",\"nme\":\"Organic energy drink\",\"attr\":\"\",\"sku\":\"37677\",\"l2\":\"Boisson \u00E9nergisante\",\"sl\":\"boisson-energisante-biologique-guru-37677\",\"sn\":\"biologique, bio, organic, organique\",\"idxP\":75},{\"mq\":\"Mug\",\"nm\":\"Boisson gazeuse racinette\",\"nme\":\"Root Beer\",\"attr\":\"Aliment du Qu\u00E9bec, Produit local\",\"sku\":\"29344\",\"l2\":\"Boisson gazeuse\",\"sl\":\"boisson-gazeuse-racinette-mug-29344\",\"sn\":\"\",\"idxP\":1},{\"mq\":\"Marie Brizard\",\"nm\":\"Sirop de cassis\",\"nme\":\"Blackcurrant Syrup\",\"attr\":\"\",\"sku\":\"36242\",\"l2\":\"Cristal et sirop\",\"sl\":\"sirop-de-cassis-marie-brizard-36242\",\"sn\":\"\",\"idxP\":25},{\"mq\":\"Schweppes\",\"nm\":\"Boisson gazeuse club soda\",\"nme\":\"Club Soda Soft Drink\",\"attr\":\"\",\"sku\":\"41378\",\"l2\":\"Boisson gazeuse\",\"sl\":\"boisson-gazeuse-club-soda-schweppes-41378\",\"sn\":\"liqueur, breuvage, softdrink, soft drink\",\"idxP\":25},{\"mq\":\"San Pellegrino\",\"nm\":\"Boisson p\u00E9tillante Aranciata Rosa\",\"nme\":\"Sparkling soda Aranciata Rosea\",\"attr\":\"\",\"sku\":\"14864\",\"l2\":\"Eau\",\"sl\":\"boisson-petillante-aranciata-rosa-san-pellegrino-14864\",\"sn\":\"gaz\u00E9ifi\u00E9\",\"idxP\":100},{\"mq\":\"Glaceau\",\"nm\":\"Eau vitamin\u00E9e aca\u00EF bleuet grenade\",\"nme\":\"Acai blueberry pomegranate vitamin water\",\"attr\":\"\",\"sku\":\"18487\",\"l2\":\"Boisson \u00E9nergisante\",\"sl\":\"eau-vitaminee-acai-bleuet-grenade-glaceau-18487\",\"sn\":\"\",\"idxP\":42},{\"mq\":\"Schweppes\",\"nm\":\"Boisson gazeuse soda tonique\",\"nme\":\"Tonic Water Soft Drink\",\"attr\":\"\",\"sku\":\"41377\",\"l2\":\"Boisson gazeuse\",\"sl\":\"boisson-gazeuse-soda-tonique-schweppes-41377\",\"sn\":\"liqueur, breuvage, softdrink, soft drink\",\"idxP\":63},{\"mq\":\"Crush\",\"nm\":\"Soda orange\",\"nme\":\"Orange soft drink\",\"attr\":\"\",\"sku\":\"13486\",\"l2\":\"Boisson gazeuse\",\"sl\":\"soda-orange-crush-13486\",\"sn\":\"liqueur, breuvage, softdrink, soft drink\",\"idxP\":69},{\"mq\":\"Marie Brizard\",\"nm\":\"Sirop de framboise\",\"nme\":\"Raspberry syrup\",\"attr\":\"\",\"sku\":\"14336\",\"l2\":\"Cristal et sirop\",\"sl\":\"sirop-de-framboise-marie-brizard-14336\",\"sn\":\"framboises\",\"idxP\":40},{\"mq\":\"Monster\",\"nm\":\"Boisson \u00E9nergisante ultra z\u00E9ro\",\"nme\":\"Energy Drink Zero Ultra\",\"attr\":\"\",\"sku\":\"35043\",\"l2\":\"Boisson \u00E9nergisante\",\"sl\":\"boisson-energisante-ultra-zero-monster-35043\",\"sn\":\"\",\"idxP\":57},{\"mq\":\"Mott's\",\"nm\":\"M\u00E9lange cocktail margarita\",\"nme\":\"Margarita Cocktail Mix\",\"attr\":\"\",\"sku\":\"34912\",\"l2\":\"Cristal et sirop\",\"sl\":\"melange-cocktail-margarita-motts-34912\",\"sn\":\"\",\"idxP\":69},{\"mq\":\"Mott's\",\"nm\":\"M\u00E9lange cocktail pina colada\",\"nme\":\"Pina Colada Cocktail Mix\",\"attr\":\"\",\"sku\":\"35317\",\"l2\":\"Cristal et sirop\",\"sl\":\"melange-cocktail-pina-colada-motts-35317\",\"sn\":\"\",\"idxP\":92},{\"mq\":\"Monster\",\"nm\":\"Boisson \u00E9nergisante\",\"nme\":\"Energy Drink\",\"attr\":\"\",\"sku\":\"42066\",\"l2\":\"Boisson \u00E9nergisante\",\"sl\":\"boisson-energisante-monster-42066\",\"sn\":\"\",\"idxP\":70},{\"mq\":\"Dr Pepper\",\"nm\":\"Boisson gazeuse Dr. Pepper\",\"nme\":\"Dr Pepper Soft Drink\",\"attr\":\"\u00C9cologique\",\"sku\":\"42631\",\"l2\":\"Boisson gazeuse\",\"sl\":\"boisson-gazeuse-dr.-pepper-dr-pepper-42631\",\"sn\":\"liqueur, breuvage, softdrink, soft drink\",\"idxP\":45},{\"mq\":\"San Pellegrino\",\"nm\":\"Boisson p\u00E9tillante Aranciata\",\"nme\":\"Sparkling soda Aranciata\",\"attr\":\"\",\"sku\":\"44515\",\"l2\":\"Eau\",\"sl\":\"boisson-petillante-aranciata-san-pellegrino-44515\",\"sn\":\"gaz\u00E9ifi\u00E9\",\"idxP\":100},{\"mq\":\"San Pellegrino\",\"nm\":\"Boisson p\u00E9tillante Pompelmo\",\"nme\":\"Sparkling soda Pompelmo\",\"attr\":\"\",\"sku\":\"14865\",\"l2\":\"Eau\",\"sl\":\"boisson-petillante-pompelmo-san-pellegrino-14865\",\"sn\":\"gaz\u00E9ifi\u00E9\",\"idxP\":100},{\"mq\":\"Tina\",\"nm\":\"Sirop d'orgeat saveur amande\",\"nme\":\"Orzata Almond Flavour Syrup\",\"attr\":\"\",\"sku\":\"17920\",\"l2\":\"Cristal et sirop\",\"sl\":\"sirop-dorgeat-saveur-amande-tina-17920\",\"sn\":\"amandes\",\"idxP\":22},{\"mq\":\"Malta cr\u00E9ole\",\"nm\":\"Soda de malte\",\"nme\":\"Malta Soft Drink\",\"attr\":\"\",\"sku\":\"49404\",\"l2\":\"Boisson gazeuse\",\"sl\":\"soda-de-malte-malta-creole-49404\",\"sn\":\"liqueur, breuvage, softdrink, soft drink\",\"idxP\":100},{\"mq\":\"Crush\",\"nm\":\"Soda cr\u00E8me\",\"nme\":\"Cream soda soft drink\",\"attr\":\"\",\"sku\":\"34931\",\"l2\":\"Boisson gazeuse\",\"sl\":\"soda-creme-crush-34931\",\"sn\":\"liqueur, breuvage, softdrink, soft drink\",\"idxP\":56},{\"mq\":\"Red bull\",\"nm\":\"Boisson \u00E9nergisante\",\"nme\":\"Energy Drink\",\"attr\":\"\",\"sku\":\"49013\",\"l2\":\"Boisson \u00E9nergisante\",\"sl\":\"boisson-energisante-red-bull-49013\",\"sn\":\"\",\"idxP\":100},{\"mq\":\"San Pellegrino\",\"nm\":\"Boisson p\u00E9tillante Limonata\",\"nme\":\"Sparkling soda Limonata\",\"attr\":\"\",\"sku\":\"39124\",\"l2\":\"Eau\",\"sl\":\"boisson-petillante-limonata-san-pellegrino-39124\",\"sn\":\"gaz\u00E9ifi\u00E9\",\"idxP\":100},{\"mq\":\"Marie Brizard\",\"nm\":\"Sirop de menthe\",\"nme\":\"Mint Syrup\",\"attr\":\"\",\"sku\":\"45621\",\"l2\":\"Cristal et sirop\",\"sl\":\"sirop-de-menthe-marie-brizard-45621\",\"sn\":\"\",\"idxP\":32},{\"mq\":\"Pure Leaf\",\"nm\":\"Th\u00E9 au citron\",\"nme\":\"Lemon Tea\",\"attr\":\"\u00C9cologique\",\"sku\":\"07693\",\"l2\":\"Jus et boisson\",\"sl\":\"the-au-citron-pure-leaf-07693\",\"sn\":\"citrons\",\"idxP\":19},{\"mq\":\"Pure Leaf\",\"nm\":\"Th\u00E9 vert glac\u00E9 avec miel\",\"nme\":\"Green Ice Tea with Honey\",\"attr\":\"\u00C9cologique\",\"sku\":\"07694\",\"l2\":\"Jus et boisson\",\"sl\":\"the-vert-glace-avec-miel-pure-leaf-07694\",\"sn\":\"\",\"idxP\":19},{\"mq\":\"Yoga\",\"nm\":\"Nectar de poires\",\"nme\":\"Pear Nectar\",\"attr\":\"\",\"sku\":\"31068\",\"l2\":\"Jus et boisson\",\"sl\":\"nectar-de-poires-yoga-31068\",\"sn\":\"poires\",\"idxP\":21},{\"mq\":\"Makaya\",\"nm\":\"Soda banane\",\"nme\":\"Banana Soda\",\"attr\":\"\",\"sku\":\"27293\",\"l2\":\"Boisson gazeuse\",\"sl\":\"soda-banane-makaya-27293\",\"sn\":\"ananas, liqueur, breuvage, softdrink, soft drink, bananes\",\"idxP\":100},{\"mq\":\"Angostura\",\"nm\":\"Amers aromatiques\",\"nme\":\"Aromatic bitters\",\"attr\":\"\",\"sku\":\"43862\",\"l2\":\"Cristal et sirop\",\"sl\":\"amers-aromatiques-angostura-43862\",\"sn\":\"\",\"idxP\":83},{\"mq\":\"Hortus\",\"nm\":\"Caf\u00E9 moulu filtre \u00E9quilibr\u00E9\",\"nme\":\"Balanced Ground Coffee 1 kg\",\"attr\":\"Produit local\",\"sku\":\"27566\",\"l2\":\"Caf\u00E9, th\u00E9 et chocolat\",\"sl\":\"cafe-moulu-filtre-equilibre-hortus-27566\",\"sn\":\"\",\"idxP\":54},{\"mq\":\"Hortus\",\"nm\":\"Caf\u00E9 moulu filtre cors\u00E9\",\"nme\":\"Espresso Strong Ground Coffee\",\"attr\":\"Produit local\",\"sku\":\"27567\",\"l2\":\"Caf\u00E9, th\u00E9 et chocolat\",\"sl\":\"cafe-moulu-filtre-corse-hortus-27567\",\"sn\":\"\",\"idxP\":32},{\"mq\":\"Hortus\",\"nm\":\"Caf\u00E9 moulu filtre cors\u00E9\",\"nme\":\"Espresso Strong Ground Coffee\",\"attr\":\"Produit local\",\"sku\":\"27569\",\"l2\":\"Caf\u00E9, th\u00E9 et chocolat\",\"sl\":\"cafe-moulu-filtre-corse-hortus-27569\",\"sn\":\"\",\"idxP\":28},{\"mq\":\"Hortus\",\"nm\":\"Caf\u00E9 moulu filtre velout\u00E9\",\"nme\":\"Espresso Balanced Ground Coffee\",\"attr\":\"Produit local\",\"sku\":\"27570\",\"l2\":\"Caf\u00E9, th\u00E9 et chocolat\",\"sl\":\"cafe-moulu-filtre-veloute-hortus-27570\",\"sn\":\"\",\"idxP\":27},{\"mq\":\"Hortus\",\"nm\":\"Caf\u00E9 moulu filtre velout\u00E9\",\"nme\":\"Espresso Balanced Ground Coffee\",\"attr\":\"Produit local\",\"sku\":\"27568\",\"l2\":\"Caf\u00E9, th\u00E9 et chocolat\",\"sl\":\"cafe-moulu-filtre-veloute-hortus-27568\",\"sn\":\"\",\"idxP\":36},{\"mq\":\"Hortus\",\"nm\":\"Caf\u00E9 grain espresso \u00E9quilibr\u00E9\",\"nme\":\"Balanced Espresso Coffee Beans\",\"attr\":\"Produit local\",\"sku\":\"27571\",\"l2\":\"Caf\u00E9, th\u00E9 et chocolat\",\"sl\":\"cafe-grain-espresso-equilibre-hortus-27571\",\"sn\":\"\",\"idxP\":54},{\"mq\":\"Clover Dale\",\"nm\":\"Lait \u00E9cr\u00E9m\u00E9 en poudre\",\"nme\":\"Skimmed milk powder\",\"attr\":\"\",\"sku\":\"23189\",\"l2\":\"Lait et boisson v\u00E9g\u00E9tale\",\"sl\":\"lait-ecreme-en-poudre-clover-dale-23189\",\"sn\":\"\",\"idxP\":45},{\"mq\":\"Bardinet\",\"nm\":\"Liquide \u00E0 cuisson vodka modifi\u00E9e\",\"nme\":\"Vodka cooking modified liquid\",\"attr\":\"\",\"sku\":\"34735\",\"l2\":\"Cristal et sirop\",\"sl\":\"liquide-a-cuisson-vodka-modifiee-bardinet-34735\",\"sn\":\"\",\"idxP\":20},{\"mq\":\"Bardinet\",\"nm\":\"Liquide \u00E0 cuisson rhum g\u00E9lifi\u00E9\",\"nme\":\"Rum gelified cooking modified liquid\",\"attr\":\"\",\"sku\":\"35784\",\"l2\":\"Cristal et sirop\",\"sl\":\"liquide-a-cuisson-rhum-gelifie-bardinet-35784\",\"sn\":\"\",\"idxP\":22},{\"mq\":\"Sun Med\",\"nm\":\"Assaisonnement au citron\",\"nme\":\"Lemon Juice\",\"attr\":\"\",\"sku\":\"12233\",\"l2\":\"Jus et boisson\",\"sl\":\"assaisonnement-au-citron-sun-med-12233\",\"sn\":\"citrons\",\"idxP\":88},{\"mq\":\"Verona\",\"nm\":\"Nectar poire\",\"nme\":\"Pear Nectar\",\"attr\":\"\",\"sku\":\"35402\",\"l2\":\"Jus et boisson\",\"sl\":\"nectar-poire-verona-35402\",\"sn\":\"poires\",\"idxP\":100},{\"mq\":\"Verona\",\"nm\":\"Nectar abricot\",\"nme\":\"Apricot Nectar\",\"attr\":\"\",\"sku\":\"35400\",\"l2\":\"Jus et boisson\",\"sl\":\"nectar-abricot-verona-35400\",\"sn\":\"\",\"idxP\":85},{\"mq\":\"Oasis\",\"nm\":\"Jus pomme\",\"nme\":\"Apple Juice\",\"attr\":\"\",\"sku\":\"46170\",\"l2\":\"Jus et boisson\",\"sl\":\"jus-pomme-oasis-46170\",\"sn\":\"apples, pommes\",\"idxP\":100},{\"mq\":\"Realemon\",\"nm\":\"Jus de citron\",\"nme\":\"Lemon Juice\",\"attr\":\"\",\"sku\":\"46560\",\"l2\":\"Jus et boisson\",\"sl\":\"jus-de-citron-realemon-46560\",\"sn\":\"citrons\",\"idxP\":98},{\"mq\":\"Verona\",\"nm\":\"Nectar peche\",\"nme\":\"Peach Nectar\",\"attr\":\"\",\"sku\":\"35401\",\"l2\":\"Jus et boisson\",\"sl\":\"nectar-peche-verona-35401\",\"sn\":\"\",\"idxP\":82},{\"mq\":\"Trombetta\",\"nm\":\"Capsules caf\u00E9 piu crema compatible Nespresso\",\"nme\":\"Nespresso compatible Creamy Coffee Caps\",\"attr\":\"\",\"sku\":\"37332\",\"l2\":\"Caf\u00E9, th\u00E9 et chocolat\",\"sl\":\"capsules-cafe-piu-crema-compatible-nespresso-trombetta-37332\",\"sn\":\"\",\"idxP\":36},{\"mq\":\"Trombetta\",\"nm\":\"Capsules de caf\u00E9 l'espresso pi\u00F9 crema\",\"nme\":\"L'espressio Pi\u00F9 Crema Coffee Capsules\",\"attr\":\"\",\"sku\":\"23682\",\"l2\":\"Caf\u00E9, th\u00E9 et chocolat\",\"sl\":\"capsules-de-cafe-lespresso-piu-crema-trombetta-23682\",\"sn\":\"\",\"idxP\":100},{\"mq\":\"Trombetta\",\"nm\":\"Capsules caf\u00E9 Cremoso compatible Nespresso\",\"nme\":\"Nespresso compatible Cremoso Coffee Caps\",\"attr\":\"\",\"sku\":\"38958\",\"l2\":\"Caf\u00E9, th\u00E9 et chocolat\",\"sl\":\"capsules-cafe-cremoso-compatible-nespresso-trombetta-38958\",\"sn\":\"\",\"idxP\":44},{\"mq\":\"Oasis\",\"nm\":\"Cocktail 10 l\u00E9gumes\",\"nme\":\"10 Vegetables Cocktail\",\"attr\":\"\",\"sku\":\"46175\",\"l2\":\"Jus et boisson\",\"sl\":\"cocktail-10-legumes-oasis-46175\",\"sn\":\"\",\"idxP\":38}], [{\"mq\":\"Bardinet\",\"nm\":\"Liquide \u00E0 cuisson marsala modifi\u00E9\",\"nme\":\"Marsala cooking modified liquid\",\"attr\":\"\",\"sku\":\"41470\",\"l2\":\"Cristal et sirop\",\"sl\":\"liquide-a-cuisson-marsala-modifie-bardinet-41470\",\"sn\":\"\",\"idxP\":25},{\"mq\":\"Trombetta\",\"nm\":\"Capsules caf\u00E9 d\u00E9caf\u00E9in\u00E9 compatible Nespresso\",\"nme\":\"Nespresso compatible decaffeinated coffee capsules\",\"attr\":\"\",\"sku\":\"37331\",\"l2\":\"Caf\u00E9, th\u00E9 et chocolat\",\"sl\":\"capsules-cafe-decafeine-compatible-nespresso-trombetta-37331\",\"sn\":\"\",\"idxP\":37},{\"mq\":\"Trombetta\",\"nm\":\"Capsules caf\u00E9 arabica compatible Nespresso\",\"nme\":\"Nespresso compatible Arabica Coffee Caps\",\"attr\":\"\",\"sku\":\"37335\",\"l2\":\"Caf\u00E9, th\u00E9 et chocolat\",\"sl\":\"capsules-cafe-arabica-compatible-nespresso-trombetta-37335\",\"sn\":\"\",\"idxP\":61},{\"mq\":\"Baker's\",\"nm\":\"Pr\u00E9paration pour chocolat chaud en sachet\",\"nme\":\"Hot chocolate mix single-use pocket\",\"attr\":\"\",\"sku\":\"36423\",\"l2\":\"Caf\u00E9, th\u00E9 et chocolat\",\"sl\":\"preparation-pour-chocolat-chaud-en-sachet-bakers-36423\",\"sn\":\"\",\"idxP\":44},{\"mq\":\"Bardinet\",\"nm\":\"Liquide \u00E0 cuisson brandy modifi\u00E9\",\"nme\":\"Brandy cooking modified liquid\",\"attr\":\"\",\"sku\":\"31210\",\"l2\":\"Cristal et sirop\",\"sl\":\"liquide-a-cuisson-brandy-modifie-bardinet-31210\",\"sn\":\"\",\"idxP\":41},{\"mq\":\"Maxwell House\",\"nm\":\"Caf\u00E9 instantan\u00E9 original\",\"nme\":\"Original Instant Coffee\",\"attr\":\"\",\"sku\":\"10771\",\"l2\":\"Caf\u00E9, th\u00E9 et chocolat\",\"sl\":\"cafe-instantane-original-maxwell-house-10771\",\"sn\":\"\",\"idxP\":68},{\"mq\":\"Snapple\",\"nm\":\"Th\u00E9 glac\u00E9 \u00E0 la p\u00EAche CA\",\"nme\":\"Peach Ice Tea\",\"attr\":\"\",\"sku\":\"26258\",\"l2\":\"Jus et boisson\",\"sl\":\"the-glace-a-la-peche-ca-snapple-26258\",\"sn\":\"\",\"idxP\":31},{\"mq\":\"Snapple\",\"nm\":\"Th\u00E9 glac\u00E9 \u00E0 la limonade CA\",\"nme\":\"Lemonade Ice Tea\",\"attr\":\"\",\"sku\":\"26261\",\"l2\":\"Jus et boisson\",\"sl\":\"the-glace-a-la-limonade-ca-snapple-26261\",\"sn\":\"\",\"idxP\":28},{\"mq\":\"Snapple\",\"nm\":\"Th\u00E9 glac\u00E9 \u00E0 la mangue CA\",\"nme\":\"Mango Ice Tea\",\"attr\":\"\",\"sku\":\"26260\",\"l2\":\"Jus et boisson\",\"sl\":\"the-glace-a-la-mangue-ca-snapple-26260\",\"sn\":\"mangues\",\"idxP\":29},{\"mq\":\"Snapple\",\"nm\":\"Th\u00E9 glac\u00E9 au citron CA\",\"nme\":\"Lemon Ice Tea\",\"attr\":\"\",\"sku\":\"26263\",\"l2\":\"Jus et boisson\",\"sl\":\"the-glace-au-citron-ca-snapple-26263\",\"sn\":\"citrons\",\"idxP\":27},{\"mq\":\"Lynch\",\"nm\":\"M\u00E9lange cappuccino vanille fran\u00E7aise\",\"nme\":\"Cappuccino French Vanilla Mix\",\"attr\":\"\",\"sku\":\"39170\",\"l2\":\"Caf\u00E9, th\u00E9 et chocolat\",\"sl\":\"melange-cappuccino-vanille-francaise-lynch-39170\",\"sn\":\"\",\"idxP\":53},{\"mq\":\"Lavazza\",\"nm\":\"Caf\u00E9 moulu cr\u00E8me\",\"nme\":\"Creamy Gusto Ground Coffee\",\"attr\":\"\",\"sku\":\"46868\",\"l2\":\"Caf\u00E9, th\u00E9 et chocolat\",\"sl\":\"cafe-moulu-creme-lavazza-46868\",\"sn\":\"\",\"idxP\":100},{\"mq\":\"Quick Lime\",\"nm\":\"Jus de citron vert press\u00E9\",\"nme\":\"Squeezed Lime Juice\",\"attr\":\"\",\"sku\":\"33059\",\"l2\":\"Jus et boisson\",\"sl\":\"jus-de-citron-vert-presse-quick-lime-33059\",\"sn\":\"citrons\",\"idxP\":65},{\"mq\":\"Quick Lemon\",\"nm\":\"Jus de citron press\u00E9\",\"nme\":\"Squeezed Lemon Juice\",\"attr\":\"\",\"sku\":\"33058\",\"l2\":\"Jus et boisson\",\"sl\":\"jus-de-citron-presse-quick-lemon-33058\",\"sn\":\"citrons\",\"idxP\":74},{\"mq\":\"El sol\",\"nm\":\"Boisson Malta El Sol\",\"nme\":\"Malta El Sol Drinks\",\"attr\":\"\",\"sku\":\"36461\",\"l2\":\"Boisson gazeuse\",\"sl\":\"boisson-malta-el-sol-el-sol-36461\",\"sn\":\"\",\"idxP\":51},{\"mq\":\"Dole\",\"nm\":\"Jus ananas\",\"nme\":\"Pineapple Juice\",\"attr\":\"\",\"sku\":\"36420\",\"l2\":\"Jus et boisson\",\"sl\":\"jus-ananas-dole-36420\",\"sn\":\"apples, ananas\",\"idxP\":27},{\"mq\":\"Rose's\",\"nm\":\"Jus de lime\",\"nme\":\"Lime Juice\",\"attr\":\"\",\"sku\":\"34163\",\"l2\":\"Jus et boisson\",\"sl\":\"jus-de-lime-roses-34163\",\"sn\":\"\",\"idxP\":81},{\"mq\":\"Verona\",\"nm\":\"Nectar de poire\",\"nme\":\"Pear Nectar\",\"attr\":\"\",\"sku\":\"30402\",\"l2\":\"Jus et boisson\",\"sl\":\"nectar-de-poire-verona-30402\",\"sn\":\"poires\",\"idxP\":100},{\"mq\":\"Quick Lemon\",\"nm\":\"Jus de citron press\u00E9\",\"nme\":\"Squeezed Lemon Juice\",\"attr\":\"\",\"sku\":\"25402\",\"l2\":\"Jus et boisson\",\"sl\":\"jus-de-citron-presse-quick-lemon-25402\",\"sn\":\"citrons\",\"idxP\":71},{\"mq\":\"Oasis\",\"nm\":\"Jus pomme raisin\",\"nme\":\"Apple Grape Juice\",\"attr\":\"\",\"sku\":\"16733\",\"l2\":\"Jus et boisson\",\"sl\":\"jus-pomme-raisin-oasis-16733\",\"sn\":\"apples, pommes, raisins\",\"idxP\":79},{\"mq\":\"Realemon\",\"nm\":\"Jus de citron concentr\u00E9\",\"nme\":\"Condensed Lemon Juice\",\"attr\":\"\",\"sku\":\"12992\",\"l2\":\"Jus et boisson\",\"sl\":\"jus-de-citron-concentre-realemon-12992\",\"sn\":\"citrons\",\"idxP\":98},{\"mq\":\"Univin\",\"nm\":\"Vin de cuisson rouge\",\"nme\":\"Red Cooking Wine\",\"attr\":\"\",\"sku\":\"25910\",\"l2\":\"Vin et bi\u00E8re\",\"sl\":\"vin-de-cuisson-rouge-univin-25910\",\"sn\":\"\",\"idxP\":30},{\"mq\":\"Univin\",\"nm\":\"Vin de cuisson blanc\",\"nme\":\"White cooking white\",\"attr\":\"\",\"sku\":\"25911\",\"l2\":\"Vin et bi\u00E8re\",\"sl\":\"vin-de-cuisson-blanc-univin-25911\",\"sn\":\"\",\"idxP\":46},{\"mq\":\"Bardinet\",\"nm\":\"Liquide \u00E0 cuisson porto modifi\u00E9\",\"nme\":\"Porto cooking modified liquid\",\"attr\":\"\",\"sku\":\"31211\",\"l2\":\"Cristal et sirop\",\"sl\":\"liquide-a-cuisson-porto-modifie-bardinet-31211\",\"sn\":\"\",\"idxP\":35},{\"mq\":\"Royal Malta\",\"nm\":\"Boisson au malt\",\"nme\":\"Malt Drink\",\"attr\":\"\",\"sku\":\"28216\",\"l2\":\"Boisson gazeuse\",\"sl\":\"boisson-au-malt-royal-malta-28216\",\"sn\":\"\",\"idxP\":73},{\"mq\":\"Lavazza\",\"nm\":\"Caf\u00E9 grain grand espresso\",\"nme\":\"Grand espresso coffee beans\",\"attr\":\"\",\"sku\":\"09513\",\"l2\":\"Caf\u00E9, th\u00E9 et chocolat\",\"sl\":\"cafe-grain-grand-espresso-lavazza-09513\",\"sn\":\"\",\"idxP\":61},{\"mq\":\"Oasis\",\"nm\":\"Jus pamplemousse ruby red\",\"nme\":\"Red Ruby Grapefruit Juice\",\"attr\":\"\",\"sku\":\"19877\",\"l2\":\"Jus et boisson\",\"sl\":\"jus-pamplemousse-ruby-red-oasis-19877\",\"sn\":\"\",\"idxP\":94},{\"mq\":\"Ocean Spray\",\"nm\":\"Cocktail canneberge\",\"nme\":\"Cranberry cocktail\",\"attr\":\"\",\"sku\":\"46513\",\"l2\":\"Jus et boisson\",\"sl\":\"cocktail-canneberge-ocean-spray-46513\",\"sn\":\"\",\"idxP\":79},{\"mq\":\"Fairlee\",\"nm\":\"Jus de pomme\",\"nme\":\"Apple Juice\",\"attr\":\"\",\"sku\":\"49946\",\"l2\":\"Jus et boisson\",\"sl\":\"jus-de-pomme-fairlee-49946\",\"sn\":\"apples, pommes\",\"idxP\":66},{\"mq\":\"Carnation\",\"nm\":\"Pr\u00E9paration pour chocolat chaud poudre sachet\",\"nme\":\"Hot chocolate mix single-use pocket\",\"attr\":\"\",\"sku\":\"28368\",\"l2\":\"Caf\u00E9, th\u00E9 et chocolat\",\"sl\":\"preparation-pour-chocolat-chaud-poudre-sachet-carnation-28368\",\"sn\":\"\",\"idxP\":66},{\"mq\":\"Nescaf\u00E9\",\"nm\":\"Caf\u00E9 instantan\u00E9 espresso dor\u00E9 fonc\u00E9\",\"nme\":\"Dark Gold Espresso Instant Coffee\",\"attr\":\"\",\"sku\":\"28381\",\"l2\":\"Caf\u00E9, th\u00E9 et chocolat\",\"sl\":\"cafe-instantane-espresso-dore-fonce-nescafe-28381\",\"sn\":\"\",\"idxP\":40},{\"mq\":\"Nescaf\u00E9\",\"nm\":\"Caf\u00E9 instantan\u00E9\",\"nme\":\"Instant Coffee\",\"attr\":\"\",\"sku\":\"12051\",\"l2\":\"Caf\u00E9, th\u00E9 et chocolat\",\"sl\":\"cafe-instantane-nescafe-12051\",\"sn\":\"\",\"idxP\":100},{\"mq\":\"Ocean Spray\",\"nm\":\"Cocktail canneberge\",\"nme\":\"Cranberry Cocktail\",\"attr\":\"\",\"sku\":\"16720\",\"l2\":\"Jus et boisson\",\"sl\":\"cocktail-canneberge-ocean-spray-16720\",\"sn\":\"\",\"idxP\":93},{\"mq\":\"Ocean Spray\",\"nm\":\"Jus 100% canneberge\",\"nme\":\"100% Cranberry Juice\",\"attr\":\"\",\"sku\":\"37452\",\"l2\":\"Jus et boisson\",\"sl\":\"jus-100-canneberge-ocean-spray-37452\",\"sn\":\"\",\"idxP\":44},{\"mq\":\"Ocean Spray\",\"nm\":\"Cocktail canneberge l\u00E9ger\",\"nme\":\"Light Cranberry Cocktail\",\"attr\":\"\",\"sku\":\"45796\",\"l2\":\"Jus et boisson\",\"sl\":\"cocktail-canneberge-leger-ocean-spray-45796\",\"sn\":\"\",\"idxP\":29},{\"mq\":\"Ocean Spray\",\"nm\":\"Cocktail canneberge\",\"nme\":\"Cranberry Cocktail\",\"attr\":\"\",\"sku\":\"48646\",\"l2\":\"Jus et boisson\",\"sl\":\"cocktail-canneberge-ocean-spray-48646\",\"sn\":\"\",\"idxP\":46},{\"mq\":\"Nescaf\u00E9\",\"nm\":\"Caf\u00E9 instantan\u00E9\",\"nme\":\"Instant Coffee\",\"attr\":\"\",\"sku\":\"48838\",\"l2\":\"Caf\u00E9, th\u00E9 et chocolat\",\"sl\":\"cafe-instantane-nescafe-48838\",\"sn\":\"\",\"idxP\":69},{\"mq\":\"Pure Leaf\",\"nm\":\"Th\u00E9 glac\u00E9 aux p\u00EAches\",\"nme\":\"Peach Ice Tea\",\"attr\":\"\u00C9cologique\",\"sku\":\"07695\",\"l2\":\"Jus et boisson\",\"sl\":\"the-glace-aux-peches-pure-leaf-07695\",\"sn\":\"\",\"idxP\":15},{\"mq\":\"Bulles de Nuit\",\"nm\":\"Vin mousseux ros\u00E9 6,9%\",\"nme\":\"Ros\u00E9 sparkling wine 6.9%\",\"attr\":\"\",\"sku\":\"29487\",\"l2\":\"Vin et bi\u00E8re\",\"sl\":\"vin-mousseux-rose-69-bulles-de-nuit-29487\",\"sn\":\"\",\"idxP\":58},{\"mq\":\"Bulles de Nuit\",\"nm\":\"Vin mousseux 6,9%\",\"nme\":\"Sparkling wine 6.9%\",\"attr\":\"\",\"sku\":\"29486\",\"l2\":\"Vin et bi\u00E8re\",\"sl\":\"vin-mousseux-69-bulles-de-nuit-29486\",\"sn\":\"\",\"idxP\":70},{\"mq\":\"Bulles de Nuit\",\"nm\":\"Vin mousseux orangia mimosa 6,9%\",\"nme\":\"Sparkling wine orangia mimosa 6.9%\",\"attr\":\"\",\"sku\":\"29488\",\"l2\":\"Vin et bi\u00E8re\",\"sl\":\"vin-mousseux-orangia-mimosa-69-bulles-de-nuit-29488\",\"sn\":\"\",\"idxP\":57},{\"mq\":\"Nature's Best\",\"nm\":\"Sirop simple\",\"nme\":\"Simple Syrup\",\"attr\":\"\",\"sku\":\"29392\",\"l2\":\"Jus et boisson\",\"sl\":\"sirop-simple-natures-best-29392\",\"sn\":\"\",\"idxP\":67},{\"mq\":\"Mott's\",\"nm\":\"Cocktail clamato original\",\"nme\":\"Original Clamato Cocktail\",\"attr\":\"\",\"sku\":\"23918\",\"l2\":\"Jus et boisson\",\"sl\":\"cocktail-clamato-original-motts-23918\",\"sn\":\"\",\"idxP\":100},{\"mq\":\"Trombetta\",\"nm\":\"Capsules de caf\u00E9 espresso cremoso\",\"nme\":\"Cremoso Espresso Coffee Capsules\",\"attr\":\"\",\"sku\":\"29634\",\"l2\":\"Caf\u00E9, th\u00E9 et chocolat\",\"sl\":\"capsules-de-cafe-espresso-cremoso-trombetta-29634\",\"sn\":\"\",\"idxP\":100},{\"mq\":\"Del Monte\",\"nm\":\"Nectar p\u00EAche\",\"nme\":\"Peach nectar\",\"attr\":\"\",\"sku\":\"22536\",\"l2\":\"Jus et boisson\",\"sl\":\"nectar-peche-del-monte-22536\",\"sn\":\"\",\"idxP\":80},{\"mq\":\"Del Monte\",\"nm\":\"Nectar ananas\",\"nme\":\"Pineapple nectar\",\"attr\":\"\",\"sku\":\"22538\",\"l2\":\"Jus et boisson\",\"sl\":\"nectar-ananas-del-monte-22538\",\"sn\":\"apples, ananas\",\"idxP\":58},{\"mq\":\"Del Monte\",\"nm\":\"Nectar goyave\",\"nme\":\"Guava nectar\",\"attr\":\"\",\"sku\":\"22539\",\"l2\":\"Jus et boisson\",\"sl\":\"nectar-goyave-del-monte-22539\",\"sn\":\"\",\"idxP\":83},{\"mq\":\"Gavioli\",\"nm\":\"Jus de raisin rouge p\u00E9tillant\",\"nme\":\"Sparkling Red Grape Juice\",\"attr\":\"\",\"sku\":\"23580\",\"l2\":\"Jus et boisson\",\"sl\":\"jus-de-raisin-rouge-petillant-gavioli-23580\",\"sn\":\"gaz\u00E9ifi\u00E9, raisins\",\"idxP\":36},{\"mq\":\"Gavioli\",\"nm\":\"Jus de raisin blanc p\u00E9tillant\",\"nme\":\"Sparkling White Grape Juice\",\"attr\":\"\",\"sku\":\"23582\",\"l2\":\"Jus et boisson\",\"sl\":\"jus-de-raisin-blanc-petillant-gavioli-23582\",\"sn\":\"gaz\u00E9ifi\u00E9, raisins\",\"idxP\":31},{\"mq\":\"Gavioli\",\"nm\":\"Jus de fruit d'\u00E9t\u00E9 p\u00E9tillant\",\"nme\":\"Sparkling Summer Fruit Juice\",\"attr\":\"\",\"sku\":\"23583\",\"l2\":\"Jus et boisson\",\"sl\":\"jus-de-fruit-dete-petillant-gavioli-23583\",\"sn\":\"gaz\u00E9ifi\u00E9\",\"idxP\":37},{\"mq\":\"Belsoy\",\"nm\":\"Pr\u00E9paration cr\u00E9meuse soya biologique\",\"nme\":\"Organic creamy soy preparation\",\"attr\":\"Sans gluten, Biologique\",\"sku\":\"36753\",\"l2\":\"Lait et boisson v\u00E9g\u00E9tale\",\"sl\":\"preparation-cremeuse-soya-biologique-belsoy-36753\",\"sn\":\"\",\"idxP\":100},{\"mq\":\"Gavioli\",\"nm\":\"Jus d'orange sanguine p\u00E9tillant\",\"nme\":\"Sparkling Orange Blood Juice\",\"attr\":\"\",\"sku\":\"23579\",\"l2\":\"Jus et boisson\",\"sl\":\"jus-dorange-sanguine-petillant-gavioli-23579\",\"sn\":\"gaz\u00E9ifi\u00E9\",\"idxP\":37},{\"mq\":\"Gavioli\",\"nm\":\"Jus de p\u00EAche p\u00E9tillant\",\"nme\":\"Sparkling Peach Juice\",\"attr\":\"\",\"sku\":\"23581\",\"l2\":\"Jus et boisson\",\"sl\":\"jus-de-peche-petillant-gavioli-23581\",\"sn\":\"gaz\u00E9ifi\u00E9\",\"idxP\":38},{\"mq\":\"Bubly\",\"nm\":\"Eau p\u00E9tillante fraise\",\"nme\":\"Strawberry sparkling water\",\"attr\":\"\",\"sku\":\"29663\",\"l2\":\"Eau\",\"sl\":\"eau-petillante-fraise-bubly-29663\",\"sn\":\"fraises, gaz\u00E9ifi\u00E9\",\"idxP\":14},{\"mq\":\"Bubly\",\"nm\":\"Eau p\u00E9tillante orange\",\"nme\":\"Orange sparkling water\",\"attr\":\"\",\"sku\":\"29664\",\"l2\":\"Eau\",\"sl\":\"eau-petillante-orange-bubly-29664\",\"sn\":\"gaz\u00E9ifi\u00E9\",\"idxP\":19},{\"mq\":\"Bubly\",\"nm\":\"Eau p\u00E9tillante pamplemousse\",\"nme\":\"Grapefruit sparkling water\",\"attr\":\"\",\"sku\":\"29666\",\"l2\":\"Eau\",\"sl\":\"eau-petillante-pamplemousse-bubly-29666\",\"sn\":\"gaz\u00E9ifi\u00E9\",\"idxP\":20},{\"mq\":\"Bubly\",\"nm\":\"Eau p\u00E9tillante lime\",\"nme\":\"Lime sparkling water\",\"attr\":\"\",\"sku\":\"29665\",\"l2\":\"Eau\",\"sl\":\"eau-petillante-lime-bubly-29665\",\"sn\":\"gaz\u00E9ifi\u00E9\",\"idxP\":47},{\"mq\":\"Earth's own\",\"nm\":\"Boisson avoine originale\",\"nme\":\"Original oat beverage\",\"attr\":\"Sans lactose\",\"sku\":\"30392\",\"l2\":\"Lait et boisson v\u00E9g\u00E9tale\",\"sl\":\"boisson-avoine-originale-earths-own-30392\",\"sn\":\"\",\"idxP\":89},{\"mq\":\"Earth's own\",\"nm\":\"Boisson avoine vanille\",\"nme\":\"Oat vanilla beverage\",\"attr\":\"Sans lactose\",\"sku\":\"30393\",\"l2\":\"Lait et boisson v\u00E9g\u00E9tale\",\"sl\":\"boisson-avoine-vanille-earths-own-30393\",\"sn\":\"\",\"idxP\":62},{\"mq\":\"Coffee Mate\",\"nm\":\"Colorant \u00E0 caf\u00E9\",\"nme\":\"Coffee whitener\",\"attr\":\"\",\"sku\":\"09804\",\"l2\":\"Caf\u00E9, th\u00E9 et chocolat\",\"sl\":\"colorant-a-cafe-coffee-mate-09804\",\"sn\":\"\",\"idxP\":100},{\"mq\":\"Perrier\",\"nm\":\"Eau de source p\u00E9tillante\",\"nme\":\"Sparkling spring water\",\"attr\":\"\",\"sku\":\"11036\",\"l2\":\"Eau\",\"sl\":\"eau-de-source-petillante-perrier-11036\",\"sn\":\"\",\"idxP\":66},{\"mq\":\"Verona\",\"nm\":\"Nectar \u00E0 l'abricot\",\"nme\":\"Apricot Nectar\",\"attr\":\"\",\"sku\":\"13958\",\"l2\":\"Jus et boisson\",\"sl\":\"nectar-a-labricot-verona-13958\",\"sn\":\"\",\"idxP\":88},{\"mq\":\"Earth's own\",\"nm\":\"Boisson avoine m\u00E9lange barista\",\"nme\":\"Barista blend oat beverage\",\"attr\":\"Sans lactose\",\"sku\":\"30394\",\"l2\":\"Lait et boisson v\u00E9g\u00E9tale\",\"sl\":\"boisson-avoine-melange-barista-earths-own-30394\",\"sn\":\"\",\"idxP\":100},{\"mq\":\"Verona\",\"nm\":\"Nectar de p\u00EAche\",\"nme\":\"Peach Nectar\",\"attr\":\"\",\"sku\":\"21296\",\"l2\":\"Jus et boisson\",\"sl\":\"nectar-de-peche-verona-21296\",\"sn\":\"\",\"idxP\":87},{\"mq\":\"Natur-a\",\"nm\":\"Boisson amande non sucr\u00E9e biologique\",\"nme\":\"Organic Unsweetened Almond Beverage\",\"attr\":\"Sans gluten, Biologique, Sans lactose, Produit local\",\"sku\":\"31832\",\"l2\":\"Lait et boisson v\u00E9g\u00E9tale\",\"sl\":\"boisson-amande-non-sucree-biologique-natur-a-31832\",\"sn\":\"biologique, amandes, bio, organic, organique\",\"idxP\":92},{\"mq\":\"Natur-a\",\"nm\":\"Boisson amande biologique\",\"nme\":\"Original Almond Beverage\",\"attr\":\"Sans gluten, Biologique, Sans lactose, Produit local\",\"sku\":\"31833\",\"l2\":\"Lait et boisson v\u00E9g\u00E9tale\",\"sl\":\"boisson-amande-biologique-natur-a-31833\",\"sn\":\"biologique, amandes, bio, organic, organique\",\"idxP\":87},{\"mq\":\"Natur-a\",\"nm\":\"Boisson riz biologique\",\"nme\":\"Organic Rice Beverage\",\"attr\":\"Sans gluten, Biologique, Sans lactose, Produit local\",\"sku\":\"31834\",\"l2\":\"Lait et boisson v\u00E9g\u00E9tale\",\"sl\":\"boisson-riz-biologique-natur-a-31834\",\"sn\":\"biologique, bio, organic, organique\",\"idxP\":75},{\"mq\":\"King Island\",\"nm\":\"Eau de noix de coco 100% pure\",\"nme\":\"100% pure coconut water\",\"attr\":\"\",\"sku\":\"31835\",\"l2\":\"Lait et boisson v\u00E9g\u00E9tale\",\"sl\":\"eau-de-noix-de-coco-100-pure-king-island-31835\",\"sn\":\"\",\"idxP\":58},{\"mq\":\"1642\",\"nm\":\"Bi\u00E8re de gingembre\",\"nme\":\"Ginger beer\",\"attr\":\"Aliment du Qu\u00E9bec, Produit local\",\"sku\":\"32175\",\"l2\":\"Boisson gazeuse\",\"sl\":\"biere-de-gingembre-1642-32175\",\"sn\":\"\",\"idxP\":48},{\"mq\":\"1642\",\"nm\":\"Boisson yuzu\",\"nme\":\"Yuzu drink\",\"attr\":\"Aliment du Qu\u00E9bec, Produit local\",\"sku\":\"32176\",\"l2\":\"Boisson gazeuse\",\"sl\":\"boisson-yuzu-1642-32176\",\"sn\":\"\",\"idxP\":47},{\"mq\":\"1642\",\"nm\":\"Tonic\",\"nme\":\"Tonic drink\",\"attr\":\"Aliment du Qu\u00E9bec, Produit local\",\"sku\":\"32177\",\"l2\":\"Boisson gazeuse\",\"sl\":\"tonic-1642-32177\",\"sn\":\"\",\"idxP\":51},{\"mq\":\"Mathieu Teisseire\",\"nm\":\"Sirop aux concombres\",\"nme\":\"Cucumber syrup\",\"attr\":\"\",\"sku\":\"32892\",\"l2\":\"Cristal et sirop\",\"sl\":\"sirop-aux-concombres-mathieu-teisseire-32892\",\"sn\":\"concombres\",\"idxP\":18},{\"mq\":\"Mathieu Teisseire\",\"nm\":\"Sirop aux fruits de la passion\",\"nme\":\"Passion fruits syrup\",\"attr\":\"\",\"sku\":\"32895\",\"l2\":\"Cristal et sirop\",\"sl\":\"sirop-aux-fruits-de-la-passion-mathieu-teisseire-32895\",\"sn\":\"\",\"idxP\":22},{\"mq\":\"Mathieu Teisseire\",\"nm\":\"Sirop fleur de sureau\",\"nme\":\"elderflower syrup\",\"attr\":\"\",\"sku\":\"32893\",\"l2\":\"Cristal et sirop\",\"sl\":\"sirop-fleur-de-sureau-mathieu-teisseire-32893\",\"sn\":\"\",\"idxP\":27},{\"mq\":\"Mathieu Teisseire\",\"nm\":\"Sirop d'Orgeat\",\"nme\":\"Orgeat syrup\",\"attr\":\"\",\"sku\":\"32896\",\"l2\":\"Cristal et sirop\",\"sl\":\"sirop-dorgeat-mathieu-teisseire-32896\",\"sn\":\"\",\"idxP\":27},{\"mq\":\"Mathieu Teisseire\",\"nm\":\"Sirop \u00E0 la framboise\",\"nme\":\"Raspberry syrup\",\"attr\":\"\",\"sku\":\"32902\",\"l2\":\"Cristal et sirop\",\"sl\":\"sirop-a-la-framboise-mathieu-teisseire-32902\",\"sn\":\"framboises\",\"idxP\":23},{\"mq\":\"Mathieu Teisseire\",\"nm\":\"Sirop aux canneberges\",\"nme\":\"Cranberry syrup\",\"attr\":\"\",\"sku\":\"32894\",\"l2\":\"Cristal et sirop\",\"sl\":\"sirop-aux-canneberges-mathieu-teisseire-32894\",\"sn\":\"\",\"idxP\":12},{\"mq\":\"Mathieu Teisseire\",\"nm\":\"Sirop mojito\",\"nme\":\"Mojito syrup\",\"attr\":\"\",\"sku\":\"32904\",\"l2\":\"Cristal et sirop\",\"sl\":\"sirop-mojito-mathieu-teisseire-32904\",\"sn\":\"\",\"idxP\":29},{\"mq\":\"Mathieu Teisseire\",\"nm\":\"Sirop au gingembre\",\"nme\":\"Ginger syrup\",\"attr\":\"\",\"sku\":\"32903\",\"l2\":\"Cristal et sirop\",\"sl\":\"sirop-au-gingembre-mathieu-teisseire-32903\",\"sn\":\"\",\"idxP\":18},{\"mq\":\"Mathieu Teisseire\",\"nm\":\"Sirop aux fraises\",\"nme\":\"Strawberry syrup\",\"attr\":\"\",\"sku\":\"32897\",\"l2\":\"Cristal et sirop\",\"sl\":\"sirop-aux-fraises-mathieu-teisseire-32897\",\"sn\":\"fraises\",\"idxP\":29},{\"mq\":\"Mathieu Teisseire\",\"nm\":\"Sirop \u00E0 la vanille\",\"nme\":\"Vanilla syrup\",\"attr\":\"\",\"sku\":\"32901\",\"l2\":\"Cristal et sirop\",\"sl\":\"sirop-a-la-vanille-mathieu-teisseire-32901\",\"sn\":\"\",\"idxP\":36},{\"mq\":\"Caffitaly\",\"nm\":\"Capsules caf\u00E9 Deciso Nespresso\",\"nme\":\"Deciso nespresso coffee caps\",\"attr\":\"\",\"sku\":\"32617\",\"l2\":\"Caf\u00E9, th\u00E9 et chocolat\",\"sl\":\"capsules-cafe-deciso-nespresso-caffitaly-32617\",\"sn\":\"\",\"idxP\":88},{\"mq\":\"Caffitaly\",\"nm\":\"Capsules caf\u00E9 Soave Nespresso\",\"nme\":\"Soave nespresso coffee caps\",\"attr\":\"\",\"sku\":\"32622\",\"l2\":\"Caf\u00E9, th\u00E9 et chocolat\",\"sl\":\"capsules-cafe-soave-nespresso-caffitaly-32622\",\"sn\":\"\",\"idxP\":82},{\"mq\":\"Mathieu Teisseire\",\"nm\":\"Sirop aux p\u00EAches\",\"nme\":\"Peach syrup\",\"attr\":\"\",\"sku\":\"32898\",\"l2\":\"Cristal et sirop\",\"sl\":\"sirop-aux-peches-mathieu-teisseire-32898\",\"sn\":\"\",\"idxP\":36},{\"mq\":\"Mathieu Teisseire\",\"nm\":\"Sirop au caramel\",\"nme\":\"Caramel syrup\",\"attr\":\"\",\"sku\":\"32900\",\"l2\":\"Cristal et sirop\",\"sl\":\"sirop-au-caramel-mathieu-teisseire-32900\",\"sn\":\"\",\"idxP\":22},{\"mq\":\"Bubly\",\"nm\":\"Eau p\u00E9tillante m\u00FBre\",\"nme\":\"Blackberry sparkling water\",\"attr\":\"\",\"sku\":\"31994\",\"l2\":\"Eau\",\"sl\":\"eau-petillante-mure-bubly-31994\",\"sn\":\"gaz\u00E9ifi\u00E9\",\"idxP\":21},{\"mq\":\"Bubly\",\"nm\":\"Eau p\u00E9tillante cerise\",\"nme\":\"Cherry sparkling water\",\"attr\":\"\",\"sku\":\"31998\",\"l2\":\"Eau\",\"sl\":\"eau-petillante-cerise-bubly-31998\",\"sn\":\"gaz\u00E9ifi\u00E9\",\"idxP\":17},{\"mq\":\"Montellier\",\"nm\":\"Eau min\u00E9rale gaz\u00E9ifi\u00E9e \u00E0 la lime\",\"nme\":\"Carbonated mineral lime water\",\"attr\":\"Produit local\",\"sku\":\"33677\",\"l2\":\"Eau\",\"sl\":\"eau-minerale-gazeifiee-a-la-lime-montellier-33677\",\"sn\":\"\",\"idxP\":66},{\"mq\":\"Montellier\",\"nm\":\"Eau min\u00E9rale gaz\u00E9ifi\u00E9e\",\"nme\":\"Carbonated mineral water\",\"attr\":\"Produit local\",\"sku\":\"33684\",\"l2\":\"Eau\",\"sl\":\"eau-minerale-gazeifiee-montellier-33684\",\"sn\":\"\",\"idxP\":100},{\"mq\":\"Oat-Ly\",\"nm\":\"Boisson avoine barista\",\"nme\":\"Barista Oat Beverage\",\"attr\":\"Sans lactose\",\"sku\":\"33818\",\"l2\":\"Lait et boisson v\u00E9g\u00E9tale\",\"sl\":\"boisson-avoine-barista-oat-ly-33818\",\"sn\":\"\",\"idxP\":100},{\"mq\":\"Montellier\",\"nm\":\"Eau min\u00E9rale gaz\u00E9ifi\u00E9e au citron\",\"nme\":\"Carbonated mineral lemon water\",\"attr\":\"Produit local\",\"sku\":\"33678\",\"l2\":\"Eau\",\"sl\":\"eau-minerale-gazeifiee-au-citron-montellier-33678\",\"sn\":\"citrons\",\"idxP\":77},{\"mq\":\"Spalanzani\",\"nm\":\"Caf\u00E9 grain moyen espresso gran crema\",\"nme\":\"Gran crema medium espresso coffee bean\",\"attr\":\"\",\"sku\":\"34217\",\"l2\":\"Caf\u00E9, th\u00E9 et chocolat\",\"sl\":\"cafe-grain-moyen-espresso-gran-crema-spalanzani-34217\",\"sn\":\"\",\"idxP\":75},{\"mq\":\"Lavazza\",\"nm\":\"Caf\u00E9 grain espresso qualit\u00E9 or\",\"nme\":\"Gold quality espresso coffee beans\",\"attr\":\"\",\"sku\":\"28234\",\"l2\":\"Caf\u00E9, th\u00E9 et chocolat\",\"sl\":\"cafe-grain-espresso-qualite-or-lavazza-28234\",\"sn\":\"\",\"idxP\":56},{\"mq\":\"Bubly\",\"nm\":\"Eau p\u00E9tillante ananas\",\"nme\":\"Pineapple sparkling water\",\"attr\":\"\",\"sku\":\"35238\",\"l2\":\"Eau\",\"sl\":\"eau-petillante-ananas-bubly-35238\",\"sn\":\"apples, ananas, gaz\u00E9ifi\u00E9\",\"idxP\":21},{\"mq\":\"Bubly\",\"nm\":\"Eau p\u00E9tillante p\u00EAche\",\"nme\":\"Peach sparkling water\",\"attr\":\"\",\"sku\":\"35237\",\"l2\":\"Eau\",\"sl\":\"eau-petillante-peche-bubly-35237\",\"sn\":\"gaz\u00E9ifi\u00E9\",\"idxP\":21},{\"mq\":\"1642\",\"nm\":\"Tonic l\u00E9ger\",\"nme\":\"Light tonic water\",\"attr\":\"Aliment du Qu\u00E9bec, Produit local\",\"sku\":\"35247\",\"l2\":\"Boisson gazeuse\",\"sl\":\"tonic-leger-1642-35247\",\"sn\":\"\",\"idxP\":38},{\"mq\":\"Mott's\",\"nm\":\"Cocktail l\u00E9gumes\",\"nme\":\"Vegetable juice\",\"attr\":\"Sans gluten\",\"sku\":\"29865\",\"l2\":\"Jus et boisson\",\"sl\":\"cocktail-legumes-motts-29865\",\"sn\":\"\",\"idxP\":64},{\"mq\":\"Brisk\",\"nm\":\"Th\u00E9 glac\u00E9 citron\",\"nme\":\"Lemon iced tea\",\"attr\":\"\",\"sku\":\"35014\",\"l2\":\"Jus et boisson\",\"sl\":\"the-glace-citron-brisk-35014\",\"sn\":\"citrons\",\"idxP\":20},{\"mq\":\"La Courtisane\",\"nm\":\"Tisane citron\",\"nme\":\"Lemon herbal tea\",\"attr\":\"Sans gluten, Produit local\",\"sku\":\"13155\",\"l2\":\"Caf\u00E9, th\u00E9 et chocolat\",\"sl\":\"tisane-citron-la-courtisane-13155\",\"sn\":\"citrons\",\"idxP\":26},{\"mq\":\"Four O'Clock\",\"nm\":\"Th\u00E9 d\u00E9jeuner anglais\",\"nme\":\"English breakfast tea\",\"attr\":\"Sans gluten, Biologique, Produit local\",\"sku\":\"25042\",\"l2\":\"Caf\u00E9, th\u00E9 et chocolat\",\"sl\":\"the-dejeuner-anglais-four-oclock-25042\",\"sn\":\"biologique, bio, organic, organique\",\"idxP\":15},{\"mq\":\"Four O'Clock\",\"nm\":\"Th\u00E9 noir earl grey\",\"nme\":\"Earl grey black tea\",\"attr\":\"Sans gluten, Biologique\",\"sku\":\"25041\",\"l2\":\"Caf\u00E9, th\u00E9 et chocolat\",\"sl\":\"the-noir-earl-grey-four-oclock-25041\",\"sn\":\"biologique, bio, organic, organique\",\"idxP\":24},{\"mq\":\"Four O'Clock\",\"nm\":\"Th\u00E9 vert classique biologique \u00E9quitable\",\"nme\":\"Organic fairtrade classic green tea\",\"attr\":\"Sans gluten, Biologique\",\"sku\":\"45255\",\"l2\":\"Caf\u00E9, th\u00E9 et chocolat\",\"sl\":\"the-vert-classique-biologique-equitable-four-oclock-45255\",\"sn\":\"biologique, bio, organic, organique\",\"idxP\":27},{\"mq\":\"Fever Tree\",\"nm\":\"Eau tonique concombre\",\"nme\":\"Cucumber tonic water\",\"attr\":\"\",\"sku\":\"35042\",\"l2\":\"Boisson gazeuse\",\"sl\":\"eau-tonique-concombre-fever-tree-35042\",\"sn\":\"concombres\",\"idxP\":65},{\"mq\":\"La Courtisane\",\"nm\":\"Tisane menthe givr\u00E9e\",\"nme\":\"Refreshing mint herbal tea\",\"attr\":\"Produit local\",\"sku\":\"24213\",\"l2\":\"Caf\u00E9, th\u00E9 et chocolat\",\"sl\":\"tisane-menthe-givree-la-courtisane-24213\",\"sn\":\"\",\"idxP\":31},{\"mq\":\"Fever Tree\",\"nm\":\"Bi\u00E8re de gingembre\",\"nme\":\"Ginger beer\",\"attr\":\"\",\"sku\":\"35097\",\"l2\":\"Boisson gazeuse\",\"sl\":\"biere-de-gingembre-fever-tree-35097\",\"sn\":\"\",\"idxP\":89},{\"mq\":\"Fever Tree\",\"nm\":\"Eau tonique indienne\",\"nme\":\"Indian tonic water\",\"attr\":\"\",\"sku\":\"35040\",\"l2\":\"Boisson gazeuse\",\"sl\":\"eau-tonique-indienne-fever-tree-35040\",\"sn\":\"\",\"idxP\":74},{\"mq\":\"Fever Tree\",\"nm\":\"Eau tonique l\u00E9g\u00E8re\",\"nme\":\"Light tonic water\",\"attr\":\"\",\"sku\":\"35051\",\"l2\":\"Boisson gazeuse\",\"sl\":\"eau-tonique-legere-fever-tree-35051\",\"sn\":\"\",\"idxP\":91},{\"mq\":\"Mathieu Teisseire\",\"nm\":\"Teisseire sirop citron\",\"nme\":\"Lemon syrup Teisseire\",\"attr\":\"\",\"sku\":\"35443\",\"l2\":\"Cristal et sirop\",\"sl\":\"teisseire-sirop-citron-mathieu-teisseire-35443\",\"sn\":\"transparent, citrons\",\"idxP\":17},{\"mq\":\"Marie Brizard\",\"nm\":\"Sirop de sucre de canne blanc\",\"nme\":\"White cane sugar syrup\",\"attr\":\"\",\"sku\":\"35570\",\"l2\":\"Cristal et sirop\",\"sl\":\"sirop-de-sucre-de-canne-blanc-marie-brizard-35570\",\"sn\":\"\",\"idxP\":41},{\"mq\":\"Marie Brizard\",\"nm\":\"Sirop de past\u00E8que\",\"nme\":\"Watermelon syrup\",\"attr\":\"\",\"sku\":\"35571\",\"l2\":\"Cristal et sirop\",\"sl\":\"sirop-de-pasteque-marie-brizard-35571\",\"sn\":\"\",\"idxP\":18},{\"mq\":\"Fever Tree\",\"nm\":\"Eau tonique m\u00E9diterran\u00E9enne\",\"nme\":\"Mediterranean tonic water\",\"attr\":\"\",\"sku\":\"35111\",\"l2\":\"Boisson gazeuse\",\"sl\":\"eau-tonique-mediterraneenne-fever-tree-35111\",\"sn\":\"\",\"idxP\":86},{\"mq\":\"Fever Tree\",\"nm\":\"Eau tonique fleur de sureau\",\"nme\":\"Elderflower tonic water\",\"attr\":\"\",\"sku\":\"35105\",\"l2\":\"Boisson gazeuse\",\"sl\":\"eau-tonique-fleur-de-sureau-fever-tree-35105\",\"sn\":\"\",\"idxP\":74},{\"mq\":\"Marie Brizard\",\"nm\":\"Sirop de citron\",\"nme\":\"Lemon Syrup\",\"attr\":\"\",\"sku\":\"35568\",\"l2\":\"Cristal et sirop\",\"sl\":\"sirop-de-citron-marie-brizard-35568\",\"sn\":\"citrons\",\"idxP\":18},{\"mq\":\"Marie Brizard\",\"nm\":\"Sirop de passion\",\"nme\":\"Passion syrup\",\"attr\":\"\",\"sku\":\"35572\",\"l2\":\"Cristal et sirop\",\"sl\":\"sirop-de-passion-marie-brizard-35572\",\"sn\":\"\",\"idxP\":36},{\"mq\":\"La Courtisane\",\"nm\":\"Tisane camomille\",\"nme\":\"Chamomille herbal tea\",\"attr\":\"Produit local\",\"sku\":\"24215\",\"l2\":\"Caf\u00E9, th\u00E9 et chocolat\",\"sl\":\"tisane-camomille-la-courtisane-24215\",\"sn\":\"\",\"idxP\":30},{\"mq\":\"Marie Brizard\",\"nm\":\"Sirop de caramel\",\"nme\":\"Caramel syrup\",\"attr\":\"\",\"sku\":\"35598\",\"l2\":\"Cristal et sirop\",\"sl\":\"sirop-de-caramel-marie-brizard-35598\",\"sn\":\"\",\"idxP\":20},{\"mq\":\"Marie Brizard\",\"nm\":\"Sirop de curacao bleu\",\"nme\":\"Blue curacao syrup\",\"attr\":\"\",\"sku\":\"35592\",\"l2\":\"Cristal et sirop\",\"sl\":\"sirop-de-curacao-bleu-marie-brizard-35592\",\"sn\":\"\",\"idxP\":28},{\"mq\":\"Marie Brizard\",\"nm\":\"Sirop de pamplousse rose\",\"nme\":\"Pink grapefruit syrup\",\"attr\":\"\",\"sku\":\"35587\",\"l2\":\"Cristal et sirop\",\"sl\":\"sirop-de-pamplousse-rose-marie-brizard-35587\",\"sn\":\"\",\"idxP\":16},{\"mq\":\"Marie Brizard\",\"nm\":\"Sirop de noix de coco\",\"nme\":\"Coconut syrup\",\"attr\":\"\",\"sku\":\"35590\",\"l2\":\"Cristal et sirop\",\"sl\":\"sirop-de-noix-de-coco-marie-brizard-35590\",\"sn\":\"\",\"idxP\":28},{\"mq\":\"La Courtisane\",\"nm\":\"Tisane poire gingembre\",\"nme\":\"Herbal tea ginger pear\",\"attr\":\"Produit local\",\"sku\":\"45254\",\"l2\":\"Caf\u00E9, th\u00E9 et chocolat\",\"sl\":\"tisane-poire-gingembre-la-courtisane-45254\",\"sn\":\"poires\",\"idxP\":26},{\"mq\":\"Marie Brizard\",\"nm\":\"Sirop d'orgeat\",\"nme\":\"Orgeat syrup\",\"attr\":\"\",\"sku\":\"35597\",\"l2\":\"Cristal et sirop\",\"sl\":\"sirop-dorgeat-marie-brizard-35597\",\"sn\":\"\",\"idxP\":38},{\"mq\":\"Oasis\",\"nm\":\"Jus orange pur d\u00E9jeuner\",\"nme\":\"Pure Breakfast Orange Juice\",\"attr\":\"\",\"sku\":\"12813\",\"l2\":\"Jus et boisson\",\"sl\":\"jus-orange-pur-dejeuner-oasis-12813\",\"sn\":\"\",\"idxP\":100},{\"mq\":\"Pepito\",\"nm\":\"Sangria original\",\"nme\":\"Original Sangria\",\"attr\":\"\",\"sku\":\"36608\",\"l2\":\"Vin et bi\u00E8re\",\"sl\":\"sangria-original-pepito-36608\",\"sn\":\"\",\"idxP\":56},{\"mq\":\"Pepito\",\"nm\":\"Sangria rosada\",\"nme\":\"Rosada Sangria\",\"attr\":\"\",\"sku\":\"36609\",\"l2\":\"Vin et bi\u00E8re\",\"sl\":\"sangria-rosada-pepito-36609\",\"sn\":\"\",\"idxP\":52},{\"mq\":\"Crush\",\"nm\":\"Soda saveurs assorties\",\"nme\":\"Soft drink assorted flavours\",\"attr\":\"\",\"sku\":\"36349\",\"l2\":\"Boisson gazeuse\",\"sl\":\"soda-saveurs-assorties-crush-36349\",\"sn\":\"liqueur, breuvage, softdrink, soft drink\",\"idxP\":69},{\"mq\":\"Agga\",\"nm\":\"Caf\u00E9 espresso en grain Tesoro-di-crema\",\"nme\":\"Coffee bean blend Tesoro-di-crema\",\"attr\":\"Produit local\",\"sku\":\"30489\",\"l2\":\"Caf\u00E9, th\u00E9 et chocolat\",\"sl\":\"cafe-espresso-en-grain-tesoro-di-crema-agga-30489\",\"sn\":\"\",\"idxP\":53},{\"mq\":\"Bitburger\",\"nm\":\"Bi\u00E8re Bitburger 0% sans alcool\",\"nme\":\"No alcohol Bitburger Beer 0%\",\"attr\":\"\",\"sku\":\"30955\",\"l2\":\"Vin et bi\u00E8re\",\"sl\":\"biere-bitburger-0-sans-alcool-bitburger-30955\",\"sn\":\"\",\"idxP\":32},{\"mq\":\"Birra Fanelli\",\"nm\":\"Bi\u00E8re blonde 4,9%\",\"nme\":\"Blonde beer 4.9%\",\"attr\":\"Produit local\",\"sku\":\"34418\",\"l2\":\"Vin et bi\u00E8re\",\"sl\":\"biere-blonde-49-birra-fanelli-34418\",\"sn\":\"\",\"idxP\":5},{\"mq\":\"Tremblay\",\"nm\":\"Bi\u00E8re Tremblay 4.9%\",\"nme\":\"Tremblay beer 4.9%\",\"attr\":\"\",\"sku\":\"30926\",\"l2\":\"Vin et bi\u00E8re\",\"sl\":\"biere-tremblay-4.9-tremblay-30926\",\"sn\":\"\",\"idxP\":12},{\"mq\":\"Belle Gueule\",\"nm\":\"Coffret bi\u00E8res quatuor\",\"nme\":\"Quator beer box\",\"attr\":\"Produit local\",\"sku\":\"30942\",\"l2\":\"Vin et bi\u00E8re\",\"sl\":\"coffret-bieres-quatuor-belle-gueule-30942\",\"sn\":\"\",\"idxP\":14},{\"mq\":\"Birra Fanelli\",\"nm\":\"Bi\u00E8re style italienne pale ale IPA 4,5%\",\"nme\":\"IPA italian style pale ale beer 4.5%\",\"attr\":\"Produit local\",\"sku\":\"34419\",\"l2\":\"Vin et bi\u00E8re\",\"sl\":\"biere-style-italienne-pale-ale-ipa-45-birra-fanelli-34419\",\"sn\":\"\",\"idxP\":10},{\"mq\":\"Birra Fanelli\",\"nm\":\"Bi\u00E8re blanche citron 4,5%\",\"nme\":\"Lemon white beer 4.5%\",\"attr\":\"Produit local\",\"sku\":\"34430\",\"l2\":\"Vin et bi\u00E8re\",\"sl\":\"biere-blanche-citron-45-birra-fanelli-34430\",\"sn\":\"citrons\",\"idxP\":10},{\"mq\":\"Natur-a\",\"nm\":\"Boisson soya chocolat biologique\",\"nme\":\"Organic Chocolate Soy Beverage\",\"attr\":\"Sans gluten, Biologique, Sans lactose, Produit local\",\"sku\":\"38467\",\"l2\":\"Lait et boisson v\u00E9g\u00E9tale\",\"sl\":\"boisson-soya-chocolat-biologique-natur-a-38467\",\"sn\":\"biologique, bio, organic, organique\",\"idxP\":84},{\"mq\":\"K\u00F6nig\",\"nm\":\"Bi\u00E8re pilsner 4,9%\",\"nme\":\"Pilsner beer 4.9%\",\"attr\":\"\",\"sku\":\"30957\",\"l2\":\"Vin et bi\u00E8re\",\"sl\":\"biere-pilsner-49-konig-30957\",\"sn\":\"\",\"idxP\":29},{\"mq\":\"Shawbridge\",\"nm\":\"Bi\u00E8re Saint-Sau\",\"nme\":\"Saint-Sau Beer\",\"attr\":\"Produit local\",\"sku\":\"36316\",\"l2\":\"Vin et bi\u00E8re\",\"sl\":\"biere-saint-sau-shawbridge-36316\",\"sn\":\"\",\"idxP\":18},{\"mq\":\"Birra Fanelli\",\"nm\":\"Bi\u00E8re am\u00E8re 4,8%\",\"nme\":\"Bitter beer 4.8%\",\"attr\":\"Produit local\",\"sku\":\"34432\",\"l2\":\"Vin et bi\u00E8re\",\"sl\":\"biere-amere-48-birra-fanelli-34432\",\"sn\":\"\",\"idxP\":7},{\"mq\":\"Shawbridge\",\"nm\":\"Bi\u00E8re IPA 117\",\"nme\":\"IPA 117 Beer\",\"attr\":\"Produit local\",\"sku\":\"36311\",\"l2\":\"Vin et bi\u00E8re\",\"sl\":\"biere-ipa-117-shawbridge-36311\",\"sn\":\"\",\"idxP\":29},{\"mq\":\"Natur-a\",\"nm\":\"Boisson soya vanille biologique\",\"nme\":\"Organic Vanilla Soy Beverage\",\"attr\":\"Sans gluten, Biologique, Sans lactose, Produit local\",\"sku\":\"38590\",\"l2\":\"Lait et boisson v\u00E9g\u00E9tale\",\"sl\":\"boisson-soya-vanille-biologique-natur-a-38590\",\"sn\":\"biologique, bio, organic, organique\",\"idxP\":85},{\"mq\":\"Bitburger\",\"nm\":\"Bi\u00E8re Bitburger 4.8%\",\"nme\":\"Bitburger beer 4.8%\",\"attr\":\"\",\"sku\":\"30954\",\"l2\":\"Vin et bi\u00E8re\",\"sl\":\"biere-bitburger-4.8-bitburger-30954\",\"sn\":\"\",\"idxP\":54},{\"mq\":\"Birra Fanelli\",\"nm\":\"Bi\u00E8re rousse ale 4,9%\",\"nme\":\"Red ale beer 4.9%\",\"attr\":\"Produit local\",\"sku\":\"34434\",\"l2\":\"Vin et bi\u00E8re\",\"sl\":\"biere-rousse-ale-49-birra-fanelli-34434\",\"sn\":\"\",\"idxP\":13},{\"mq\":\"St-Ambroise\",\"nm\":\"Bi\u00E8re St-Ambroise caisse mixte\",\"nme\":\"Mix case of St-Ambroise beer\",\"attr\":\"\",\"sku\":\"30943\",\"l2\":\"Vin et bi\u00E8re\",\"sl\":\"biere-st-ambroise-caisse-mixte-st-ambroise-30943\",\"sn\":\"\",\"idxP\":11},{\"mq\":\"Shawbridge\",\"nm\":\"Bi\u00E8re rivi\u00E8re du nord\",\"nme\":\"North River Beer\",\"attr\":\"Produit local\",\"sku\":\"36313\",\"l2\":\"Vin et bi\u00E8re\",\"sl\":\"biere-riviere-du-nord-shawbridge-36313\",\"sn\":\"\",\"idxP\":19},{\"mq\":\"Moosehead\",\"nm\":\"Bi\u00E8re Moosehead lager 5% en canette\",\"nme\":\"Moosehead lager beer 5% can\",\"attr\":\"\",\"sku\":\"31034\",\"l2\":\"Vin et bi\u00E8re\",\"sl\":\"biere-moosehead-lager-5-en-canette-moosehead-31034\",\"sn\":\"\",\"idxP\":18},{\"mq\":\"Br\u00FBleries Faro\",\"nm\":\"Caf\u00E9 grain espresso italien \u00E9quilibr\u00E9\",\"nme\":\"Espresso italian medium coffee beans\",\"attr\":\"Produit local\",\"sku\":\"40237\",\"l2\":\"Caf\u00E9, th\u00E9 et chocolat\",\"sl\":\"cafe-grain-espresso-italien-equilibre-bruleries-faro-40237\",\"sn\":\"\",\"idxP\":44},{\"mq\":\"Angostura\",\"nm\":\"Amers cacao\",\"nme\":\"Cocoa bitters\",\"attr\":\"\",\"sku\":\"40249\",\"l2\":\"Cristal et sirop\",\"sl\":\"amers-cacao-angostura-40249\",\"sn\":\"\",\"idxP\":24},{\"mq\":\"Br\u00FBleries Faro\",\"nm\":\"Caf\u00E9 filtre m\u00E9lange maison \u00E9quilibr\u00E9\",\"nme\":\"House blend medium filter coffee\",\"attr\":\"Produit local\",\"sku\":\"40243\",\"l2\":\"Caf\u00E9, th\u00E9 et chocolat\",\"sl\":\"cafe-filtre-melange-maison-equilibre-bruleries-faro-40243\",\"sn\":\"\",\"idxP\":18},{\"mq\":\"Gatorade\",\"nm\":\"Boisson sportive fruits sauvages z\u00E9ro calorie\",\"nme\":\"Zero calorie wiild fruits sport drink\",\"attr\":\"\",\"sku\":\"40277\",\"l2\":\"Boisson \u00E9nergisante\",\"sl\":\"boisson-sportive-fruits-sauvages-zero-calorie-gatorade-40277\",\"sn\":\"\",\"idxP\":36},{\"mq\":\"Shawbridge\",\"nm\":\"Bi\u00E8re blanche au jasmin\",\"nme\":\"White Jasmine Beer\",\"attr\":\"Produit local\",\"sku\":\"36312\",\"l2\":\"Vin et bi\u00E8re\",\"sl\":\"biere-blanche-au-jasmin-shawbridge-36312\",\"sn\":\"\",\"idxP\":19},{\"mq\":\"Br\u00FBleries Faro\",\"nm\":\"Caf\u00E9 grain m\u00E9lange du matin doux\",\"nme\":\"Morning blend mellow coffee beans\",\"attr\":\"Produit local\",\"sku\":\"40240\",\"l2\":\"Caf\u00E9, th\u00E9 et chocolat\",\"sl\":\"cafe-grain-melange-du-matin-doux-bruleries-faro-40240\",\"sn\":\"\",\"idxP\":29},{\"mq\":\"Br\u00FBleries Faro\",\"nm\":\"Caf\u00E9 grain espresso fort\",\"nme\":\"Strong espresso coffee beans\",\"attr\":\"Produit local\",\"sku\":\"40245\",\"l2\":\"Caf\u00E9, th\u00E9 et chocolat\",\"sl\":\"cafe-grain-espresso-fort-bruleries-faro-40245\",\"sn\":\"\",\"idxP\":24},{\"mq\":\"Gatorade\",\"nm\":\"Boisson sportive orange z\u00E9ro calorie\",\"nme\":\"Zero calorie orange energy drink\",\"attr\":\"\",\"sku\":\"40273\",\"l2\":\"Boisson \u00E9nergisante\",\"sl\":\"boisson-sportive-orange-zero-calorie-gatorade-40273\",\"sn\":\"\",\"idxP\":41},{\"mq\":\"Br\u00FBleries Faro\",\"nm\":\"Caf\u00E9 grain sumatra mandheling cors\u00E9\",\"nme\":\"Sumatra mandheling dark coffee beans\",\"attr\":\"Produit local\",\"sku\":\"40236\",\"l2\":\"Caf\u00E9, th\u00E9 et chocolat\",\"sl\":\"cafe-grain-sumatra-mandheling-corse-bruleries-faro-40236\",\"sn\":\"\",\"idxP\":29},{\"mq\":\"Shawbridge\",\"nm\":\"Bi\u00E8re quatuor bon vivant\",\"nme\":\"Quatuor Bon Vivant Beer\",\"attr\":\"Produit local\",\"sku\":\"36314\",\"l2\":\"Vin et bi\u00E8re\",\"sl\":\"biere-quatuor-bon-vivant-shawbridge-36314\",\"sn\":\"\",\"idxP\":18},{\"mq\":\"Moosehead\",\"nm\":\"Bi\u00E8re Moosehead cracked canoe 3.5% en canette\",\"nme\":\"Moosehead 3.5% Cracked Canoe Beer Can\",\"attr\":\"\",\"sku\":\"40281\",\"l2\":\"Vin et bi\u00E8re\",\"sl\":\"biere-moosehead-cracked-canoe-3.5-en-canette-moosehead-40281\",\"sn\":\"\",\"idxP\":20},{\"mq\":\"Br\u00FBleries Faro\",\"nm\":\"Caf\u00E9 filtre colombien supremo cors\u00E9\",\"nme\":\"Colombian supremo dark filter coffee\",\"attr\":\"Produit local\",\"sku\":\"40244\",\"l2\":\"Caf\u00E9, th\u00E9 et chocolat\",\"sl\":\"cafe-filtre-colombien-supremo-corse-bruleries-faro-40244\",\"sn\":\"\",\"idxP\":22},{\"mq\":\"Gatorade\",\"nm\":\"Boisson sportive fraicheur glacier z\u00E9ro calorie\",\"nme\":\"Zero calorie iceberg freeze energy drink\",\"attr\":\"\",\"sku\":\"40274\",\"l2\":\"Boisson \u00E9nergisante\",\"sl\":\"boisson-sportive-fraicheur-glacier-zero-calorie-gatorade-40274\",\"sn\":\"\",\"idxP\":36},{\"mq\":\"Moosehead\",\"nm\":\"Bi\u00E8re Moosehead lager 5% en canette\",\"nme\":\"Moosehead 5% Lager Beer Can\",\"attr\":\"\",\"sku\":\"40280\",\"l2\":\"Vin et bi\u00E8re\",\"sl\":\"biere-moosehead-lager-5-en-canette-moosehead-40280\",\"sn\":\"\",\"idxP\":47},{\"mq\":\"Shape\",\"nm\":\"Eau p\u00E9tillante alcoolis\u00E9e assorties\",\"nme\":\"Hard seltzer mix\",\"attr\":\"\",\"sku\":\"40346\",\"l2\":\"Vin et bi\u00E8re\",\"sl\":\"eau-petillante-alcoolisee-assorties-shape-40346\",\"sn\":\"gaz\u00E9ifi\u00E9\",\"idxP\":7},{\"mq\":\"Fever Tree\",\"nm\":\"Eau tonique pamplemousse rose p\u00E9tillante\",\"nme\":\"Pink grapefruit sparkling tonic water\",\"attr\":\"\",\"sku\":\"40410\",\"l2\":\"Boisson gazeuse\",\"sl\":\"eau-tonique-pamplemousse-rose-petillante-fever-tree-40410\",\"sn\":\"\",\"idxP\":28},{\"mq\":\"White Claw\",\"nm\":\"Boisson de malt alcoolis\u00E9e p\u00E9tillante assorties\",\"nme\":\"Sparkling hard seltzer mix\",\"attr\":\"\",\"sku\":\"36319\",\"l2\":\"Vin et bi\u00E8re\",\"sl\":\"boisson-de-malt-alcoolisee-petillante-assorties-white-claw-36319\",\"sn\":\"gaz\u00E9ifi\u00E9\",\"idxP\":37},{\"mq\":\"Caf\u00E9 William\",\"nm\":\"Caf\u00E9 en grain Corposo bio\",\"nme\":\"Corposo fto coffee beans\",\"attr\":\"Biologique\",\"sku\":\"40554\",\"l2\":\"Caf\u00E9, th\u00E9 et chocolat\",\"sl\":\"cafe-en-grain-corposo-bio-william-spartivento-40554\",\"sn\":\"biologique, bio, organic, organique\",\"idxP\":22},{\"mq\":\"Caf\u00E9 William\",\"nm\":\"Caf\u00E9 en grain d\u00E9caf\u00E9in\u00E9 bio\",\"nme\":\"Decaf fto coffee beans\",\"attr\":\"Biologique, Produit local\",\"sku\":\"40553\",\"l2\":\"Caf\u00E9, th\u00E9 et chocolat\",\"sl\":\"cafe-en-grain-decafeine-bio-william-spartivento-40553\",\"sn\":\"biologique, bio, organic, organique\",\"idxP\":47},{\"mq\":\"Caf\u00E9 William\",\"nm\":\"Caf\u00E9 moulu Italiano bio\",\"nme\":\"Italiano fto ground coffee\",\"attr\":\"Biologique, Produit local\",\"sku\":\"40560\",\"l2\":\"Caf\u00E9, th\u00E9 et chocolat\",\"sl\":\"cafe-moulu-italiano-bio-william-spartivento-40560\",\"sn\":\"biologique, bio, organic, organique\",\"idxP\":19},{\"mq\":\"Caf\u00E9 William\",\"nm\":\"Caf\u00E9 moulu D\u00E9caf\u00E9in\u00E9 bio\",\"nme\":\"Decaf fto ground coffee\",\"attr\":\"Biologique, Produit local\",\"sku\":\"40571\",\"l2\":\"Caf\u00E9, th\u00E9 et chocolat\",\"sl\":\"cafe-moulu-decafeine-bio-william-spartivento-40571\",\"sn\":\"biologique, bio, organic, organique\",\"idxP\":20},{\"mq\":\"Caf\u00E9 William\",\"nm\":\"Caf\u00E9 moulu Corposo bio\",\"nme\":\"Corposo fto ground coffee\",\"attr\":\"Biologique, Produit local\",\"sku\":\"40569\",\"l2\":\"Caf\u00E9, th\u00E9 et chocolat\",\"sl\":\"cafe-moulu-corposo-bio-william-spartivento-40569\",\"sn\":\"biologique, bio, organic, organique\",\"idxP\":19},{\"mq\":\"Caf\u00E9 William\",\"nm\":\"Caf\u00E9 en grain La Crema bio\",\"nme\":\"La Crema fto coffee beans\",\"attr\":\"Biologique, Produit local\",\"sku\":\"40555\",\"l2\":\"Caf\u00E9, th\u00E9 et chocolat\",\"sl\":\"cafe-en-grain-la-crema-bio-william-spartivento-40555\",\"sn\":\"biologique, bio, organic, organique\",\"idxP\":30},{\"mq\":\"Trombetta\",\"nm\":\"Capsules de caf\u00E9 d\u00E9caf\u00E9in\u00E9\",\"nme\":\"Decaffenated Coffee Caps\",\"attr\":\"\",\"sku\":\"40573\",\"l2\":\"Caf\u00E9, th\u00E9 et chocolat\",\"sl\":\"capsules-de-cafe-decafeine-trombetta-40573\",\"sn\":\"\",\"idxP\":45},{\"mq\":\"Krombacher\",\"nm\":\"Bi\u00E8re pilsner 4,8%\",\"nme\":\"Pilsner beer 4.8%\",\"attr\":\"\",\"sku\":\"32652\",\"l2\":\"Vin et bi\u00E8re\",\"sl\":\"biere-pilsner-48-krombacher-32652\",\"sn\":\"\",\"idxP\":35},{\"mq\":\"Caf\u00E9 William\",\"nm\":\"Caf\u00E9 en grain Italiano bio\",\"nme\":\"Italiano fto coffee beans\",\"attr\":\"Biologique, Produit local\",\"sku\":\"40551\",\"l2\":\"Caf\u00E9, th\u00E9 et chocolat\",\"sl\":\"cafe-en-grain-italiano-bio-william-spartivento-40551\",\"sn\":\"biologique, bio, organic, organique\",\"idxP\":35},{\"mq\":\"Caf\u00E9 William\",\"nm\":\"Caf\u00E9 en grain Colombien bio\",\"nme\":\"Columbian fto coffee beans\",\"attr\":\"Biologique, Produit local\",\"sku\":\"40552\",\"l2\":\"Caf\u00E9, th\u00E9 et chocolat\",\"sl\":\"cafe-en-grain-colombien-bio-william-spartivento-40552\",\"sn\":\"biologique, bio, organic, organique\",\"idxP\":24},{\"mq\":\"Caf\u00E9 William\",\"nm\":\"Caf\u00E9 moulu Colombien bio\",\"nme\":\"Colombian fto ground coffee\",\"attr\":\"Biologique, Produit local\",\"sku\":\"40567\",\"l2\":\"Caf\u00E9, th\u00E9 et chocolat\",\"sl\":\"cafe-moulu-colombien-bio-william-spartivento-40567\",\"sn\":\"biologique, bio, organic, organique\",\"idxP\":20},{\"mq\":\"Krombacher\",\"nm\":\"Bi\u00E8re weizen 5,3%\",\"nme\":\"Weizen beer 5.3%\",\"attr\":\"\",\"sku\":\"32659\",\"l2\":\"Vin et bi\u00E8re\",\"sl\":\"biere-weizen-53-krombacher-32659\",\"sn\":\"\",\"idxP\":24},{\"mq\":\"Caf\u00E9 William\",\"nm\":\"Caf\u00E9 moulu La Crema bio\",\"nme\":\"La Crema fto ground coffee\",\"attr\":\"Biologique, Produit local\",\"sku\":\"40572\",\"l2\":\"Caf\u00E9, th\u00E9 et chocolat\",\"sl\":\"cafe-moulu-la-crema-bio-william-spartivento-40572\",\"sn\":\"biologique, bio, organic, organique\",\"idxP\":19},{\"mq\":\"Smirnoff\",\"nm\":\"Boisson malt encore original\",\"nme\":\"Original malt drink encore\",\"attr\":\"\",\"sku\":\"36300\",\"l2\":\"Vin et bi\u00E8re\",\"sl\":\"boisson-malt-encore-original-smirnoff-36300\",\"sn\":\"\",\"idxP\":9},{\"mq\":\"The Great Gentleman\",\"nm\":\"Soda piquant gingembre\",\"nme\":\"Spicy Ginger Beer\",\"attr\":\"\",\"sku\":\"40681\",\"l2\":\"Boisson gazeuse\",\"sl\":\"soda-piquant-gingembre-the-great-gentleman-40681\",\"sn\":\"liqueur, breuvage, softdrink, soft drink\",\"idxP\":100},{\"mq\":\"Smirnoff\",\"nm\":\"Boisson malt encore saveur de baies\",\"nme\":\"Berry blast malt drink encore\",\"attr\":\"\",\"sku\":\"36366\",\"l2\":\"Vin et bi\u00E8re\",\"sl\":\"boisson-malt-encore-saveur-de-baies-smirnoff-36366\",\"sn\":\"\",\"idxP\":8},{\"mq\":\"The Great Gentleman\",\"nm\":\"Soda tonic\",\"nme\":\"Tonic water\",\"attr\":\"\",\"sku\":\"40682\",\"l2\":\"Boisson gazeuse\",\"sl\":\"soda-tonic-the-great-gentleman-40682\",\"sn\":\"liqueur, breuvage, softdrink, soft drink\",\"idxP\":46},{\"mq\":\"The Great Gentleman\",\"nm\":\"Soda melon d'eau hibiscus\",\"nme\":\"Watermelon hibiscus soda\",\"attr\":\"\",\"sku\":\"40685\",\"l2\":\"Boisson gazeuse\",\"sl\":\"soda-melon-deau-hibiscus-the-great-gentleman-40685\",\"sn\":\"liqueur, breuvage, softdrink, soft drink\",\"idxP\":52},{\"mq\":\"Agga\",\"nm\":\"Caf\u00E9 grain espresso Novello\",\"nme\":\"Espresso Novello coffee beans\",\"attr\":\"Produit local\",\"sku\":\"40903\",\"l2\":\"Caf\u00E9, th\u00E9 et chocolat\",\"sl\":\"cafe-grain-espresso-novello-agga-40903\",\"sn\":\"\",\"idxP\":31},{\"mq\":\"Coke\",\"nm\":\"Soda Coca-Cola z\u00E9ro\",\"nme\":\"Zero Coca-Cola soft drink\",\"attr\":\"\",\"sku\":\"17709\",\"l2\":\"Boisson gazeuse\",\"sl\":\"soda-coca-cola-zero-coke-17709\",\"sn\":\"liqueur, breuvage, softdrink, soft drink\",\"idxP\":100},{\"mq\":\"Dole\",\"nm\":\"Cocktail ananas fruit de la passion mangue\",\"nme\":\"Mango passion fruit pineapple cocktail\",\"attr\":\"\",\"sku\":\"25141\",\"l2\":\"Jus et boisson\",\"sl\":\"cocktail-ananas-fruit-de-la-passion-mangue-dole-25141\",\"sn\":\"apples, ananas, mangues\",\"idxP\":55},{\"mq\":\"Dole\",\"nm\":\"Jus orange\",\"nme\":\"Orange juice\",\"attr\":\"\",\"sku\":\"25935\",\"l2\":\"Jus et boisson\",\"sl\":\"jus-orange-dole-25935\",\"sn\":\"\",\"idxP\":33},{\"mq\":\"Dole\",\"nm\":\"Cocktail fraise kiwi\",\"nme\":\"Strawberry kiwi cocktail\",\"attr\":\"\",\"sku\":\"26014\",\"l2\":\"Jus et boisson\",\"sl\":\"cocktail-fraise-kiwi-dole-26014\",\"sn\":\"fraises\",\"idxP\":53},{\"mq\":\"Dole\",\"nm\":\"Jus pomme\",\"nme\":\"Apple juice\",\"attr\":\"\",\"sku\":\"25929\",\"l2\":\"Jus et boisson\",\"sl\":\"jus-pomme-dole-25929\",\"sn\":\"apples, pommes\",\"idxP\":36},{\"mq\":\"Allen's\",\"nm\":\"Cocktail punch aux fruits\",\"nme\":\"Fruit punch cocktail\",\"attr\":\"\",\"sku\":\"00245\",\"l2\":\"Jus et boisson\",\"sl\":\"cocktail-punch-aux-fruits-allens-00245\",\"sn\":\"\",\"idxP\":45},{\"mq\":\"Oasis\",\"nm\":\"Jus pomme raisin\",\"nme\":\"Apple Grape Juice\",\"attr\":\"\",\"sku\":\"46171\",\"l2\":\"Jus et boisson\",\"sl\":\"jus-pomme-raisin-oasis-46171\",\"sn\":\"apples, pommes, raisins\",\"idxP\":83},{\"mq\":\"Eska\",\"nm\":\"Eau de source gaz\u00E9ifi\u00E9e en plastique\",\"nme\":\"Carbonated Spring Water\",\"attr\":\"Produit local\",\"sku\":\"00340\",\"l2\":\"Eau\",\"sl\":\"eau-de-source-gazeifiee-en-plastique-eska-00340\",\"sn\":\"\",\"idxP\":68},{\"mq\":\"Natur-a\",\"nm\":\"Boisson avoine non sucr\u00E9e biologique\",\"nme\":\"Organic Original Oat Beverage\",\"attr\":\"Sans gluten, Biologique, Sans lactose, Produit local\",\"sku\":\"01125\",\"l2\":\"Lait et boisson v\u00E9g\u00E9tale\",\"sl\":\"boisson-avoine-non-sucree-biologique-natur-a-01125\",\"sn\":\"biologique, bio, organic, organique\",\"idxP\":92},{\"mq\":\"Agga\",\"nm\":\"Capsules \u00E0 caf\u00E9 intenso compatibles Nespresso\",\"nme\":\"Nespresso Compatibles Intenso Coffee Capsules\",\"attr\":\"Produit local\",\"sku\":\"01200\",\"l2\":\"Caf\u00E9, th\u00E9 et chocolat\",\"sl\":\"capsules-a-cafe-intenso-compatibles-nespresso-agga-01200\",\"sn\":\"\",\"idxP\":100},{\"mq\":\"Naya\",\"nm\":\"Eau de source naturelle\",\"nme\":\"Spring Water\",\"attr\":\"Aliment du Qu\u00E9bec, Produit local\",\"sku\":\"01239\",\"l2\":\"Eau\",\"sl\":\"eau-de-source-naturelle-naya-01239\",\"sn\":\"\",\"idxP\":37},{\"mq\":\"Naya\",\"nm\":\"Eau de source naturelle\",\"nme\":\"Spring Water\",\"attr\":\"Aliment du Qu\u00E9bec, Produit local\",\"sku\":\"01240\",\"l2\":\"Eau\",\"sl\":\"eau-de-source-naturelle-naya-01240\",\"sn\":\"\",\"idxP\":100},{\"mq\":\"Allen's\",\"nm\":\"Cocktail raisin\",\"nme\":\"Grape cocktail\",\"attr\":\"\",\"sku\":\"01339\",\"l2\":\"Jus et boisson\",\"sl\":\"cocktail-raisin-allens-01339\",\"sn\":\"raisins\",\"idxP\":14},{\"mq\":\"Allen's\",\"nm\":\"Limonade citron\",\"nme\":\"Lemonade\",\"attr\":\"\",\"sku\":\"01338\",\"l2\":\"Jus et boisson\",\"sl\":\"limonade-citron-allens-01338\",\"sn\":\"citrons\",\"idxP\":15},{\"mq\":\"Allen's\",\"nm\":\"Cocktail punch aux fruits\",\"nme\":\"Fruit punch cocktail\",\"attr\":\"\",\"sku\":\"01341\",\"l2\":\"Jus et boisson\",\"sl\":\"cocktail-punch-aux-fruits-allens-01341\",\"sn\":\"\",\"idxP\":20},{\"mq\":\"Allen's\",\"nm\":\"Cocktail p\u00EAche\",\"nme\":\"Peach cocktail\",\"attr\":\"\",\"sku\":\"01340\",\"l2\":\"Jus et boisson\",\"sl\":\"cocktail-peche-allens-01340\",\"sn\":\"\",\"idxP\":22},{\"mq\":\"PERONI\",\"nm\":\"Bi\u00E8re Peroni bouteille\",\"nme\":\"Peroni beer\",\"attr\":\"\",\"sku\":\"30951\",\"l2\":\"Vin et bi\u00E8re\",\"sl\":\"biere-peroni-bouteille-peroni-30951\",\"sn\":\"\",\"idxP\":23},{\"mq\":\"Belle Gueule\",\"nm\":\"Bi\u00E8re originale 5,2% canette\",\"nme\":\"Original beer 5.2% can\",\"attr\":\"Produit local\",\"sku\":\"34249\",\"l2\":\"Vin et bi\u00E8re\",\"sl\":\"biere-originale-52-canette-belle-gueule-34249\",\"sn\":\"\",\"idxP\":18},{\"mq\":\"Twisted Tea\",\"nm\":\"Boisson de malt alcoolis\u00E9e emballage assorti\",\"nme\":\"Alcoholic Malt Drink Party Pack\",\"attr\":\"\",\"sku\":\"40246\",\"l2\":\"Vin et bi\u00E8re\",\"sl\":\"boisson-de-malt-alcoolisee-emballage-assorti-twisted-tea-40246\",\"sn\":\"\",\"idxP\":10},{\"mq\":\"Twisted Tea\",\"nm\":\"Boisson de malt alcoolis\u00E9e originale\",\"nme\":\"Original Alcoholic Malt Drink\",\"attr\":\"\",\"sku\":\"40248\",\"l2\":\"Vin et bi\u00E8re\",\"sl\":\"boisson-de-malt-alcoolisee-originale-twisted-tea-40248\",\"sn\":\"\",\"idxP\":7},{\"mq\":\"Belle Gueule\",\"nm\":\"Bi\u00E8re pilsner 5,2% canette\",\"nme\":\"Pilsner beer 5.2% can\",\"attr\":\"Produit local\",\"sku\":\"40425\",\"l2\":\"Vin et bi\u00E8re\",\"sl\":\"biere-pilsner-52-canette-belle-gueule-40425\",\"sn\":\"\",\"idxP\":8},{\"mq\":\"St-Ambroise\",\"nm\":\"Bi\u00E8re St-Ambroise ipa 5% canette\",\"nme\":\"St-Ambroise ipa beer 5% can\",\"attr\":\"\",\"sku\":\"34254\",\"l2\":\"Vin et bi\u00E8re\",\"sl\":\"biere-st-ambroise-ipa-5-canette-st-ambroise-34254\",\"sn\":\"\",\"idxP\":11},{\"mq\":\"Belle Gueule\",\"nm\":\"Bi\u00E8re blonde 4,2 % canette\",\"nme\":\"Blonde Beer 4.2% can\",\"attr\":\"Produit local\",\"sku\":\"40421\",\"l2\":\"Vin et bi\u00E8re\",\"sl\":\"biere-blonde-42-canette-belle-gueule-40421\",\"sn\":\"\",\"idxP\":4},{\"mq\":\"Belle Gueule\",\"nm\":\"Bi\u00E8re houblon IPL 6.2% canette\",\"nme\":\"IPL hop beer 6.2% can\",\"attr\":\"Produit local\",\"sku\":\"40422\",\"l2\":\"Vin et bi\u00E8re\",\"sl\":\"biere-houblon-ipl-6.2-canette-belle-gueule-40422\",\"sn\":\"\",\"idxP\":7},{\"mq\":\"PERONI\",\"nm\":\"Bi\u00E8re Peroni en canettes\",\"nme\":\"Peroni beer can\",\"attr\":\"\",\"sku\":\"30683\",\"l2\":\"Vin et bi\u00E8re\",\"sl\":\"biere-peroni-en-canettes-peroni-30683\",\"sn\":\"\",\"idxP\":28},{\"mq\":\"Belle Gueule\",\"nm\":\"Bi\u00E8re pilsner 5,2% canette\",\"nme\":\"Pilsner beer 5.2% can\",\"attr\":\"Produit local\",\"sku\":\"34248\",\"l2\":\"Vin et bi\u00E8re\",\"sl\":\"biere-pilsner-52-canette-belle-gueule-34248\",\"sn\":\"\",\"idxP\":12},{\"mq\":\"Belle Gueule\",\"nm\":\"Bi\u00E8re rousse lager 5,2% canette\",\"nme\":\"Lager red beer 5.2% can\",\"attr\":\"Produit local\",\"sku\":\"40426\",\"l2\":\"Vin et bi\u00E8re\",\"sl\":\"biere-rousse-lager-52-canette-belle-gueule-40426\",\"sn\":\"\",\"idxP\":20},{\"mq\":\"Belle Gueule\",\"nm\":\"Bi\u00E8re rousse lager 5,2% canette\",\"nme\":\"Lager red beer 5.2% can\",\"attr\":\"Produit local\",\"sku\":\"34247\",\"l2\":\"Vin et bi\u00E8re\",\"sl\":\"biere-rousse-lager-52-canette-belle-gueule-34247\",\"sn\":\"\",\"idxP\":14},{\"mq\":\"Belle Gueule\",\"nm\":\"Bi\u00E8re originale 5,2% canette\",\"nme\":\"Original beer 5.2% can\",\"attr\":\"Produit local\",\"sku\":\"40423\",\"l2\":\"Vin et bi\u00E8re\",\"sl\":\"biere-originale-52-canette-belle-gueule-40423\",\"sn\":\"\",\"idxP\":7},{\"mq\":\"Natur-a\",\"nm\":\"Boisson soya non sucr\u00E9e biologique\",\"nme\":\"Organic Unsweetened Soy Beverage\",\"attr\":\"Sans gluten, Biologique, Sans lactose, Produit local\",\"sku\":\"29868\",\"l2\":\"Lait et boisson v\u00E9g\u00E9tale\",\"sl\":\"boisson-soya-non-sucree-biologique-natur-a-29868\",\"sn\":\"biologique, bio, organic, organique\",\"idxP\":97},{\"mq\":\"Fairlee\",\"nm\":\"Cocktail canneberge\",\"nme\":\"Cranberry cocktail\",\"attr\":\"\",\"sku\":\"49920\",\"l2\":\"Jus et boisson\",\"sl\":\"cocktail-canneberge-fairlee-49920\",\"sn\":\"\",\"idxP\":54},{\"mq\":\"Fairlee\",\"nm\":\"Jus de raisin\",\"nme\":\"Grape Juice\",\"attr\":\"\",\"sku\":\"49924\",\"l2\":\"Jus et boisson\",\"sl\":\"jus-de-raisin-fairlee-49924\",\"sn\":\"raisins\",\"idxP\":95},{\"mq\":\"Canada Dry\",\"nm\":\"Soda club\",\"nme\":\"Soda club soft drink\",\"attr\":\"\",\"sku\":\"42524\",\"l2\":\"Boisson gazeuse\",\"sl\":\"soda-club-canada-dry-42524\",\"sn\":\"liqueur, breuvage, softdrink, soft drink\",\"idxP\":69},{\"mq\":\"V-8\",\"nm\":\"Cocktail aux l\u00E9gumes\",\"nme\":\"Vegetable Cocktail\",\"attr\":\"\",\"sku\":\"17280\",\"l2\":\"Jus et boisson\",\"sl\":\"cocktail-aux-legumes-v-8-17280\",\"sn\":\"\",\"idxP\":57},{\"mq\":\"Tim Horton\",\"nm\":\"Caf\u00E9 k-Cup Colombien\",\"nme\":\"Colombien K-Cup Coffee\",\"attr\":\"\",\"sku\":\"15344\",\"l2\":\"Caf\u00E9, th\u00E9 et chocolat\",\"sl\":\"cafe-k-cup-colombien-tim-horton-15344\",\"sn\":\"\",\"idxP\":46},{\"mq\":\"Eska\",\"nm\":\"Eau de source naturelle\",\"nme\":\"Natural Spring Water\",\"attr\":\"\",\"sku\":\"02077\",\"l2\":\"Eau\",\"sl\":\"eau-de-source-naturelle-eska-02077\",\"sn\":\"\",\"idxP\":100},{\"mq\":\"Four O'Clock\",\"nm\":\"Tisane chai \u00E9rable pacane biologique \u00E9quitable\",\"nme\":\"Organic fairtrade chai maple pecan herbal tea\",\"attr\":\"Sans gluten, Biologique\",\"sku\":\"02185\",\"l2\":\"Caf\u00E9, th\u00E9 et chocolat\",\"sl\":\"tisane-chai-erable-pacane-biologique-equitable-four-oclock-02185\",\"sn\":\"biologique, bio, organic, organique\",\"idxP\":15},{\"mq\":\"Four O'Clock\",\"nm\":\"Th\u00E9 blanc chocolat blanc noix coco bio \u00E9quitable\",\"nme\":\"Orga. fairtrade white chocolate coconut white tea\",\"attr\":\"Sans gluten, Biologique\",\"sku\":\"02190\",\"l2\":\"Caf\u00E9, th\u00E9 et chocolat\",\"sl\":\"the-blanc-chocolat-blanc-noix-coco-bio-equitable-four-oclock-02190\",\"sn\":\"biologique, bio, organic, organique\",\"idxP\":7},{\"mq\":\"Brasserie Farnham\",\"nm\":\"Ensemble cadeau bi\u00E8res Ale et Lager\",\"nme\":\"Ale & lager beer gift box\",\"attr\":\"\",\"sku\":\"02216\",\"l2\":\"Vin et bi\u00E8re\",\"sl\":\"ensemble-cadeau-bieres-ale-et-lager-brasserie-farnham-02216\",\"sn\":\"\",\"idxP\":19},{\"mq\":\"Sober carpenter\",\"nm\":\"Bi\u00E8re blanche sans alcool\",\"nme\":\"White beer non alcoholic\",\"attr\":\"\",\"sku\":\"02388\",\"l2\":\"Vin et bi\u00E8re\",\"sl\":\"biere-blanche-sans-alcool-sober-carpenter-02388\",\"sn\":\"\",\"idxP\":12},{\"mq\":\"Sober carpenter\",\"nm\":\"Bi\u00E8re blonde sans alcool\",\"nme\":\"Blond beer non alcoholic\",\"attr\":\"\",\"sku\":\"02392\",\"l2\":\"Vin et bi\u00E8re\",\"sl\":\"biere-blonde-sans-alcool-sober-carpenter-02392\",\"sn\":\"\",\"idxP\":20},{\"mq\":\"Four O'Clock\",\"nm\":\"Th\u00E9 vert gingembre noix de coco biologique \u00E9quitab\",\"nme\":\"Organic fairtrade ginger coconut green tea\",\"attr\":\"Sans gluten, Biologique\",\"sku\":\"00866\",\"l2\":\"Caf\u00E9, th\u00E9 et chocolat\",\"sl\":\"the-vert-gingembre-noix-de-coco-biologique-equitab-four-oclock-00866\",\"sn\":\"biologique, bio, organic, organique\",\"idxP\":30},{\"mq\":\"Sober carpenter\",\"nm\":\"Bi\u00E8re rousse sans alcool\",\"nme\":\"Red beer non alcoholic\",\"attr\":\"\",\"sku\":\"02387\",\"l2\":\"Vin et bi\u00E8re\",\"sl\":\"biere-rousse-sans-alcool-sober-carpenter-02387\",\"sn\":\"\",\"idxP\":15},{\"mq\":\"Four O'Clock\",\"nm\":\"Th\u00E9 espresso cha\u00EF biologique \u00E9quitable\",\"nme\":\"Organic fairtrade chai espresso tea\",\"attr\":\"Sans gluten, Biologique\",\"sku\":\"34506\",\"l2\":\"Caf\u00E9, th\u00E9 et chocolat\",\"sl\":\"the-espresso-chai-biologique-equitable-four-oclock-34506\",\"sn\":\"biologique, bio, organic, organique\",\"idxP\":14},{\"mq\":\"Four O'Clock\",\"nm\":\"Th\u00E9 vert cha\u00EF d\u00E9caf\u00E9in\u00E9 biologique \u00E9quitable\",\"nme\":\"Organic fairtrade decaffeinated chai green tea\",\"attr\":\"Sans gluten, Biologique\",\"sku\":\"34505\",\"l2\":\"Caf\u00E9, th\u00E9 et chocolat\",\"sl\":\"the-vert-chai-decafeine-biologique-equitable-four-oclock-34505\",\"sn\":\"biologique, bio, organic, organique\",\"idxP\":15},{\"mq\":\"Four O'Clock\",\"nm\":\"Rooibos orange \u00E9pic\u00E9e biologique \u00E9quitable\",\"nme\":\"Organic fairtrade spicy orange rooibos\",\"attr\":\"Sans gluten, Biologique\",\"sku\":\"34508\",\"l2\":\"Caf\u00E9, th\u00E9 et chocolat\",\"sl\":\"rooibos-orange-epicee-biologique-equitable-four-oclock-34508\",\"sn\":\"biologique, bio, organic, organique\",\"idxP\":17},{\"mq\":\"Sober carpenter\",\"nm\":\"Bi\u00E8re IPA sans alcool\",\"nme\":\"IPA  beer non alcoholic\",\"attr\":\"\",\"sku\":\"02394\",\"l2\":\"Vin et bi\u00E8re\",\"sl\":\"biere-ipa-sans-alcool-sober-carpenter-02394\",\"sn\":\"\",\"idxP\":18},{\"mq\":\"Four O'Clock\",\"nm\":\"Tisane \u00E9pices chocolat\u00E9e cha\u00EF biologique \u00E9quitable\",\"nme\":\"Organic fairtrade chocolate spices chai herbal tea\",\"attr\":\"Sans gluten, Biologique\",\"sku\":\"34521\",\"l2\":\"Caf\u00E9, th\u00E9 et chocolat\",\"sl\":\"tisane-epices-chocolatee-chai-biologique-equitable-four-oclock-34521\",\"sn\":\"biologique, bio, organic, organique\",\"idxP\":15},{\"mq\":\"Four O'Clock\",\"nm\":\"Tisane curcuma canelle biologique \u00E9quitable\",\"nme\":\"Organic fairtrade turmeric cinnamon herbal tea\",\"attr\":\"Sans gluten, Biologique\",\"sku\":\"34522\",\"l2\":\"Caf\u00E9, th\u00E9 et chocolat\",\"sl\":\"tisane-curcuma-canelle-biologique-equitable-four-oclock-34522\",\"sn\":\"biologique, bio, organic, organique, turmeric, safran des indes\",\"idxP\":24},{\"mq\":\"Four O'Clock\",\"nm\":\"Th\u00E9 vert jasmin biologique \u00E9quitable\",\"nme\":\"Organic fairtrade jasmine green tea\",\"attr\":\"Sans gluten, Biologique\",\"sku\":\"39254\",\"l2\":\"Caf\u00E9, th\u00E9 et chocolat\",\"sl\":\"the-vert-jasmin-biologique-equitable-four-oclock-39254\",\"sn\":\"biologique, bio, organic, organique\",\"idxP\":16},{\"mq\":\"Four O'Clock\",\"nm\":\"Th\u00E9 noir cha\u00EF biologique \u00E9quitable\",\"nme\":\"Organic fairtrade chai black tea\",\"attr\":\"Sans gluten, Biologique\",\"sku\":\"39257\",\"l2\":\"Caf\u00E9, th\u00E9 et chocolat\",\"sl\":\"the-noir-chai-biologique-equitable-four-oclock-39257\",\"sn\":\"biologique, bio, organic, organique\",\"idxP\":19},{\"mq\":\"Four O'Clock\",\"nm\":\"Th\u00E9 vert d\u00E9caf\u00E9in\u00E9 biologique \u00E9quitable\",\"nme\":\"Organic fairtrade decaffeinated green tea\",\"attr\":\"Sans gluten, Biologique\",\"sku\":\"34519\",\"l2\":\"Caf\u00E9, th\u00E9 et chocolat\",\"sl\":\"the-vert-decafeine-biologique-equitable-four-oclock-34519\",\"sn\":\"biologique, bio, organic, organique\",\"idxP\":20},{\"mq\":\"Four O'Clock\",\"nm\":\"Tisane r\u00E9glisse \u00E9pic\u00E9e cha\u00EF biologique \u00E9quitable\",\"nme\":\"Organic fairtrade spicy licorice chai herbal tea\",\"attr\":\"Sans gluten, Biologique\",\"sku\":\"34507\",\"l2\":\"Caf\u00E9, th\u00E9 et chocolat\",\"sl\":\"tisane-reglisse-epicee-chai-biologique-equitable-four-oclock-34507\",\"sn\":\"biologique, bio, organic, organique\",\"idxP\":14},{\"mq\":\"Four O'Clock\",\"nm\":\"Th\u00E9 vert japonais biologique\",\"nme\":\"Organic japanese green tea\",\"attr\":\"Sans gluten, Biologique\",\"sku\":\"39253\",\"l2\":\"Caf\u00E9, th\u00E9 et chocolat\",\"sl\":\"the-vert-japonais-biologique-four-oclock-39253\",\"sn\":\"biologique, bio, organic, organique\",\"idxP\":16},{\"mq\":\"Hortus\",\"nm\":\"Caf\u00E9 grain espresso bar\",\"nme\":\"Espresso bar coffee beans\",\"attr\":\"Produit local\",\"sku\":\"02442\",\"l2\":\"Caf\u00E9, th\u00E9 et chocolat\",\"sl\":\"cafe-grain-espresso-bar-hortus-02442\",\"sn\":\"\",\"idxP\":55},{\"mq\":\"Hortus\",\"nm\":\"Caf\u00E9 moulu colombien excelso noir\",\"nme\":\"Colombian Excelso black ground coffee\",\"attr\":\"Produit local\",\"sku\":\"02445\",\"l2\":\"Caf\u00E9, th\u00E9 et chocolat\",\"sl\":\"cafe-moulu-colombien-excelso-noir-hortus-02445\",\"sn\":\"\",\"idxP\":78},{\"mq\":\"Hortus\",\"nm\":\"Caf\u00E9 grain moka djimmah\",\"nme\":\"Moka Djimmah coffee beans\",\"attr\":\"Produit local\",\"sku\":\"02461\",\"l2\":\"Caf\u00E9, th\u00E9 et chocolat\",\"sl\":\"cafe-grain-moka-djimmah-hortus-02461\",\"sn\":\"\",\"idxP\":46},{\"mq\":\"Hortus\",\"nm\":\"Caf\u00E9 moulu colombien excelso brun\",\"nme\":\"Brown Colombian Excelso ground coffee\",\"attr\":\"Produit local\",\"sku\":\"02450\",\"l2\":\"Caf\u00E9, th\u00E9 et chocolat\",\"sl\":\"cafe-moulu-colombien-excelso-brun-hortus-02450\",\"sn\":\"\",\"idxP\":80},{\"mq\":\"Hortus\",\"nm\":\"Caf\u00E9 grain colombien excelso noir\",\"nme\":\"Colombian Excelso black coffee bean\",\"attr\":\"Produit local\",\"sku\":\"02446\",\"l2\":\"Caf\u00E9, th\u00E9 et chocolat\",\"sl\":\"cafe-grain-colombien-excelso-noir-hortus-02446\",\"sn\":\"\",\"idxP\":79},{\"mq\":\"Hortus\",\"nm\":\"Caf\u00E9 grain colombien excelso 50\\\/50\",\"nme\":\"Colombian Excelso 50\\\/50 coffee bean\",\"attr\":\"Produit local\",\"sku\":\"02456\",\"l2\":\"Caf\u00E9, th\u00E9 et chocolat\",\"sl\":\"cafe-grain-colombien-excelso-5050-hortus-02456\",\"sn\":\"\",\"idxP\":75},{\"mq\":\"Hortus\",\"nm\":\"Caf\u00E9 grain moka cr\u00E8me\",\"nme\":\"Cream Moka coffee beans\",\"attr\":\"Produit local\",\"sku\":\"02465\",\"l2\":\"Caf\u00E9, th\u00E9 et chocolat\",\"sl\":\"cafe-grain-moka-creme-hortus-02465\",\"sn\":\"\",\"idxP\":79},{\"mq\":\"Hortus\",\"nm\":\"Caf\u00E9 moulu moka cr\u00E8me\",\"nme\":\"Moka Cream ground coffee\",\"attr\":\"Produit local\",\"sku\":\"02449\",\"l2\":\"Caf\u00E9, th\u00E9 et chocolat\",\"sl\":\"cafe-moulu-moka-creme-hortus-02449\",\"sn\":\"\",\"idxP\":75},{\"mq\":\"Hortus\",\"nm\":\"Caf\u00E9 grain espresso noir\",\"nme\":\"Black Espresso coffee bean\",\"attr\":\"Produit local\",\"sku\":\"02451\",\"l2\":\"Caf\u00E9, th\u00E9 et chocolat\",\"sl\":\"cafe-grain-espresso-noir-hortus-02451\",\"sn\":\"\",\"idxP\":50},{\"mq\":\"Bor\u00E9ale\",\"nm\":\"Bi\u00E8re caisse Exp\u00E9dition canette\",\"nme\":\"Expedition pack beers can\",\"attr\":\"\",\"sku\":\"31247\",\"l2\":\"Vin et bi\u00E8re\",\"sl\":\"biere-caisse-expedition-canette-boreale-31247\",\"sn\":\"\",\"idxP\":14},{\"mq\":\"Angostura\",\"nm\":\"Amers orange\",\"nme\":\"Orange bitters\",\"attr\":\"\",\"sku\":\"27649\",\"l2\":\"Cristal et sirop\",\"sl\":\"amers-orange-angostura-27649\",\"sn\":\"\",\"idxP\":42},{\"mq\":\"Blue Ribbon\",\"nm\":\"Bi\u00E8re Pabst 5.9% canette\",\"nme\":\"Pabst beer 5.9% can\",\"attr\":\"\",\"sku\":\"34324\",\"l2\":\"Vin et bi\u00E8re\",\"sl\":\"biere-pabst-5.9-canette-blue-ribbon-34324\",\"sn\":\"\",\"idxP\":14},{\"mq\":\"Bor\u00E9ale\",\"nm\":\"Bi\u00E8re rousse ale ambr\u00E9e 5%\",\"nme\":\"Amber ale beer 5%\",\"attr\":\"Produit local\",\"sku\":\"34301\",\"l2\":\"Vin et bi\u00E8re\",\"sl\":\"biere-rousse-ale-ambree-5-boreale-34301\",\"sn\":\"\",\"idxP\":14},{\"mq\":\"Brasserie Farnham\",\"nm\":\"Bi\u00E8re 27 blonde pilsner lager 4,8%\",\"nme\":\"27 pilsner lager blonde beer 4,8%\",\"attr\":\"Produit local\",\"sku\":\"34414\",\"l2\":\"Vin et bi\u00E8re\",\"sl\":\"biere-27-blonde-pilsner-lager-48-brasserie-farnham-34414\",\"sn\":\"\",\"idxP\":26},{\"mq\":\"Brasserie Farnham\",\"nm\":\"Bi\u00E8re 64 IPA am\u00E9ricaine 6%\",\"nme\":\"American IPA beer 6%\",\"attr\":\"Produit local\",\"sku\":\"34405\",\"l2\":\"Vin et bi\u00E8re\",\"sl\":\"biere-64-ipa-americaine-6-brasserie-farnham-34405\",\"sn\":\"\",\"idxP\":22},{\"mq\":\"Coffee Mate\",\"nm\":\"Colorant \u00E0 caf\u00E9\",\"nme\":\"Coffee whitener\",\"attr\":\"\",\"sku\":\"47493\",\"l2\":\"Caf\u00E9, th\u00E9 et chocolat\",\"sl\":\"colorant-a-cafe-coffee-mate-47493\",\"sn\":\"\",\"idxP\":74},{\"mq\":\"Bor\u00E9ale\",\"nm\":\"Bi\u00E8re IPA 6,2%\",\"nme\":\"IPA beer 6.2%\",\"attr\":\"\",\"sku\":\"34299\",\"l2\":\"Vin et bi\u00E8re\",\"sl\":\"biere-ipa-62-boreale-34299\",\"sn\":\"\",\"idxP\":11},{\"mq\":\"Brasserie Farnham\",\"nm\":\"Bi\u00E8re 58 blonde IPA Nouvelle-Angleterre 5,8%\",\"nme\":\"58 new england IPA blonde beer 5,8%\",\"attr\":\"Produit local\",\"sku\":\"34417\",\"l2\":\"Vin et bi\u00E8re\",\"sl\":\"biere-58-blonde-ipa-nouvelle-angleterre-58-brasserie-farnham-34417\",\"sn\":\"\",\"idxP\":19},{\"mq\":\"Brasserie Farnham\",\"nm\":\"Bi\u00E8re 35 rousse anglaise 5%\",\"nme\":\"35 english red ale beer 5%\",\"attr\":\"Produit local\",\"sku\":\"34416\",\"l2\":\"Vin et bi\u00E8re\",\"sl\":\"biere-35-rousse-anglaise-5-brasserie-farnham-34416\",\"sn\":\"\",\"idxP\":21},{\"mq\":\"L'orpailleur\",\"nm\":\"Vin blanc 11%\",\"nme\":\"White Wine 11%\",\"attr\":\"\",\"sku\":\"30748\",\"l2\":\"Vin et bi\u00E8re\",\"sl\":\"vin-blanc-11-lorpailleur-30748\",\"sn\":\"\",\"idxP\":30},{\"mq\":\"Grolsch\",\"nm\":\"Bi\u00E8re Pilsner canette 0%\",\"nme\":\"Pilsner Beer Can 0%\",\"attr\":\"\",\"sku\":\"34581\",\"l2\":\"Vin et bi\u00E8re\",\"sl\":\"biere-pilsner-canette-0-grolsch-34581\",\"sn\":\"\",\"idxP\":22},{\"mq\":\"L'orpailleur\",\"nm\":\"Vin rouge 12%\",\"nme\":\"Red Wine 12%\",\"attr\":\"\",\"sku\":\"30746\",\"l2\":\"Vin et bi\u00E8re\",\"sl\":\"vin-rouge-12-lorpailleur-30746\",\"sn\":\"\",\"idxP\":32},{\"mq\":\"Malta cr\u00E9ole\",\"nm\":\"Soda de malte\",\"nme\":\"Malta Soft Drink\",\"attr\":\"\",\"sku\":\"49403\",\"l2\":\"Boisson gazeuse\",\"sl\":\"soda-de-malte-malta-creole-49403\",\"sn\":\"liqueur, breuvage, softdrink, soft drink\",\"idxP\":100},{\"mq\":\"L'orpailleur\",\"nm\":\"Vin blanc R\u00E9serve 13%\",\"nme\":\"Reserve White Wine 13%\",\"attr\":\"\",\"sku\":\"30745\",\"l2\":\"Vin et bi\u00E8re\",\"sl\":\"vin-blanc-reserve-13-lorpailleur-30745\",\"sn\":\"\",\"idxP\":22},{\"mq\":\"L'orpailleur\",\"nm\":\"Vin ros\u00E9 12,5%\",\"nme\":\"Ros\u00E9 Wine 12.5%\",\"attr\":\"\",\"sku\":\"30747\",\"l2\":\"Vin et bi\u00E8re\",\"sl\":\"vin-rose-125-lorpailleur-30747\",\"sn\":\"\",\"idxP\":17},{\"mq\":\"Marie Brizard\",\"nm\":\"Sirop de vanille\",\"nme\":\"Vanilla syrup\",\"attr\":\"\",\"sku\":\"30919\",\"l2\":\"Cristal et sirop\",\"sl\":\"sirop-de-vanille-marie-brizard-30919\",\"sn\":\"\",\"idxP\":22},{\"mq\":\"San Pellegrino\",\"nm\":\"Eau p\u00E9tillante original Essenza\",\"nme\":\"Carbonated natural water Essenza\",\"attr\":\"\",\"sku\":\"30476\",\"l2\":\"Eau\",\"sl\":\"eau-petillante-original-essenza-san-pellegrino-30476\",\"sn\":\"gaz\u00E9ifi\u00E9\",\"idxP\":53},{\"mq\":\"Quick Lime\",\"nm\":\"Jus de citron vert press\u00E9\",\"nme\":\"Squeezed Lime Juice\",\"attr\":\"\",\"sku\":\"31815\",\"l2\":\"Jus et boisson\",\"sl\":\"jus-de-citron-vert-presse-quick-lime-31815\",\"sn\":\"\",\"idxP\":82},{\"mq\":\"Berthelet\",\"nm\":\"Cristaux breuvage corossol\",\"nme\":\"Soursop beverage crystals\",\"attr\":\"\",\"sku\":\"02722\",\"l2\":\"Cristal et sirop\",\"sl\":\"cristaux-breuvage-corossol-berthelet-02722\",\"sn\":\"liqueur\",\"idxP\":52},{\"mq\":\"Berthelet\",\"nm\":\"Cristaux breuvage ananas\",\"nme\":\"Pineapple beverage crystals\",\"attr\":\"\",\"sku\":\"02718\",\"l2\":\"Cristal et sirop\",\"sl\":\"cristaux-breuvage-ananas-berthelet-02718\",\"sn\":\"apples, ananas, liqueur\",\"idxP\":66},{\"mq\":\"Berthelet\",\"nm\":\"Cristaux breuvage pina colada\",\"nme\":\"Pina colada beverage crystals\",\"attr\":\"\",\"sku\":\"02730\",\"l2\":\"Cristal et sirop\",\"sl\":\"cristaux-breuvage-pina-colada-berthelet-02730\",\"sn\":\"liqueur\",\"idxP\":50},{\"mq\":\"Berthelet\",\"nm\":\"Cristaux breuvage melon d'eau\",\"nme\":\"Watermelon beverage crystals\",\"attr\":\"\",\"sku\":\"02725\",\"l2\":\"Cristal et sirop\",\"sl\":\"cristaux-breuvage-melon-deau-berthelet-02725\",\"sn\":\"liqueur\",\"idxP\":70},{\"mq\":\"Berthelet\",\"nm\":\"Cristaux breuvage punch tropical\",\"nme\":\"tropical punch beverage crystals\",\"attr\":\"\",\"sku\":\"02715\",\"l2\":\"Cristal et sirop\",\"sl\":\"cristaux-breuvage-punch-tropical-berthelet-02715\",\"sn\":\"exotic, exotique, tropical, liqueur\",\"idxP\":66},{\"mq\":\"Berthelet\",\"nm\":\"Cristaux breuvage limonade\",\"nme\":\"Limonade beverage crystals\",\"attr\":\"\",\"sku\":\"02724\",\"l2\":\"Cristal et sirop\",\"sl\":\"cristaux-breuvage-limonade-berthelet-02724\",\"sn\":\"liqueur\",\"idxP\":67},{\"mq\":\"Berthelet\",\"nm\":\"Cristaux breuvage p\u00EAche\",\"nme\":\"Peach beverage crystals\",\"attr\":\"\",\"sku\":\"02729\",\"l2\":\"Cristal et sirop\",\"sl\":\"cristaux-breuvage-peche-berthelet-02729\",\"sn\":\"liqueur\",\"idxP\":67},{\"mq\":\"Berthelet\",\"nm\":\"Cristaux breuvage orange\",\"nme\":\"Orange beverage crystals\",\"attr\":\"\",\"sku\":\"02726\",\"l2\":\"Cristal et sirop\",\"sl\":\"cristaux-breuvage-orange-berthelet-02726\",\"sn\":\"liqueur\",\"idxP\":60},{\"mq\":\"Berthelet\",\"nm\":\"Cristaux breuvage raisin\",\"nme\":\"Grape beverage crystals\",\"attr\":\"\",\"sku\":\"02716\",\"l2\":\"Cristal et sirop\",\"sl\":\"cristaux-breuvage-raisin-berthelet-02716\",\"sn\":\"liqueur, raisins\",\"idxP\":60},{\"mq\":\"Berthelet\",\"nm\":\"Cristaux breuvage punch des \u00EEles\",\"nme\":\"Island punch beverage crystals\",\"attr\":\"\",\"sku\":\"02732\",\"l2\":\"Cristal et sirop\",\"sl\":\"cristaux-breuvage-punch-des-iles-berthelet-02732\",\"sn\":\"liqueur\",\"idxP\":66},{\"mq\":\"Rose's\",\"nm\":\"Sirop grenadine\",\"nme\":\"Grenadine syrup\",\"attr\":\"\",\"sku\":\"31258\",\"l2\":\"Jus et boisson\",\"sl\":\"sirop-grenadine-roses-31258\",\"sn\":\"\",\"idxP\":77},{\"mq\":\"Mug\",\"nm\":\"Boisson gazeuse racinette\",\"nme\":\"Root Beer\",\"attr\":\"Aliment du Qu\u00E9bec, Produit local\",\"sku\":\"33321\",\"l2\":\"Boisson gazeuse\",\"sl\":\"boisson-gazeuse-racinette-mug-33321\",\"sn\":\"\",\"idxP\":57},{\"mq\":\"Mountain dew\",\"nm\":\"Boisson gazeuse mountain dew\",\"nme\":\"Mountain Dew Soft Drink\",\"attr\":\"Produit local\",\"sku\":\"48252\",\"l2\":\"Boisson gazeuse\",\"sl\":\"boisson-gazeuse-mountain-dew-mountain-dew-48252\",\"sn\":\"liqueur\",\"idxP\":23},{\"mq\":\"Starbucks\",\"nm\":\"Boisson frappuccino \u00E0 la vanille\",\"nme\":\"Iced Frappuccino Vanilla Drink\",\"attr\":\"\",\"sku\":\"29661\",\"l2\":\"Caf\u00E9, th\u00E9 et chocolat\",\"sl\":\"boisson-frappuccino-a-la-vanille-starbucks-29661\",\"sn\":\"\",\"idxP\":91},{\"mq\":\"Allen's\",\"nm\":\"Jus canneberge cocktail\",\"nme\":\"Cranberry cocktail\",\"attr\":\"\",\"sku\":\"03027\",\"l2\":\"Jus et boisson\",\"sl\":\"jus-canneberge-cocktail-allens-03027\",\"sn\":\"\",\"idxP\":39},{\"mq\":\"Berthelet\",\"nm\":\"Cristaux breuvage framboise bleue\",\"nme\":\"Blue rasberry beverage crystals\",\"attr\":\"\",\"sku\":\"03081\",\"l2\":\"Cristal et sirop\",\"sl\":\"cristaux-breuvage-framboise-bleue-berthelet-03081\",\"sn\":\"liqueur, framboises\",\"idxP\":42},{\"mq\":\"Berthelet\",\"nm\":\"Cristaux breuvage limonade rose\",\"nme\":\"Pink limonade beverage crystals\",\"attr\":\"\",\"sku\":\"03082\",\"l2\":\"Cristal et sirop\",\"sl\":\"cristaux-breuvage-limonade-rose-berthelet-03082\",\"sn\":\"liqueur\",\"idxP\":52},{\"mq\":\"Bor\u00E9ale\",\"nm\":\"Bi\u00E8re artisan mixte\",\"nme\":\"Artisan mix beer\",\"attr\":\"Aliment du Qu\u00E9bec, Produit local\",\"sku\":\"03085\",\"l2\":\"Vin et bi\u00E8re\",\"sl\":\"biere-artisan-mixte-boreale-03085\",\"sn\":\"\",\"idxP\":19},{\"mq\":\"Canada Dry\",\"nm\":\"Boisson gazeuse ginger ale zero\",\"nme\":\"Zero ginger ale soft drink\",\"attr\":\"\",\"sku\":\"66805\",\"l2\":\"Boisson gazeuse\",\"sl\":\"boisson-gazeuse-ginger-ale-zero-canada-dry-66805\",\"sn\":\"liqueur, breuvage, softdrink, soft drink\",\"idxP\":31},{\"mq\":\"Trombetta\",\"nm\":\"Capsules caf\u00E9 aromatico compatible Nespresso\",\"nme\":\"Nespresso compatible aromatico coffee capsules\",\"attr\":\"\",\"sku\":\"03118\",\"l2\":\"Caf\u00E9, th\u00E9 et chocolat\",\"sl\":\"capsules-cafe-aromatico-compatible-nespresso-trombetta-03118\",\"sn\":\"\",\"idxP\":26},{\"mq\":\"Mott's\",\"nm\":\"Clamato regulier\",\"nme\":\"Original Clamato\",\"attr\":\"\",\"sku\":\"66804\",\"l2\":\"Jus et boisson\",\"sl\":\"clamato-regulier-motts-66804\",\"sn\":\"\",\"idxP\":94},{\"mq\":\"Trombetta\",\"nm\":\"Capsules caf\u00E9 bio compatible Nespresso\",\"nme\":\"Nespresso compatible bio coffee capsules\",\"attr\":\"Biologique\",\"sku\":\"03119\",\"l2\":\"Caf\u00E9, th\u00E9 et chocolat\",\"sl\":\"capsules-cafe-bio-compatible-nespresso-trombetta-03119\",\"sn\":\"biologique, bio, organic, organique\",\"idxP\":28},{\"mq\":\"Starbucks\",\"nm\":\"Boisson frappuccino moka\",\"nme\":\"Iced Frappuccino Mocha Drink\",\"attr\":\"\",\"sku\":\"29662\",\"l2\":\"Caf\u00E9, th\u00E9 et chocolat\",\"sl\":\"boisson-frappuccino-moka-starbucks-29662\",\"sn\":\"\",\"idxP\":91},{\"mq\":\"The Great Gentleman\",\"nm\":\"Soda piquant ananas\",\"nme\":\"Spicy pineapple soda\",\"attr\":\"\",\"sku\":\"03240\",\"l2\":\"Boisson gazeuse\",\"sl\":\"soda-piquant-ananas-the-great-gentleman-03240\",\"sn\":\"apples, liqueur, breuvage, softdrink, soft drink, ananas\",\"idxP\":43},{\"mq\":\"Perrier\",\"nm\":\"Eau source gazeifiee canette slim\",\"nme\":\"Slim can Carbonated Natural Spring Water\",\"attr\":\"\",\"sku\":\"66786\",\"l2\":\"Eau\",\"sl\":\"eau-source-gazeifiee-canette-slim-perrier-66786\",\"sn\":\"\",\"idxP\":100},{\"mq\":\"Canada Dry\",\"nm\":\"Boisson gazeuse ginger ale\",\"nme\":\"Ginger ale soft drink\",\"attr\":\"\",\"sku\":\"66883\",\"l2\":\"Boisson gazeuse\",\"sl\":\"boisson-gazeuse-ginger-ale-canada-dry-66883\",\"sn\":\"liqueur, breuvage, softdrink, soft drink\",\"idxP\":0},{\"mq\":\"Monster\",\"nm\":\"Boisson \u00E9nergisante mango loco\",\"nme\":\"Mango loco energy drink\",\"attr\":\"\",\"sku\":\"66958\",\"l2\":\"Boisson \u00E9nergisante\",\"sl\":\"boisson-energisante-mango-loco-monster-66958\",\"sn\":\"\",\"idxP\":3},{\"mq\":\"Minor Figures\",\"nm\":\"Boisson avoine\",\"nme\":\"Oat beverage\",\"attr\":\"\",\"sku\":\"03548\",\"l2\":\"Lait et boisson v\u00E9g\u00E9tale\",\"sl\":\"boisson-avoine-minor-figures-03548\",\"sn\":\"\",\"idxP\":100},{\"mq\":\"Minor Figures\",\"nm\":\"Boisson avoine m\u00E9lange barista biologique\",\"nme\":\"Organic barista blend oat beverage\",\"attr\":\"\",\"sku\":\"03547\",\"l2\":\"Lait et boisson v\u00E9g\u00E9tale\",\"sl\":\"boisson-avoine-melange-barista-biologique-minor-figures-03547\",\"sn\":\"biologique, bio, organic, organique\",\"idxP\":86},{\"mq\":\"Agga\",\"nm\":\"Caf\u00E9 grain romana\",\"nme\":\"Whole grain romana coffee\",\"attr\":\"\",\"sku\":\"67143\",\"l2\":\"Caf\u00E9, th\u00E9 et chocolat\",\"sl\":\"cafe-grain-romana-agga-67143\",\"sn\":\"\",\"idxP\":0},{\"mq\":\"Agga\",\"nm\":\"Caf\u00E9 grain espresso intenso\",\"nme\":\"Espresso Intenso whole grain Coffee\",\"attr\":\"\",\"sku\":\"67141\",\"l2\":\"Caf\u00E9, th\u00E9 et chocolat\",\"sl\":\"cafe-grain-espresso-intenso-agga-67141\",\"sn\":\"\",\"idxP\":65},{\"mq\":\"Agga\",\"nm\":\"Caf\u00E9 grain moka cr\u00E8me\",\"nme\":\"Moka creme grain coffee\",\"attr\":\"\",\"sku\":\"67142\",\"l2\":\"Caf\u00E9, th\u00E9 et chocolat\",\"sl\":\"cafe-grain-moka-creme-agga-67142\",\"sn\":\"\",\"idxP\":0},{\"mq\":\"Fairlee\",\"nm\":\"M\u00E9lange de jus de pruneaux\",\"nme\":\"Prune Juice Blend\",\"attr\":\"\",\"sku\":\"67187\",\"l2\":\"Jus et boisson\",\"sl\":\"melange-de-jus-de-pruneaux-fairlee-67187\",\"sn\":\"\",\"idxP\":30},{\"mq\":\"Fairlee\",\"nm\":\"Jus d'ananas\",\"nme\":\"Pineapple Juice\",\"attr\":\"\",\"sku\":\"67048\",\"l2\":\"Jus et boisson\",\"sl\":\"jus-dananas-fairlee-67048\",\"sn\":\"apples, ananas\",\"idxP\":0}], [{\"mq\":\"Red bull\",\"nm\":\"Boisson \u00E9nergisante sans sucre\",\"nme\":\"Sugar-Free Energy Drink\",\"attr\":\"\",\"sku\":\"65357\",\"l2\":\"Boisson \u00E9nergisante\",\"sl\":\"boisson-energisante-sans-sucre-red-bull-65357\",\"sn\":\"\",\"idxP\":62},{\"mq\":\"Monin\",\"nm\":\"Pur\u00E9e de framboise\",\"nme\":\"Raspberry puree\",\"attr\":\"\",\"sku\":\"67300\",\"l2\":\"Cristal et sirop\",\"sl\":\"puree-de-framboise-monin-67300\",\"sn\":\"framboises\",\"idxP\":16},{\"mq\":\"Monin\",\"nm\":\"Sirop aromatis\u00E9 \u00E0 la framboise\",\"nme\":\"Raspberry Flavoured Syrup\",\"attr\":\"\",\"sku\":\"67261\",\"l2\":\"Cristal et sirop\",\"sl\":\"sirop-aromatise-a-la-framboise-monin-67261\",\"sn\":\"framboises\",\"idxP\":20},{\"mq\":\"Monin\",\"nm\":\"Pur\u00E9e de mangue\",\"nme\":\"Mango puree\",\"attr\":\"\",\"sku\":\"67296\",\"l2\":\"Cristal et sirop\",\"sl\":\"puree-de-mangue-monin-67296\",\"sn\":\"mangues\",\"idxP\":24},{\"mq\":\"Monin\",\"nm\":\"Pur\u00E9e de gingembre\",\"nme\":\"Ginger puree\",\"attr\":\"\",\"sku\":\"67299\",\"l2\":\"Cristal et sirop\",\"sl\":\"puree-de-gingembre-monin-67299\",\"sn\":\"\",\"idxP\":7},{\"mq\":\"Monin\",\"nm\":\"Pur\u00E9e d'ananas\",\"nme\":\"Pineapple puree\",\"attr\":\"\",\"sku\":\"67304\",\"l2\":\"Cristal et sirop\",\"sl\":\"puree-dananas-monin-67304\",\"sn\":\"apples, ananas\",\"idxP\":17},{\"mq\":\"Monin\",\"nm\":\"Pur\u00E9e de goyave\",\"nme\":\"Guava puree\",\"attr\":\"\",\"sku\":\"67305\",\"l2\":\"Cristal et sirop\",\"sl\":\"puree-de-goyave-monin-67305\",\"sn\":\"\",\"idxP\":9},{\"mq\":\"Monin\",\"nm\":\"Pur\u00E9e de fraise\",\"nme\":\"Strawberry puree\",\"attr\":\"\",\"sku\":\"67301\",\"l2\":\"Cristal et sirop\",\"sl\":\"puree-de-fraise-monin-67301\",\"sn\":\"fraises\",\"idxP\":17},{\"mq\":\"Monin\",\"nm\":\"Sirop aromatis\u00E9 \u00E0 la mangue\",\"nme\":\"Mango Flavoured Syrup\",\"attr\":\"\",\"sku\":\"67259\",\"l2\":\"Cristal et sirop\",\"sl\":\"sirop-aromatise-a-la-mangue-monin-67259\",\"sn\":\"mangues\",\"idxP\":27},{\"mq\":\"Monin\",\"nm\":\"Sirop aromatis\u00E9 au melon d'eau\",\"nme\":\"Watermelon Flavoured Syrup\",\"attr\":\"\",\"sku\":\"67265\",\"l2\":\"Cristal et sirop\",\"sl\":\"sirop-aromatise-au-melon-deau-monin-67265\",\"sn\":\"\",\"idxP\":19},{\"mq\":\"Monin\",\"nm\":\"Pur\u00E9e de p\u00EAche\",\"nme\":\"Peach puree\",\"attr\":\"\",\"sku\":\"67303\",\"l2\":\"Cristal et sirop\",\"sl\":\"puree-de-peche-monin-67303\",\"sn\":\"\",\"idxP\":14},{\"mq\":\"Monin\",\"nm\":\"Pur\u00E9e de noix de coco\",\"nme\":\"Coconut puree\",\"attr\":\"\",\"sku\":\"67298\",\"l2\":\"Cristal et sirop\",\"sl\":\"puree-de-noix-de-coco-monin-67298\",\"sn\":\"\",\"idxP\":12},{\"mq\":\"Monin\",\"nm\":\"Sirop aromatis\u00E9 \u00E0 la p\u00EAche\",\"nme\":\"Peach Flavoured Syrup\",\"attr\":\"\",\"sku\":\"67260\",\"l2\":\"Cristal et sirop\",\"sl\":\"sirop-aromatise-a-la-peche-monin-67260\",\"sn\":\"\",\"idxP\":22},{\"mq\":\"Monin\",\"nm\":\"Sirop aromatis\u00E9 \u00E0 la noisette\",\"nme\":\"Hazelnut Flavoured Syrup\",\"attr\":\"\",\"sku\":\"67269\",\"l2\":\"Cristal et sirop\",\"sl\":\"sirop-aromatise-a-la-noisette-monin-67269\",\"sn\":\"\",\"idxP\":31},{\"mq\":\"Monin\",\"nm\":\"Pur\u00E9e de fruit de la passion\",\"nme\":\"Passion fruit puree\",\"attr\":\"\",\"sku\":\"67302\",\"l2\":\"Cristal et sirop\",\"sl\":\"puree-de-fruit-de-la-passion-monin-67302\",\"sn\":\"\",\"idxP\":19},{\"mq\":\"Monin\",\"nm\":\"Sirop aromatis\u00E9 \u00E0 la cr\u00E8me irlandaise\",\"nme\":\"Irish Cream Flavoured Syrup\",\"attr\":\"\",\"sku\":\"67258\",\"l2\":\"Cristal et sirop\",\"sl\":\"sirop-aromatise-a-la-creme-irlandaise-monin-67258\",\"sn\":\"\",\"idxP\":0},{\"mq\":\"Monin\",\"nm\":\"Sirop aromatis\u00E9 au mojito\",\"nme\":\"Mojito Flavoured Syrup\",\"attr\":\"\",\"sku\":\"67264\",\"l2\":\"Cristal et sirop\",\"sl\":\"sirop-aromatise-au-mojito-monin-67264\",\"sn\":\"\",\"idxP\":26},{\"mq\":\"Monin\",\"nm\":\"Sirop aromatis\u00E9 \u00E0 la vanille\",\"nme\":\"Vanilla Flavoured Syrup\",\"attr\":\"\",\"sku\":\"67263\",\"l2\":\"Cristal et sirop\",\"sl\":\"sirop-aromatise-a-la-vanille-monin-67263\",\"sn\":\"\",\"idxP\":36},{\"mq\":\"Monin\",\"nm\":\"Sirop aromatis\u00E9 \u00E0 la lavande\",\"nme\":\"Lavender Flavoured Syrup\",\"attr\":\"\",\"sku\":\"67266\",\"l2\":\"Cristal et sirop\",\"sl\":\"sirop-aromatise-a-la-lavande-monin-67266\",\"sn\":\"\",\"idxP\":28},{\"mq\":\"Monin\",\"nm\":\"Sirop aromatis\u00E9 \u00E0 la noix de coco\",\"nme\":\"Coconut Flavoured Syrup\",\"attr\":\"\",\"sku\":\"67268\",\"l2\":\"Cristal et sirop\",\"sl\":\"sirop-aromatise-a-la-noix-de-coco-monin-67268\",\"sn\":\"\",\"idxP\":27},{\"mq\":\"Monin\",\"nm\":\"Sirop aromatis\u00E9 \u00E0 la fraise\",\"nme\":\"Strawberry Flavoured Syrup\",\"attr\":\"\",\"sku\":\"67262\",\"l2\":\"Cristal et sirop\",\"sl\":\"sirop-aromatise-a-la-fraise-monin-67262\",\"sn\":\"fraises\",\"idxP\":26},{\"mq\":\"Monin\",\"nm\":\"Sirop aromatis\u00E9 au caramel\",\"nme\":\"Caramel Flavoured Syrup\",\"attr\":\"\",\"sku\":\"67267\",\"l2\":\"Cristal et sirop\",\"sl\":\"sirop-aromatise-au-caramel-monin-67267\",\"sn\":\"\",\"idxP\":32},{\"mq\":\"Oasis\",\"nm\":\"Jus orange m\u00E9lange\",\"nme\":\"Orange Juice Blend\",\"attr\":\"\",\"sku\":\"67342\",\"l2\":\"Jus et boisson\",\"sl\":\"jus-orange-melange-oasis-67342\",\"sn\":\"\",\"idxP\":100},{\"mq\":\"Fairlee\",\"nm\":\"Jus d'orange m\u00E9lange\",\"nme\":\"Orange Juice Blend\",\"attr\":\"\",\"sku\":\"67343\",\"l2\":\"Jus et boisson\",\"sl\":\"jus-dorange-melange-fairlee-67343\",\"sn\":\"\",\"idxP\":75},{\"mq\":\"Sapporo\",\"nm\":\"Bi\u00E8re Sapporo\",\"nme\":\"Sapporo beer\",\"attr\":\"\",\"sku\":\"30781\",\"l2\":\"Vin et bi\u00E8re\",\"sl\":\"biere-sapporo-sapporo-30781\",\"sn\":\"\",\"idxP\":36},{\"mq\":\"Tuborg\",\"nm\":\"Bi\u00E8re Tuborg canette\",\"nme\":\"Tuborg beer can\",\"attr\":\"\",\"sku\":\"34321\",\"l2\":\"Vin et bi\u00E8re\",\"sl\":\"biere-tuborg-canette-tuborg-34321\",\"sn\":\"\",\"idxP\":15},{\"mq\":\"V-8\",\"nm\":\"Cocktail aux l\u00E9gumes\",\"nme\":\"Vegetable Cocktail\",\"attr\":\"\",\"sku\":\"44825\",\"l2\":\"Jus et boisson\",\"sl\":\"cocktail-aux-legumes-v-8-44825\",\"sn\":\"\",\"idxP\":54},{\"mq\":\"Sapporo\",\"nm\":\"Bi\u00E8re Sapporo canette\",\"nme\":\"Sapporo  beer can\",\"attr\":\"\",\"sku\":\"34309\",\"l2\":\"Vin et bi\u00E8re\",\"sl\":\"biere-sapporo-canette-sapporo-34309\",\"sn\":\"\",\"idxP\":28},{\"mq\":\"V-8\",\"nm\":\"Cocktail aux l\u00E9gumes faible en sel\",\"nme\":\"Low Sodium Vegetable Cocktail\",\"attr\":\"\",\"sku\":\"35071\",\"l2\":\"Jus et boisson\",\"sl\":\"cocktail-aux-legumes-faible-en-sel-v-8-35071\",\"sn\":\"\",\"idxP\":32},{\"mq\":\"Red bull\",\"nm\":\"Boisson \u00E9nergisante melon d'eau RED\",\"nme\":\"Watermelon Energy Drink\",\"attr\":\"\",\"sku\":\"67417\",\"l2\":\"Boisson \u00E9nergisante\",\"sl\":\"boisson-energisante-melon-deau-red-red-bull-67417\",\"sn\":\"\",\"idxP\":26},{\"mq\":\"Mott's\",\"nm\":\"Cocktail de tomate et palourde original\",\"nme\":\"Original Tomato and Clam Cocktail\",\"attr\":\"\",\"sku\":\"67132\",\"l2\":\"Jus et boisson\",\"sl\":\"cocktail-de-tomate-et-palourde-original-motts-67132\",\"sn\":\"tomates\",\"idxP\":18},{\"mq\":\"St-Justin\",\"nm\":\"Eau min\u00E9rale\",\"nme\":\"Mineral Water\",\"attr\":\"\",\"sku\":\"64398\",\"l2\":\"Eau\",\"sl\":\"eau-minerale-st-justin-64398\",\"sn\":\"\",\"idxP\":0},{\"mq\":\"Bor\u00E9ale\",\"nm\":\"Bi\u00E8re lager\",\"nme\":\"Lager Beer\",\"attr\":\"\",\"sku\":\"11573\",\"l2\":\"Vin et bi\u00E8re\",\"sl\":\"biere-lager-boreale-11573\",\"sn\":\"\",\"idxP\":0},{\"mq\":\"Bor\u00E9ale\",\"nm\":\"Bi\u00E8re caisse d\u00E9couverte\",\"nme\":\"Discovery Beer Mix\",\"attr\":\"\",\"sku\":\"11575\",\"l2\":\"Vin et bi\u00E8re\",\"sl\":\"biere-caisse-decouverte-boreale-11575\",\"sn\":\"\",\"idxP\":0},{\"mq\":\"Bor\u00E9ale\",\"nm\":\"Bi\u00E8re sans alcool mixte\",\"nme\":\"Non Alcoholic Beer Mix\",\"attr\":\"\",\"sku\":\"11572\",\"l2\":\"Vin et bi\u00E8re\",\"sl\":\"biere-sans-alcool-mixte-boreale-11572\",\"sn\":\"\",\"idxP\":0},{\"mq\":\"Bor\u00E9ale\",\"nm\":\"Bi\u00E8re artisan \u00E9vasion mixte\",\"nme\":\"Evasion Artisan Beer Mix\",\"attr\":\"\",\"sku\":\"11571\",\"l2\":\"Vin et bi\u00E8re\",\"sl\":\"biere-artisan-evasion-mixte-boreale-11571\",\"sn\":\"\",\"idxP\":0},{\"mq\":\"Les Cocottes\",\"nm\":\"Vin blanc sans alcool\",\"nme\":\"Alcohol Free White Wine\",\"attr\":\"\",\"sku\":\"11624\",\"l2\":\"Vin et bi\u00E8re\",\"sl\":\"vin-blanc-sans-alcool-les-cocottes-11624\",\"sn\":\"\",\"idxP\":4},{\"mq\":\"Poppers\",\"nm\":\"Poppers caisse mixte canettes\",\"nme\":\"Poppers Mixpack Cans\",\"attr\":\"\",\"sku\":\"11669\",\"l2\":\"Vin et bi\u00E8re\",\"sl\":\"poppers-caisse-mixte-canettes-poppers-11669\",\"sn\":\"\",\"idxP\":0},{\"mq\":\"Crodo\",\"nm\":\"Boisson p\u00E9tillante Aranciata\",\"nme\":\"Sparkling Aranciata Drink\",\"attr\":\"\",\"sku\":\"11679\",\"l2\":\"Eau\",\"sl\":\"boisson-petillante-aranciata-crodo-11679\",\"sn\":\"gaz\u00E9ifi\u00E9\",\"idxP\":37},{\"mq\":\"Lemoncocco\",\"nm\":\"Boisson citron noix de coco\",\"nme\":\"Lemon Coconut Beverage\",\"attr\":\"\",\"sku\":\"03444\",\"l2\":\"Eau\",\"sl\":\"boisson-citron-noix-de-coco-lemoncocco-03444\",\"sn\":\"liqueur, citrons, breuvage, softdrink, soft drink\",\"idxP\":47},{\"mq\":\"Pepito\",\"nm\":\"Sangria canettes\",\"nme\":\"Sangria Cans\",\"attr\":\"\",\"sku\":\"11658\",\"l2\":\"Vin et bi\u00E8re\",\"sl\":\"sangria-canettes-pepito-11658\",\"sn\":\"\",\"idxP\":0},{\"mq\":\"Naya\",\"nm\":\"Eau de source naturelle\",\"nme\":\"Spring Water\",\"attr\":\"\",\"sku\":\"01242\",\"l2\":\"Eau\",\"sl\":\"eau-de-source-naturelle-naya-01242\",\"sn\":\"\",\"idxP\":67},{\"mq\":\"Prestige\",\"nm\":\"Bi\u00E8re forte 5.6% bouteilles\",\"nme\":\"5.6% Dry Beer Bottles\",\"attr\":\"\",\"sku\":\"11652\",\"l2\":\"Vin et bi\u00E8re\",\"sl\":\"biere-forte-5.6-bouteilles-prestige-11652\",\"sn\":\"\",\"idxP\":100},{\"mq\":\"San Felice\",\"nm\":\"Eau min\u00E9rale naturelle\",\"nme\":\"Still Mineral Water\",\"attr\":\"\",\"sku\":\"11675\",\"l2\":\"Eau\",\"sl\":\"eau-minerale-naturelle-san-felice-11675\",\"sn\":\"\",\"idxP\":0},{\"mq\":\"Les Cocottes\",\"nm\":\"Vin rouge sans alcool\",\"nme\":\"Alcohol Free Red Wine\",\"attr\":\"\",\"sku\":\"11625\",\"l2\":\"Vin et bi\u00E8re\",\"sl\":\"vin-rouge-sans-alcool-les-cocottes-11625\",\"sn\":\"\",\"idxP\":4},{\"mq\":\"Crodo\",\"nm\":\"Boisson p\u00E9tillante Limonata\",\"nme\":\"Sparkling Limonata Drink\",\"attr\":\"\",\"sku\":\"11678\",\"l2\":\"Eau\",\"sl\":\"boisson-petillante-limonata-crodo-11678\",\"sn\":\"gaz\u00E9ifi\u00E9\",\"idxP\":42},{\"mq\":\"Bacardi+\",\"nm\":\"Bacardi cocktail mixte tropical canettes\",\"nme\":\"Bacardi Tropical Cocktail Mix Cans\",\"attr\":\"\",\"sku\":\"11672\",\"l2\":\"Vin et bi\u00E8re\",\"sl\":\"bacardi-cocktail-mixte-tropical-canettes-bacardi-11672\",\"sn\":\"exotic, exotique, tropical\",\"idxP\":0},{\"mq\":\"Fever Tree\",\"nm\":\"Soda tonique canettes\",\"nme\":\"Tonic Water Cans\",\"attr\":\"\",\"sku\":\"11713\",\"l2\":\"Boisson gazeuse\",\"sl\":\"soda-tonique-canettes-fever-tree-11713\",\"sn\":\"liqueur, breuvage, softdrink, soft drink\",\"idxP\":26},{\"mq\":\"Matteo's\",\"nm\":\"Sirop \u00E0 caf\u00E9 vanille\",\"nme\":\"Vanilla Coffee Syrup\",\"attr\":\"\",\"sku\":\"11782\",\"l2\":\"Cristal et sirop\",\"sl\":\"sirop-a-cafe-vanille-matteos-11782\",\"sn\":\"\",\"idxP\":0},{\"mq\":\"Fever Tree\",\"nm\":\"Soda tonic l\u00E9ger canettes\",\"nme\":\"Light Tonic Cans\",\"attr\":\"\",\"sku\":\"11704\",\"l2\":\"Boisson gazeuse\",\"sl\":\"soda-tonic-leger-canettes-fever-tree-11704\",\"sn\":\"liqueur, breuvage, softdrink, soft drink\",\"idxP\":46},{\"mq\":\"Matteo's\",\"nm\":\"Sirop \u00E0 caf\u00E9 caramel et pacane\",\"nme\":\"Pecan and Caramel Coffee Syrup\",\"attr\":\"\",\"sku\":\"11789\",\"l2\":\"Cristal et sirop\",\"sl\":\"sirop-a-cafe-caramel-et-pacane-matteos-11789\",\"sn\":\"\",\"idxP\":0},{\"mq\":\"A'Siciliana\",\"nm\":\"Boisson p\u00E9tillante citron\",\"nme\":\"Lemon Sparkling Drink\",\"attr\":\"\",\"sku\":\"11823\",\"l2\":\"Boisson gazeuse\",\"sl\":\"boisson-petillante-citron-asiciliana-11823\",\"sn\":\"citrons, gaz\u00E9ifi\u00E9\",\"idxP\":33},{\"mq\":\"Matteo's\",\"nm\":\"Sirop \u00E0 caf\u00E9 caramel sal\u00E9\",\"nme\":\"Salted Caramel Coffee Syrup\",\"attr\":\"\",\"sku\":\"11793\",\"l2\":\"Cristal et sirop\",\"sl\":\"sirop-a-cafe-caramel-sale-matteos-11793\",\"sn\":\"\",\"idxP\":0},{\"mq\":\"Brasserie Farnham\",\"nm\":\"Bi\u00E8re caisse mixte canette\",\"nme\":\"Mixed Canned Beer\",\"attr\":\"\",\"sku\":\"11830\",\"l2\":\"Vin et bi\u00E8re\",\"sl\":\"biere-caisse-mixte-canette-brasserie-farnham-11830\",\"sn\":\"\",\"idxP\":2},{\"mq\":\"Matteo's\",\"nm\":\"Sirop \u00E0 caf\u00E9 caramel au beurre anglais\",\"nme\":\"English Toffee Coffee Syrup\",\"attr\":\"\",\"sku\":\"11794\",\"l2\":\"Cristal et sirop\",\"sl\":\"sirop-a-cafe-caramel-au-beurre-anglais-matteos-11794\",\"sn\":\"\",\"idxP\":0},{\"mq\":\"Nescafe\",\"nm\":\"Caf\u00E9 espresso en grains\",\"nme\":\"Whole Espresso Coffee Beans\",\"attr\":\"\",\"sku\":\"67852\",\"l2\":\"Caf\u00E9, th\u00E9 et chocolat\",\"sl\":\"cafe-espresso-en-grains-nescafe-67852\",\"sn\":\"\",\"idxP\":3},{\"mq\":\"Two Bears\",\"nm\":\"Caf\u00E9 latt\u00E9 \u00E0 l'avoine vanille\",\"nme\":\"Vanilla Oat Latte\",\"attr\":\"\",\"sku\":\"11971\",\"l2\":\"Caf\u00E9, th\u00E9 et chocolat\",\"sl\":\"cafe-latte-a-lavoine-vanille-two-bears-11971\",\"sn\":\"\",\"idxP\":12},{\"mq\":\"Matteo's\",\"nm\":\"Sirop \u00E0 caf\u00E9 noisette\",\"nme\":\"Hazelnut Coffee Syrup\",\"attr\":\"\",\"sku\":\"11785\",\"l2\":\"Cristal et sirop\",\"sl\":\"sirop-a-cafe-noisette-matteos-11785\",\"sn\":\"\",\"idxP\":0},{\"mq\":\"A'Siciliana\",\"nm\":\"Boisson p\u00E9tillante orange sanguine\",\"nme\":\"Blood Orange Sparkling Drink\",\"attr\":\"\",\"sku\":\"11813\",\"l2\":\"Boisson gazeuse\",\"sl\":\"boisson-petillante-orange-sanguine-asiciliana-11813\",\"sn\":\"gaz\u00E9ifi\u00E9\",\"idxP\":33},{\"mq\":\"Nescafe\",\"nm\":\"Caf\u00E9 vanille fran\u00E7aise en poudre\",\"nme\":\"French Vanilla Coffee Powder\",\"attr\":\"\",\"sku\":\"67853\",\"l2\":\"Caf\u00E9, th\u00E9 et chocolat\",\"sl\":\"cafe-vanille-francaise-en-poudre-nescafe-67853\",\"sn\":\"\",\"idxP\":0},{\"mq\":\"Two Bears\",\"nm\":\"Th\u00E9 latt\u00E9 \u00E0 l'avoine matcha\",\"nme\":\"Matcha Oat Latte\",\"attr\":\"\",\"sku\":\"11968\",\"l2\":\"Caf\u00E9, th\u00E9 et chocolat\",\"sl\":\"the-latte-a-lavoine-matcha-two-bears-11968\",\"sn\":\"\",\"idxP\":14},{\"mq\":\"Two Bears\",\"nm\":\"Th\u00E9 latt\u00E9 \u00E0 l'avoine chai\",\"nme\":\"Chai Oat Latte\",\"attr\":\"\",\"sku\":\"11969\",\"l2\":\"Caf\u00E9, th\u00E9 et chocolat\",\"sl\":\"the-latte-a-lavoine-chai-two-bears-11969\",\"sn\":\"\",\"idxP\":11},{\"mq\":\"Caf\u00E9 William\",\"nm\":\"Caf\u00E9 espresso grand Italia en grains\",\"nme\":\"Espresso Grand Italia Coffee Beans\",\"attr\":\"\",\"sku\":\"11960\",\"l2\":\"Caf\u00E9, th\u00E9 et chocolat\",\"sl\":\"cafe-espresso-grand-italia-en-grains-cafe-william-11960\",\"sn\":\"\",\"idxP\":0},{\"mq\":\"Carnation\",\"nm\":\"Chocolat chaud vend whip\",\"nme\":\"Vend Whip Hot Chocolate\",\"attr\":\"\",\"sku\":\"67856\",\"l2\":\"Caf\u00E9, th\u00E9 et chocolat\",\"sl\":\"chocolat-chaud-vend-whip-carnation-67856\",\"sn\":\"\",\"idxP\":0},{\"mq\":\"Caf\u00E9 William\",\"nm\":\"Caf\u00E9 espresso casa en grains\",\"nme\":\"Espresso Casa Coffee Beans\",\"attr\":\"\",\"sku\":\"11959\",\"l2\":\"Caf\u00E9, th\u00E9 et chocolat\",\"sl\":\"cafe-espresso-casa-en-grains-cafe-william-11959\",\"sn\":\"\",\"idxP\":0},{\"mq\":\"Remedy\",\"nm\":\"Kombucha gingembre citron\",\"nme\":\"Ginger lemon kombucha\",\"attr\":\"\",\"sku\":\"11977\",\"l2\":\"Boisson \u00E9nergisante\",\"sl\":\"kombucha-gingembre-citron-remedy-11977\",\"sn\":\"citrons\",\"idxP\":0},{\"mq\":\"Two Bears\",\"nm\":\"Caf\u00E9 latt\u00E9 \u00E0 l'avoine caramel sal\u00E9\",\"nme\":\"Salted Caramel Oat Latte\",\"attr\":\"\",\"sku\":\"11970\",\"l2\":\"Caf\u00E9, th\u00E9 et chocolat\",\"sl\":\"cafe-latte-a-lavoine-caramel-sale-two-bears-11970\",\"sn\":\"\",\"idxP\":11},{\"mq\":\"Remedy\",\"nm\":\"Kombucha limonade aux framboises\",\"nme\":\"Raspberry lemonade kombucha\",\"attr\":\"\",\"sku\":\"11978\",\"l2\":\"Boisson \u00E9nergisante\",\"sl\":\"kombucha-limonade-aux-framboises-remedy-11978\",\"sn\":\"framboises\",\"idxP\":0},{\"mq\":\"Remedy\",\"nm\":\"Kombucha p\u00EAche\",\"nme\":\"Peach kombucha\",\"attr\":\"\",\"sku\":\"11979\",\"l2\":\"Boisson \u00E9nergisante\",\"sl\":\"kombucha-peche-remedy-11979\",\"sn\":\"\",\"idxP\":0},{\"mq\":\"Hortus\",\"nm\":\"Caf\u00E9 grain d\u00E9caf\u00E9in\u00E9\",\"nme\":\"Decaffeinated coffee beans\",\"attr\":\"\",\"sku\":\"02457\",\"l2\":\"Caf\u00E9, th\u00E9 et chocolat\",\"sl\":\"cafe-grain-decafeine-02457\",\"sn\":\"\",\"idxP\":33},{\"mq\":\"Kimbo\",\"nm\":\"Caf\u00E9 en grain crema intensa\",\"nme\":\"Cream Intensa Coffee Beans\",\"attr\":\"\",\"sku\":\"32547\",\"l2\":\"Caf\u00E9, th\u00E9 et chocolat\",\"sl\":\"cafe-grain-creme-intense-1-kg-32547\",\"sn\":\"\",\"idxP\":30},{\"mq\":\"Krombacher\",\"nm\":\"Bi\u00E8re Hell\",\"nme\":\"Hell beer\",\"attr\":\"\",\"sku\":\"32633\",\"l2\":\"Vin et bi\u00E8re\",\"sl\":\"biere-hell-5-500-ml-x4-32633\",\"sn\":\"\",\"idxP\":11},{\"mq\":\"Natur-a\",\"nm\":\"Boisson avoine barista sans gluten\",\"nme\":\"Barista oat beverage gluten free\",\"attr\":\"\",\"sku\":\"66898\",\"l2\":\"Lait et boisson v\u00E9g\u00E9tale\",\"sl\":\"boisson-avoine-barista-sans-gluten-66898\",\"sn\":\"\",\"idxP\":33},{\"mq\":\"Agga\",\"nm\":\"Capsules caf\u00E9 espresso Cremoso\",\"nme\":\"Cremoso Espresso Coffee Capsules\",\"attr\":\"\",\"sku\":\"68376\",\"l2\":\"Caf\u00E9, th\u00E9 et chocolat\",\"sl\":\"capsules-cafe-espresso-cremoso-68376\",\"sn\":\"\",\"idxP\":33},{\"mq\":\"Agga\",\"nm\":\"Capsules caf\u00E9 espresso Decaffeinato\",\"nme\":\"Decaffeinato Espresso Coffee Capsules\",\"attr\":\"\",\"sku\":\"68377\",\"l2\":\"Caf\u00E9, th\u00E9 et chocolat\",\"sl\":\"capsules-cafe-espresso-decaffeinato-68377\",\"sn\":\"\",\"idxP\":33},{\"mq\":\"Agga\",\"nm\":\"Capsules caf\u00E9 espresso Fortissimo\",\"nme\":\"Fortissimo Espresso Coffee Capsules\",\"attr\":\"\",\"sku\":\"68378\",\"l2\":\"Caf\u00E9, th\u00E9 et chocolat\",\"sl\":\"capsules-cafe-espresso-fortissimo-68378\",\"sn\":\"\",\"idxP\":33},{\"mq\":\"Agga\",\"nm\":\"Capsules caf\u00E9 espresso Intenso\",\"nme\":\"Intenso Espresso Coffee Capsules\",\"attr\":\"\",\"sku\":\"68379\",\"l2\":\"Caf\u00E9, th\u00E9 et chocolat\",\"sl\":\"capsules-cafe-espresso-intenso-68379\",\"sn\":\"\",\"idxP\":33},{\"mq\":\"Eska\",\"nm\":\"Eau de source gaz\u00E9ifi\u00E9e au citron\",\"nme\":\"Lemon Carbonated Spring Water\",\"attr\":\"\",\"sku\":\"70278\",\"l2\":\"Eau\",\"sl\":\"eau-de-source-gazeifiee-au-citron-70278\",\"sn\":\"citrons\",\"idxP\":3},{\"mq\":\"Tim Horton\",\"nm\":\"Caf\u00E9 moulu mouture fine\",\"nme\":\"Fine Ground Coffee\",\"attr\":\"\",\"sku\":\"12618\",\"l2\":\"Caf\u00E9, th\u00E9 et chocolat\",\"sl\":\"cafe-moulu-mouture-fine-12618\",\"sn\":\"\",\"idxP\":0},{\"mq\":\"Caf\u00E9 William\",\"nm\":\"M\u00E9lange chocolat chaud\",\"nme\":\"Hot Chocolate Mix\",\"attr\":\"\",\"sku\":\"12655\",\"l2\":\"Caf\u00E9, th\u00E9 et chocolat\",\"sl\":\"melange-chocolat-chaud-12655\",\"sn\":\"\",\"idxP\":8},{\"mq\":\"Caf\u00E9 William\",\"nm\":\"M\u00E9lange mokaccino\",\"nme\":\"Mokaccino Mix\",\"attr\":\"\",\"sku\":\"12656\",\"l2\":\"Caf\u00E9, th\u00E9 et chocolat\",\"sl\":\"melange-mokaccino-12656\",\"sn\":\"\",\"idxP\":15},{\"mq\":\"Grand Pr\u00E9\",\"nm\":\"Lait 2%\",\"nme\":\"2% Milk\",\"attr\":\"\",\"sku\":\"68719\",\"l2\":\"Lait et boisson v\u00E9g\u00E9tale\",\"sl\":\"lait-2-68719\",\"sn\":\"\",\"idxP\":0},{\"mq\":\"Naya\",\"nm\":\"Eau de source naturelle mini\",\"nme\":\"Mini Spring Water Bottle\",\"attr\":\"\",\"sku\":\"12760\",\"l2\":\"Eau\",\"sl\":\"eau-de-source-naturelle-mini-12760\",\"sn\":\"\",\"idxP\":0},{\"mq\":\"Arizona\",\"nm\":\"Th\u00E9 glac\u00E9 Arnold Palmer\",\"nme\":\"Arnold Palmer Iced Tea\",\"attr\":\"\",\"sku\":\"12771\",\"l2\":\"Jus et boisson\",\"sl\":\"the-glace-arnold-palmer-12771\",\"sn\":\"\",\"idxP\":0},{\"mq\":\"Arizona\",\"nm\":\"Th\u00E9 glac\u00E9 citron\",\"nme\":\"Lemon Iced Tea\",\"attr\":\"\",\"sku\":\"12772\",\"l2\":\"Jus et boisson\",\"sl\":\"the-glace-citron-12772\",\"sn\":\"citrons\",\"idxP\":0},{\"mq\":\"Arizona\",\"nm\":\"Th\u00E9 glac\u00E9 vert ginseng miel\",\"nme\":\"Ginseng Honey Iced Green Tea\",\"attr\":\"\",\"sku\":\"12773\",\"l2\":\"Jus et boisson\",\"sl\":\"the-glace-vert-ginseng-miel-12773\",\"sn\":\"\",\"idxP\":0},{\"mq\":\"Arizona\",\"nm\":\"Th\u00E9 glac\u00E9 mucho mangue\",\"nme\":\"Mucho Mango Iced Tea\",\"attr\":\"\",\"sku\":\"12774\",\"l2\":\"Jus et boisson\",\"sl\":\"the-glace-mucho-mangue-12774\",\"sn\":\"mangues\",\"idxP\":0},{\"mq\":\"Arizona\",\"nm\":\"Th\u00E9 glac\u00E9 vert ginseng miel\",\"nme\":\"Ginseng Honey Iced Green Tea\",\"attr\":\"\",\"sku\":\"12775\",\"l2\":\"Jus et boisson\",\"sl\":\"the-glace-vert-ginseng-miel-12775\",\"sn\":\"\",\"idxP\":0},{\"mq\":\"Estrella\",\"nm\":\"Bi\u00E8re import\u00E9e Premium Lager 4.4%\",\"nme\":\"4.4% Imported Premium Lager Beer\",\"attr\":\"\",\"sku\":\"13074\",\"l2\":\"Vin et bi\u00E8re\",\"sl\":\"biere-importee-premium-lager-44-13074\",\"sn\":\"\",\"idxP\":0},{\"mq\":\"Carib\",\"nm\":\"Bi\u00E8re Premium Lager 5%\",\"nme\":\"5% Premium Lager Beer\",\"attr\":\"\",\"sku\":\"13075\",\"l2\":\"Vin et bi\u00E8re\",\"sl\":\"biere-premium-lager-5-13075\",\"sn\":\"\",\"idxP\":0},{\"mq\":\"Atypique\",\"nm\":\"Boisson sans alcool amaretto sour\",\"nme\":\"Non Alcoholic Amaretto Sour\",\"attr\":\"\",\"sku\":\"68764\",\"l2\":\"Vin et bi\u00E8re\",\"sl\":\"boisson-sans-alcool-amaretto-sour-68764\",\"sn\":\"\",\"idxP\":0},{\"mq\":\"Oatbox\",\"nm\":\"Boisson avoine originale\",\"nme\":\"Original Oat Beverage\",\"attr\":\"\",\"sku\":\"13160\",\"l2\":\"Lait et boisson v\u00E9g\u00E9tale\",\"sl\":\"boisson-avoine-originale-13160\",\"sn\":\"\",\"idxP\":0},{\"mq\":\"Oatbox\",\"nm\":\"Boisson barista avoine\",\"nme\":\"Barista Oat Beverage\",\"attr\":\"\",\"sku\":\"13161\",\"l2\":\"Lait et boisson v\u00E9g\u00E9tale\",\"sl\":\"boisson-barista-avoine-13161\",\"sn\":\"\",\"idxP\":0},{\"mq\":\"Matteo's\",\"nm\":\"Sirop \u00E0 caf\u00E9 noisette chai\",\"nme\":\"Hazelnut Chai Coffee Syrup\",\"attr\":\"\",\"sku\":\"13209\",\"l2\":\"Cristal et sirop\",\"sl\":\"sirop-a-cafe-noisette-chai-13209\",\"sn\":\"\",\"idxP\":0},{\"mq\":\"Arizona\",\"nm\":\"Th\u00E9 glac\u00E9 citron\",\"nme\":\"Lemon Iced Tea\",\"attr\":\"\",\"sku\":\"13249\",\"l2\":\"Jus et boisson\",\"sl\":\"the-glace-citron-13249\",\"sn\":\"citrons\",\"idxP\":0},{\"mq\":\"Kool Aid\",\"nm\":\"M\u00E9lange \u00E0 boisson banane-en-folie\",\"nme\":\"Banana Splash Drink Mix\",\"attr\":\"\",\"sku\":\"13351\",\"l2\":\"Cristal et sirop\",\"sl\":\"melange-a-boisson-banane-en-folie-13351\",\"sn\":\"ananas, bananes\",\"idxP\":0},{\"mq\":\"Kool Aid\",\"nm\":\"M\u00E9lange \u00E0 boisson orange\",\"nme\":\"Orange Drink Mix\",\"attr\":\"\",\"sku\":\"13353\",\"l2\":\"Cristal et sirop\",\"sl\":\"melange-a-boisson-orange-13353\",\"sn\":\"\",\"idxP\":0},{\"mq\":\"Kool Aid\",\"nm\":\"M\u00E9lange \u00E0 boisson melon d'eau\",\"nme\":\"Watermelon Drink Mix\",\"attr\":\"\",\"sku\":\"13354\",\"l2\":\"Cristal et sirop\",\"sl\":\"melange-a-boisson-melon-deau-13354\",\"sn\":\"\",\"idxP\":0},{\"mq\":\"Kool Aid\",\"nm\":\"M\u00E9lange \u00E0 boisson raisin\",\"nme\":\"Grape Drink Mix\",\"attr\":\"\",\"sku\":\"13355\",\"l2\":\"Cristal et sirop\",\"sl\":\"melange-a-boisson-raisin-13355\",\"sn\":\"raisins\",\"idxP\":0},{\"mq\":\"Kool Aid\",\"nm\":\"M\u00E9lange \u00E0 boisson limonade framboise glacier bleu\",\"nme\":\"Ice Blue Raspberry Lemonade Drink Mix\",\"attr\":\"\",\"sku\":\"13356\",\"l2\":\"Cristal et sirop\",\"sl\":\"melange-a-boisson-limonade-framboise-glacier-bleu-13356\",\"sn\":\"framboises\",\"idxP\":0},{\"mq\":\"Kool Aid\",\"nm\":\"M\u00E9lange \u00E0 boisson cerise\",\"nme\":\"Cherry Drink Mix\",\"attr\":\"\",\"sku\":\"13357\",\"l2\":\"Cristal et sirop\",\"sl\":\"melange-a-boisson-cerise-13357\",\"sn\":\"\",\"idxP\":0},{\"mq\":\"Kool Aid\",\"nm\":\"M\u00E9lange \u00E0 boisson limette \u00E9clatante\",\"nme\":\"Screamin' Lime Drink Mix\",\"attr\":\"\",\"sku\":\"13358\",\"l2\":\"Cristal et sirop\",\"sl\":\"melange-a-boisson-limette-eclatante-13358\",\"sn\":\"\",\"idxP\":0},{\"mq\":\"Oenosphere\",\"nm\":\"Vin blanc Bonita Chardonnay\",\"nme\":\"White Bonita Chardonnay Wine\",\"attr\":\"\",\"sku\":\"13362\",\"l2\":\"Vin et bi\u00E8re\",\"sl\":\"vin-blanc-bonita-chardonnay-13362\",\"sn\":\"\",\"idxP\":0},{\"mq\":\"Oenosphere\",\"nm\":\"Vin rouge Bonita Tempranillo\",\"nme\":\"Red Bonita Tempranillo Wine\",\"attr\":\"\",\"sku\":\"13363\",\"l2\":\"Vin et bi\u00E8re\",\"sl\":\"vin-rouge-bonita-tempranillo-13363\",\"sn\":\"\",\"idxP\":0},{\"mq\":\"Oenosphere\",\"nm\":\"Vin blanc Chai Grenache-Roussanne-Marsanne\",\"nme\":\"White Grenache-Roussanne-Marsanne Chai Wine\",\"attr\":\"\",\"sku\":\"13364\",\"l2\":\"Vin et bi\u00E8re\",\"sl\":\"vin-blanc-chai-grenache-roussanne-marsanne-13364\",\"sn\":\"\",\"idxP\":0},{\"mq\":\"Oenosphere\",\"nm\":\"Vin ros\u00E9 Chai Grenache-Cinsault\",\"nme\":\"Ros\u00E9 Grenache-Cinsault Chai Wine\",\"attr\":\"\",\"sku\":\"13365\",\"l2\":\"Vin et bi\u00E8re\",\"sl\":\"vin-rose-chai-grenache-cinsault-13365\",\"sn\":\"\",\"idxP\":0},{\"mq\":\"Oenosphere\",\"nm\":\"Vin rouge Chai Grenache-Syrah\",\"nme\":\"Red Grenache-Syrah Chai Wine\",\"attr\":\"\",\"sku\":\"13366\",\"l2\":\"Vin et bi\u00E8re\",\"sl\":\"vin-rouge-chai-grenache-syrah-13366\",\"sn\":\"\",\"idxP\":0},{\"mq\":\"Oasis\",\"nm\":\"Cocktail 10 l\u00E9gumes\",\"nme\":\"10 Vegetable Cocktail\",\"attr\":\"\",\"sku\":\"13387\",\"l2\":\"Jus et boisson\",\"sl\":\"cocktail-10-legumes-13387\",\"sn\":\"\",\"idxP\":0},{\"mq\":\"Fruit\u00E9\",\"nm\":\"Boisson p\u00EAche\",\"nme\":\"Peach Beverage\",\"attr\":\"\",\"sku\":\"13389\",\"l2\":\"Jus et boisson\",\"sl\":\"boisson-peche-13389\",\"sn\":\"\",\"idxP\":0},{\"mq\":\"Oasis\",\"nm\":\"Jus m\u00E9lange ananas\",\"nme\":\"Pineapple Juice Blend\",\"attr\":\"\",\"sku\":\"13394\",\"l2\":\"Jus et boisson\",\"sl\":\"jus-melange-ananas-13394\",\"sn\":\"apples, ananas\",\"idxP\":0},{\"mq\":\"Fruit\u00E9\",\"nm\":\"Boisson punch fruits\",\"nme\":\"Fruit Punch Beverage\",\"attr\":\"\",\"sku\":\"13395\",\"l2\":\"Jus et boisson\",\"sl\":\"boisson-punch-fruits-13395\",\"sn\":\"\",\"idxP\":0},{\"mq\":\"Fruit\u00E9\",\"nm\":\"Boisson limonade\",\"nme\":\"Lemonade Beverage\",\"attr\":\"\",\"sku\":\"13397\",\"l2\":\"Jus et boisson\",\"sl\":\"boisson-limonade-13397\",\"sn\":\"\",\"idxP\":0},{\"mq\":\"Fruit\u00E9\",\"nm\":\"Boisson raisin\",\"nme\":\"Grape Beverage\",\"attr\":\"\",\"sku\":\"13398\",\"l2\":\"Jus et boisson\",\"sl\":\"boisson-raisin-13398\",\"sn\":\"raisins\",\"idxP\":0},{\"mq\":\"Stoney Creek\",\"nm\":\"Jus de tomate\",\"nme\":\"Tomato Juice\",\"attr\":\"\",\"sku\":\"13546\",\"l2\":\"Jus et boisson\",\"sl\":\"jus-de-tomate-13546\",\"sn\":\"tomates\",\"idxP\":0},{\"mq\":\"Banquet\",\"nm\":\"Jus de tomate\",\"nme\":\"Tomato Juice\",\"attr\":\"\",\"sku\":\"13548\",\"l2\":\"Jus et boisson\",\"sl\":\"jus-de-tomate-13548\",\"sn\":\"tomates\",\"idxP\":0},{\"mq\":\"Caf\u00E9 William\",\"nm\":\"Caf\u00E9 grain espresso Sumatra\",\"nme\":\"Sumatra Espresso Coffee Beans\",\"attr\":\"\",\"sku\":\"13659\",\"l2\":\"Caf\u00E9, th\u00E9 et chocolat\",\"sl\":\"cafe-grain-espresso-sumatra-13659\",\"sn\":\"\",\"idxP\":0},{\"mq\":\"Caf\u00E9 William\",\"nm\":\"Caf\u00E9 grain espresso Colombie\",\"nme\":\"Colombia Espresso Coffee Beans\",\"attr\":\"\",\"sku\":\"13664\",\"l2\":\"Caf\u00E9, th\u00E9 et chocolat\",\"sl\":\"cafe-grain-espresso-colombie-13664\",\"sn\":\"\",\"idxP\":0},{\"mq\":\"Naya\",\"nm\":\"Eau de source naturelle\",\"nme\":\"Spring Water\",\"attr\":\"\",\"sku\":\"13735\",\"l2\":\"Eau\",\"sl\":\"eau-de-source-naturelle-13735\",\"sn\":\"\",\"idxP\":0},{\"mq\":\"Red Stripe\",\"nm\":\"Bi\u00E8re Red Stripe\",\"nme\":\"Red Stripe Beer\",\"attr\":\"\",\"sku\":\"14392\",\"l2\":\"Vin et bi\u00E8re\",\"sl\":\"biere-red-stripe-14392\",\"sn\":\"\",\"idxP\":0},{\"mq\":\"Mejicano\",\"nm\":\"Tortilla r\u00E9gulier 12\\\"\",\"nme\":\"Regular Tortilla 12\\\"\",\"attr\":\"Produit local\",\"sku\":\"06128\",\"l2\":\"Tortilla et pain pita\",\"sl\":\"tortilla-regulier-12-mejicano-06128\",\"sn\":\"\",\"idxP\":78},{\"mq\":\"Pom\",\"nm\":\"Pains \u00E0 hamburger g\u00E9ants au s\u00E9same\",\"nme\":\"Sesame Jumbo Hamburger Buns\",\"attr\":\"\",\"sku\":\"32333\",\"l2\":\"Petit pain\",\"sl\":\"pains-a-hamburger-geants-au-sesame-pom-32333\",\"sn\":\"\",\"idxP\":80},{\"mq\":\"Cantor\",\"nm\":\"Croissants jumbo\",\"nme\":\"Jumbo Croissants\",\"attr\":\"\",\"sku\":\"41889\",\"l2\":\"Viennoiserie et gaufre\",\"sl\":\"croissants-jumbo-cantor-41889\",\"sn\":\"croissants\",\"idxP\":71},{\"mq\":\"St-Methode\",\"nm\":\"Pain grand-p\u00E8re \u00E0 l'avoine\",\"nme\":\"Grand-Father Oat Bread\",\"attr\":\"Produit local\",\"sku\":\"31106\",\"l2\":\"Pain tranch\u00E9\",\"sl\":\"pain-grand-pere-a-lavoine-st-methode-31106\",\"sn\":\"\",\"idxP\":68},{\"mq\":\"St-Methode\",\"nm\":\"Pain style grand-m\u00E8re\",\"nme\":\"Home Style Bread\",\"attr\":\"Produit local\",\"sku\":\"31050\",\"l2\":\"Pain tranch\u00E9\",\"sl\":\"pain-style-grand-mere-st-methode-31050\",\"sn\":\"\",\"idxP\":71},{\"mq\":\"Petite Bretonne\",\"nm\":\"Madeleines\",\"nme\":\"Madeleines Tea Cakes\",\"attr\":\"Produit local\",\"sku\":\"29889\",\"l2\":\"Viennoiserie et gaufre\",\"sl\":\"madeleines-petite-bretonne-29889\",\"sn\":\"\",\"idxP\":88},{\"mq\":\"Petite Bretonne\",\"nm\":\"Micro croissants\",\"nme\":\"Micro Croissants\",\"attr\":\"Produit local\",\"sku\":\"29890\",\"l2\":\"Viennoiserie et gaufre\",\"sl\":\"micro-croissants-petite-bretonne-29890\",\"sn\":\"croissants\",\"idxP\":74},{\"mq\":\"Mejicano\",\"nm\":\"Tortilla \u00E0 l'huile d'olive 10\\\"\",\"nme\":\"Olive Oil Tortilla 10\\\"\",\"attr\":\"Produit local\",\"sku\":\"05248\",\"l2\":\"Tortilla et pain pita\",\"sl\":\"tortilla-a-lhuile-dolive-10-mejicano-05248\",\"sn\":\"\",\"idxP\":38},{\"mq\":\"Mejicano\",\"nm\":\"Tortilla tomate et basilic 12\\\"\",\"nme\":\"Tomato and Basil Tortilla 12\\\"\",\"attr\":\"Produit local\",\"sku\":\"06138\",\"l2\":\"Tortilla et pain pita\",\"sl\":\"tortilla-tomate-et-basilic-12-mejicano-06138\",\"sn\":\"tomates\",\"idxP\":23},{\"mq\":\"St-Viateur\",\"nm\":\"Bagels au s\u00E9same\",\"nme\":\"Sesame Bagels\",\"attr\":\"Produit local\",\"sku\":\"24482\",\"l2\":\"Bagel\",\"sl\":\"bagels-au-sesame-st-viateur-24482\",\"sn\":\"\",\"idxP\":100},{\"mq\":\"Petite Bretonne\",\"nm\":\"Chocolatines\",\"nme\":\"Chocolate Croissants\",\"attr\":\"\",\"sku\":\"31006\",\"l2\":\"Viennoiserie et gaufre\",\"sl\":\"chocolatines-petite-bretonne-31006\",\"sn\":\"croissants\",\"idxP\":67},{\"mq\":\"Mejicano\",\"nm\":\"Tortillas tomate et basilic 10\\\"\",\"nme\":\"Tomato and Basil Tortillas\",\"attr\":\"Produit local\",\"sku\":\"12759\",\"l2\":\"Tortilla et pain pita\",\"sl\":\"tortillas-tomate-et-basilic-10-mejicano-12759\",\"sn\":\"tomates\",\"idxP\":32},{\"mq\":\"Mejicano\",\"nm\":\"Tortilla salsa 12\\\"\",\"nme\":\"Salsa Tortilla 12\\\"\",\"attr\":\"Produit local\",\"sku\":\"06133\",\"l2\":\"Tortilla et pain pita\",\"sl\":\"tortilla-salsa-12-mejicano-06133\",\"sn\":\"\",\"idxP\":25},{\"mq\":\"St-Methode\",\"nm\":\"Pain italien 9 grains\",\"nme\":\"9 Grain Italian Bread\",\"attr\":\"Produit local\",\"sku\":\"31035\",\"l2\":\"Pain tranch\u00E9\",\"sl\":\"pain-italien-9-grains-st-methode-31035\",\"sn\":\"\",\"idxP\":46},{\"mq\":\"Sunmaid\",\"nm\":\"Pain au raisin marbr\u00E9 \u00E0 la cannelle\",\"nme\":\"Cinnamon Swirl Raisin Bread\",\"attr\":\"\",\"sku\":\"33072\",\"l2\":\"Pain tranch\u00E9\",\"sl\":\"pain-au-raisin-marbre-a-la-cannelle-sunmaid-33072\",\"sn\":\"raisins\",\"idxP\":61},{\"mq\":\"Mejicano\",\"nm\":\"Tortilla 7\\\"\",\"nme\":\"Tortilla 7\\\"\",\"attr\":\"Produit local\",\"sku\":\"35170\",\"l2\":\"Tortilla et pain pita\",\"sl\":\"tortilla-7-mejicano-35170\",\"sn\":\"\",\"idxP\":78},{\"mq\":\"Pom\",\"nm\":\"Pain hot-dog\",\"nme\":\"Hot-Dog Buns\",\"attr\":\"\",\"sku\":\"10158\",\"l2\":\"Petit pain\",\"sl\":\"pain-hot-dog-pom-10158\",\"sn\":\"\",\"idxP\":45},{\"mq\":\"Sani\",\"nm\":\"Pain \u00E0 sandwich mince multigrain\",\"nme\":\"Multigrain Thin Sandwich Bread\",\"attr\":\"\",\"sku\":\"33789\",\"l2\":\"Petit pain\",\"sl\":\"pain-a-sandwich-mince-multigrain-sani-33789\",\"sn\":\"\",\"idxP\":78},{\"mq\":\"Mejicano\",\"nm\":\"Tortilla au ma\u00EFs 4,5\\\"\",\"nme\":\"Corn Tortilla 4.5\\\"\",\"attr\":\"Produit local\",\"sku\":\"37010\",\"l2\":\"Tortilla et pain pita\",\"sl\":\"tortilla-au-mais-45-mejicano-37010\",\"sn\":\"\",\"idxP\":24},{\"mq\":\"Mejicano\",\"nm\":\"Tortilla au bl\u00E9 entier 10\\\"\",\"nme\":\"Whole Wheat Tortilla 10\\\"\",\"attr\":\"Produit local\",\"sku\":\"45664\",\"l2\":\"Tortilla et pain pita\",\"sl\":\"tortilla-au-ble-entier-10-mejicano-45664\",\"sn\":\"\",\"idxP\":59},{\"mq\":\"Mejicano\",\"nm\":\"Tortilla de bl\u00E9 7\\\"\",\"nme\":\"Tortilla 7\\\"\",\"attr\":\"Produit local\",\"sku\":\"35171\",\"l2\":\"Tortilla et pain pita\",\"sl\":\"tortilla-de-ble-7-mejicano-35171\",\"sn\":\"\",\"idxP\":28},{\"mq\":\"Petite Bretonne\",\"nm\":\"Mini chocolatines\",\"nme\":\"Mini Chocolatine Croissants\",\"attr\":\"Produit local\",\"sku\":\"46307\",\"l2\":\"Viennoiserie et gaufre\",\"sl\":\"mini-chocolatines-petite-bretonne-46307\",\"sn\":\"croissants\",\"idxP\":82},{\"mq\":\"Mejicano\",\"nm\":\"Tortilla bl\u00E9 entier 12\\\"\",\"nme\":\"Wheat Tortilla 12\\\"\",\"attr\":\"Produit local\",\"sku\":\"06131\",\"l2\":\"Tortilla et pain pita\",\"sl\":\"tortilla-ble-entier-12-mejicano-06131\",\"sn\":\"\",\"idxP\":34},{\"mq\":\"St-Methode\",\"nm\":\"Pain miche 100% grains entiers\",\"nme\":\"100% whole grain loaf bread\",\"attr\":\"Produit local\",\"sku\":\"31038\",\"l2\":\"Pain tranch\u00E9\",\"sl\":\"pain-miche-100-grains-entiers-st-methode-31038\",\"sn\":\"\",\"idxP\":61},{\"mq\":\"Mejicano\",\"nm\":\"Tortilla salsa 10\\\"\",\"nme\":\"Salsa Tortilla 10\\\"\",\"attr\":\"Produit local\",\"sku\":\"37015\",\"l2\":\"Tortilla et pain pita\",\"sl\":\"tortilla-salsa-10-mejicano-37015\",\"sn\":\"\",\"idxP\":22},{\"mq\":\"Mejicano\",\"nm\":\"Tortilla au pesto 10\\\"\",\"nme\":\"Pesto Tortilla 10\\\"\",\"attr\":\"Produit local\",\"sku\":\"45665\",\"l2\":\"Tortilla et pain pita\",\"sl\":\"tortilla-au-pesto-10-mejicano-45665\",\"sn\":\"\",\"idxP\":50},{\"mq\":\"St-Methode\",\"nm\":\"Pain miche allong\u00E9e aux grains entiers\",\"nme\":\"Whole Grain Leaf Bread\",\"attr\":\"Produit local\",\"sku\":\"31107\",\"l2\":\"Pain tranch\u00E9\",\"sl\":\"pain-miche-allongee-aux-grains-entiers-st-methode-31107\",\"sn\":\"\",\"idxP\":67},{\"mq\":\"St-Donat\",\"nm\":\"Tarte aux pacanes\",\"nme\":\"Pecan Pie\",\"attr\":\"\",\"sku\":\"10117\",\"l2\":\"G\u00E2teau\",\"sl\":\"tarte-aux-pacanes-st-donat-10117\",\"sn\":\"\",\"idxP\":61},{\"mq\":\"Mejicano\",\"nm\":\"Tortilla r\u00E9gulier 10\\\"\",\"nme\":\"Tortilla 10\\\"\",\"attr\":\"Produit local\",\"sku\":\"45667\",\"l2\":\"Tortilla et pain pita\",\"sl\":\"tortilla-regulier-10-mejicano-45667\",\"sn\":\"\",\"idxP\":93},{\"mq\":\"St-Donat\",\"nm\":\"Tourbillons de sucre \u00E0 la cr\u00E8me\",\"nme\":\"Creamy Fudge Swirls\",\"attr\":\"\",\"sku\":\"10150\",\"l2\":\"G\u00E2teau\",\"sl\":\"tourbillons-de-sucre-a-la-creme-st-donat-10150\",\"sn\":\"\",\"idxP\":33},{\"mq\":\"St-Donat\",\"nm\":\"Tarte aux pommes et sucre \u00E0 la cr\u00E8me\",\"nme\":\"Apple Fudge Pie\",\"attr\":\"\",\"sku\":\"10146\",\"l2\":\"G\u00E2teau\",\"sl\":\"tarte-aux-pommes-et-sucre-a-la-creme-st-donat-10146\",\"sn\":\"apples, pommes\",\"idxP\":28},{\"mq\":\"St-Donat\",\"nm\":\"Tarte au sucre \u00E0 la cr\u00E8me\",\"nme\":\"Creamy Fudge Pie\",\"attr\":\"\",\"sku\":\"10114\",\"l2\":\"G\u00E2teau\",\"sl\":\"tarte-au-sucre-a-la-creme-st-donat-10114\",\"sn\":\"\",\"idxP\":30},{\"mq\":\"St-Hubert\",\"nm\":\"Vol-au-vent\",\"nme\":\"St Hubert Pastry Shells\",\"attr\":\"Aliment du Qu\u00E9bec, Produit local\",\"sku\":\"28379\",\"l2\":\"Pr\u00EAt \u00E0 garnir\",\"sl\":\"vol-au-vent-st-hubert-28379\",\"sn\":\"\",\"idxP\":96},{\"mq\":\"St-Donat\",\"nm\":\"Tarte aux pommes\",\"nme\":\"Apple Pie\",\"attr\":\"\",\"sku\":\"29149\",\"l2\":\"G\u00E2teau\",\"sl\":\"tarte-aux-pommes-st-donat-29149\",\"sn\":\"apples, pommes\",\"idxP\":41},{\"mq\":\"St-Donat\",\"nm\":\"Croustade de pommes\",\"nme\":\"Apple Crumble\",\"attr\":\"\",\"sku\":\"29146\",\"l2\":\"G\u00E2teau\",\"sl\":\"croustade-de-pommes-st-donat-29146\",\"sn\":\"apples, pommes\",\"idxP\":28},{\"mq\":\"St-Donat\",\"nm\":\"Tarte \u00E0 la rhubarbe et \u00E0 la fraise\",\"nme\":\"Rhubarb and Strawberry Pie\",\"attr\":\"\",\"sku\":\"29148\",\"l2\":\"G\u00E2teau\",\"sl\":\"tarte-a-la-rhubarbe-et-a-la-fraise-st-donat-29148\",\"sn\":\"fraises\",\"idxP\":19},{\"mq\":\"Bridor\",\"nm\":\"Danoise amandine cuit\",\"nme\":\"Cooked almond danish\",\"attr\":\"\",\"sku\":\"58326\",\"l2\":\"Viennoiserie et gaufre\",\"sl\":\"danoise-amandine-cuit-bridor-58326\",\"sn\":\"croissants, amandes\",\"idxP\":70},{\"mq\":\"Bridor\",\"nm\":\"Chocolatine au beurre cuit\",\"nme\":\"Butter Chocolate Croissant\",\"attr\":\"\",\"sku\":\"29157\",\"l2\":\"Viennoiserie et gaufre\",\"sl\":\"chocolatine-au-beurre-cuit-bridor-29157\",\"sn\":\"\",\"idxP\":72},{\"mq\":\"Arz\",\"nm\":\"Pain pita blanc 8.5\\\"\",\"nme\":\"White Pita Bread 8.5\\\"\",\"attr\":\"\",\"sku\":\"29642\",\"l2\":\"Tortilla et pain pita\",\"sl\":\"pain-pita-blanc-8.5-arz-29642\",\"sn\":\"\",\"idxP\":65},{\"mq\":\"Aladdin\",\"nm\":\"Mini pain pita blanc 2.5\\\"\",\"nme\":\"White Mini Pita Bread 2.5\\\"\",\"attr\":\"\",\"sku\":\"29640\",\"l2\":\"Tortilla et pain pita\",\"sl\":\"mini-pain-pita-blanc-2.5-aladdin-29640\",\"sn\":\"\",\"idxP\":37},{\"mq\":\"Arz\",\"nm\":\"Pain pita blanc 7\\\"\",\"nme\":\"White Pita Bread 7\\\"\",\"attr\":\"\",\"sku\":\"29644\",\"l2\":\"Tortilla et pain pita\",\"sl\":\"pain-pita-blanc-7-arz-29644\",\"sn\":\"\",\"idxP\":53},{\"mq\":\"Arz\",\"nm\":\"Pain pita blanc 12\\\"\",\"nme\":\"White Pita Bread 12\\\"\",\"attr\":\"\",\"sku\":\"29638\",\"l2\":\"Tortilla et pain pita\",\"sl\":\"pain-pita-blanc-12-arz-29638\",\"sn\":\"\",\"idxP\":46},{\"mq\":\"Aladdin\",\"nm\":\"Pain pita de bl\u00E9 8.5\\\"\",\"nme\":\"Whole Wheat Pita Bread 8.5\\\"\",\"attr\":\"\",\"sku\":\"29641\",\"l2\":\"Tortilla et pain pita\",\"sl\":\"pain-pita-de-ble-8.5-aladdin-29641\",\"sn\":\"\",\"idxP\":46},{\"mq\":\"Athens\",\"nm\":\"Coquilles Feuillet\u00E9es\",\"nme\":\"Shells fillo\",\"attr\":\"\",\"sku\":\"00705\",\"l2\":\"Pr\u00EAt \u00E0 garnir\",\"sl\":\"coquilles-feuilletees-athens-00705\",\"sn\":\"\",\"idxP\":87},{\"mq\":\"Pom\",\"nm\":\"Tortillas au bl\u00E9 7''\",\"nme\":\"Wholewheat tortillas 7''\",\"attr\":\"\",\"sku\":\"31583\",\"l2\":\"Tortilla et pain pita\",\"sl\":\"tortillas-au-ble-7-pom-31583\",\"sn\":\"\",\"idxP\":13},{\"mq\":\"Pom\",\"nm\":\"Tortillas blanc 10\\\"\",\"nme\":\"White tortillas 10\\\"\",\"attr\":\"\",\"sku\":\"31585\",\"l2\":\"Tortilla et pain pita\",\"sl\":\"tortillas-blanc-10-pom-31585\",\"sn\":\"\",\"idxP\":84},{\"mq\":\"Pom\",\"nm\":\"Tortillas blanc 7''\",\"nme\":\"White tortillas 7''\",\"attr\":\"\",\"sku\":\"31584\",\"l2\":\"Tortilla et pain pita\",\"sl\":\"tortillas-blanc-7-pom-31584\",\"sn\":\"\",\"idxP\":71},{\"mq\":\"Pom\",\"nm\":\"Pains hot dog vapeur s\u00E9same 7''\",\"nme\":\"Steamed sesame hot dog bread 7''\",\"attr\":\"Aliment du Qu\u00E9bec, Produit local\",\"sku\":\"31582\",\"l2\":\"Petit pain\",\"sl\":\"pains-hot-dog-vapeur-sesame-7-pom-31582\",\"sn\":\"\",\"idxP\":68},{\"nm\":\"Panini 6.75\\\"\",\"nme\":\"Panini 6.75\\\"\",\"attr\":\"\",\"sku\":\"58343\",\"l2\":\"Petit pain\",\"sl\":\"panini-6.75-58343\",\"sn\":\"\",\"idxP\":46},{\"mq\":\"Pom\",\"nm\":\"Petits pains panini\",\"nme\":\"Panini Rolls\",\"attr\":\"\",\"sku\":\"33360\",\"l2\":\"Petit pain\",\"sl\":\"petits-pains-panini-pom-33360\",\"sn\":\"\",\"idxP\":73},{\"nm\":\"Panini 6.75\\\"\",\"nme\":\"Panini 6.75\\\"\",\"attr\":\"\",\"sku\":\"58344\",\"l2\":\"Petit pain\",\"sl\":\"panini-6.75-58344\",\"sn\":\"\",\"idxP\":50},{\"mq\":\"Villagio\",\"nm\":\"Pain blanc Artesano\",\"nme\":\"Artesano white bread\",\"attr\":\"\",\"sku\":\"35534\",\"l2\":\"Pain tranch\u00E9\",\"sl\":\"pain-blanc-artesano-villagio-35534\",\"sn\":\"\",\"idxP\":10},{\"mq\":\"La Fourn\u00E9e Dor\u00E9e\",\"nm\":\"Pains hamburger brioch\u00E9s 4un\",\"nme\":\"Brioche burger buns 4un\",\"attr\":\"\",\"sku\":\"38704\",\"l2\":\"Petit pain\",\"sl\":\"pains-hamburger-brioches-4un-la-fournee-doree-38704\",\"sn\":\"\",\"idxP\":76},{\"mq\":\"La Fourn\u00E9e Dor\u00E9e\",\"nm\":\"Pains hot-dog brioch\u00E9s 8un\",\"nme\":\"Brioche hot dog rolls 8un\",\"attr\":\"\",\"sku\":\"38619\",\"l2\":\"Petit pain\",\"sl\":\"pains-hot-dog-brioches-8un-la-fournee-doree-38619\",\"sn\":\"\",\"idxP\":49},{\"mq\":\"La Fourn\u00E9e Dor\u00E9e\",\"nm\":\"Pain brioche en tranche\",\"nme\":\"Sliced brioche\",\"attr\":\"\",\"sku\":\"38594\",\"l2\":\"Petit pain\",\"sl\":\"pain-brioche-en-tranche-la-fournee-doree-38594\",\"sn\":\"\",\"idxP\":45},{\"mq\":\"La Fourn\u00E9e Dor\u00E9e\",\"nm\":\"Mini brioches 12un\",\"nme\":\"Mini brioches 12un\",\"attr\":\"\",\"sku\":\"38600\",\"l2\":\"Viennoiserie et gaufre\",\"sl\":\"mini-brioches-12un-la-fournee-doree-38600\",\"sn\":\"\",\"idxP\":52},{\"mq\":\"La Fourn\u00E9e Dor\u00E9e\",\"nm\":\"Pains hamburger brioch\u00E9s 6un\",\"nme\":\"Brioche burger buns 6un\",\"attr\":\"\",\"sku\":\"38651\",\"l2\":\"Petit pain\",\"sl\":\"pains-hamburger-brioches-6un-la-fournee-doree-38651\",\"sn\":\"\",\"idxP\":76},{\"mq\":\"Martin's\",\"nm\":\"Pain hamburger aux pommes de terre\",\"nme\":\"Slider potato rolls\",\"attr\":\"\",\"sku\":\"40256\",\"l2\":\"Petit pain\",\"sl\":\"pain-hamburger-aux-pommes-de-terre-martins-40256\",\"sn\":\"pommes\",\"idxP\":98},{\"mq\":\"La Fourn\u00E9e Dor\u00E9e\",\"nm\":\"Pains hamburger s\u00E9same brioch\u00E9s 4un\",\"nme\":\"Brioche burger buns sesame 4un\",\"attr\":\"\",\"sku\":\"38650\",\"l2\":\"Petit pain\",\"sl\":\"pains-hamburger-sesame-brioches-4un-la-fournee-doree-38650\",\"sn\":\"\",\"idxP\":75},{\"mq\":\"Maison Isabelle\",\"nm\":\"G\u00E2teau duo moelleux dor\u00E9-marbr\u00E9\",\"nme\":\"Duo loaf cake  Marble-golden\",\"attr\":\"\",\"sku\":\"01251\",\"l2\":\"G\u00E2teau\",\"sl\":\"gateau-duo-moelleux-dore-marbre-maison-isabelle-01251\",\"sn\":\"\",\"idxP\":50},{\"mq\":\"Maison Isabelle\",\"nm\":\"G\u00E2teau citron tranch\u00E9\",\"nme\":\"Sliced Lemon loaf cake\",\"attr\":\"\",\"sku\":\"01254\",\"l2\":\"G\u00E2teau\",\"sl\":\"gateau-citron-tranche-maison-isabelle-01254\",\"sn\":\"citrons\",\"idxP\":38},{\"mq\":\"Maison Isabelle\",\"nm\":\"G\u00E2teau marbr\u00E9 tranch\u00E9\",\"nme\":\"Sliced Marble loaf cake\",\"attr\":\"\",\"sku\":\"01253\",\"l2\":\"G\u00E2teau\",\"sl\":\"gateau-marbre-tranche-maison-isabelle-01253\",\"sn\":\"\",\"idxP\":35},{\"mq\":\"Maison Isabelle\",\"nm\":\"G\u00E2teau framboise tranch\u00E9\",\"nme\":\"Sliced raspberry  loaf cake\",\"attr\":\"\",\"sku\":\"01252\",\"l2\":\"G\u00E2teau\",\"sl\":\"gateau-framboise-tranche-maison-isabelle-01252\",\"sn\":\"framboises\",\"idxP\":41},{\"mq\":\"Pom\",\"nm\":\"Tortillas bl\u00E9 entier 10\\\"\",\"nme\":\"Whole wheat ltortillas 10\\\"\",\"attr\":\"\",\"sku\":\"47408\",\"l2\":\"Tortilla et pain pita\",\"sl\":\"tortillas-ble-entier-10-pom-47408\",\"sn\":\"\",\"idxP\":12},{\"mq\":\"Pom\",\"nm\":\"Pains hamburger s\u00E9same signature\",\"nme\":\"Signature sesame hamburger buns\",\"attr\":\"Aliment du Qu\u00E9bec, Produit local\",\"sku\":\"01656\",\"l2\":\"Petit pain\",\"sl\":\"pains-hamburger-sesame-signature-pom-01656\",\"sn\":\"\",\"idxP\":80},{\"mq\":\"Pom\",\"nm\":\"Bagels tout garni\",\"nme\":\"All Dressed Bagels\",\"attr\":\"\",\"sku\":\"01862\",\"l2\":\"Bagel\",\"sl\":\"bagels-tout-garni-pom-01862\",\"sn\":\"\",\"idxP\":26},{\"mq\":\"Pom\",\"nm\":\"Bagels cannelle et raisins\",\"nme\":\"Cinnamon Raisin Bagels\",\"attr\":\"\",\"sku\":\"01863\",\"l2\":\"Bagel\",\"sl\":\"bagels-cannelle-et-raisins-pom-01863\",\"sn\":\"raisins\",\"idxP\":7},{\"mq\":\"Bon Matin\",\"nm\":\"Pain multigrain\",\"nme\":\"Multigrain bread\",\"attr\":\"\",\"sku\":\"01856\",\"l2\":\"Pain tranch\u00E9\",\"sl\":\"pain-multigrain-bon-matin-01856\",\"sn\":\"\",\"idxP\":28},{\"mq\":\"Pom\",\"nm\":\"Bagels au s\u00E9same\",\"nme\":\"Sesame Bagels\",\"attr\":\"\",\"sku\":\"01861\",\"l2\":\"Bagel\",\"sl\":\"bagels-au-sesame-pom-01861\",\"sn\":\"\",\"idxP\":42},{\"mq\":\"Pom\",\"nm\":\"Bagels 12 c\u00E9r\u00E9ales\",\"nme\":\"12 grain bagels\",\"attr\":\"\",\"sku\":\"01867\",\"l2\":\"Bagel\",\"sl\":\"bagels-12-cereales-pom-01867\",\"sn\":\"\",\"idxP\":8},{\"mq\":\"Pom\",\"nm\":\"Pains hamburger brioch\u00E9 signature\",\"nme\":\"Signature Brioche Burger Buns\",\"attr\":\"\",\"sku\":\"01873\",\"l2\":\"Petit pain\",\"sl\":\"pains-hamburger-brioche-signature-pom-01873\",\"sn\":\"\",\"idxP\":86},{\"mq\":\"Bon Matin\",\"nm\":\"Pain sans sucre sans gras 100% bl\u00E9\",\"nme\":\"100% wheat fat free sugar free bread\",\"attr\":\"\",\"sku\":\"01857\",\"l2\":\"Pain tranch\u00E9\",\"sl\":\"pain-sans-sucre-sans-gras-100-ble-bon-matin-01857\",\"sn\":\"\",\"idxP\":25},{\"mq\":\"Novali\",\"nm\":\"Muffin double chocolat\",\"nme\":\"Double Chocolate Muffin\",\"attr\":\"\",\"sku\":\"01824\",\"l2\":\"Muffin\",\"sl\":\"muffin-double-chocolat-novali-01824\",\"sn\":\"\",\"idxP\":42},{\"mq\":\"Pom\",\"nm\":\"Muffin anglais nature\",\"nme\":\"English Muffin\",\"attr\":\"\",\"sku\":\"01869\",\"l2\":\"Muffin\",\"sl\":\"muffin-anglais-nature-pom-01869\",\"sn\":\"\",\"idxP\":73},{\"mq\":\"Bon Matin\",\"nm\":\"Pain sans sucre sans gras prot\u00E9ine\",\"nme\":\"Fat free sugar free protein bread\",\"attr\":\"\",\"sku\":\"01858\",\"l2\":\"Pain tranch\u00E9\",\"sl\":\"pain-sans-sucre-sans-gras-proteine-bon-matin-01858\",\"sn\":\"\",\"idxP\":51},{\"mq\":\"Pom\",\"nm\":\"Bagels nature\",\"nme\":\"Plain Bagels\",\"attr\":\"\",\"sku\":\"01864\",\"l2\":\"Bagel\",\"sl\":\"bagels-nature-pom-01864\",\"sn\":\"\",\"idxP\":34},{\"mq\":\"Bon Matin\",\"nm\":\"Pain belge 12 c\u00E9r\u00E9ales\",\"nme\":\"Belgian bread 12 cereals\",\"attr\":\"\",\"sku\":\"01859\",\"l2\":\"Pain tranch\u00E9\",\"sl\":\"pain-belge-12-cereales-bon-matin-01859\",\"sn\":\"\",\"idxP\":83},{\"mq\":\"Bon Matin\",\"nm\":\"Pain grains rustiques\",\"nme\":\"Rustic grain bread\",\"attr\":\"\",\"sku\":\"01860\",\"l2\":\"Pain tranch\u00E9\",\"sl\":\"pain-grains-rustiques-bon-matin-01860\",\"sn\":\"\",\"idxP\":24},{\"mq\":\"English Bay\",\"nm\":\"Biscuit \u00E0 la m\u00E9lasse\",\"nme\":\"Molasses Cookie\",\"attr\":\"\",\"sku\":\"17768\",\"l2\":\"Cookie\",\"sl\":\"biscuit-a-la-melasse-english-bay-17768\",\"sn\":\"\",\"idxP\":14},{\"mq\":\"Novali\",\"nm\":\"Muffin framboises & yogourt\",\"nme\":\"Raspberries & Yogurt Muffin\",\"attr\":\"\",\"sku\":\"02062\",\"l2\":\"Muffin\",\"sl\":\"muffin-framboises-yogourt-novali-02062\",\"sn\":\"framboises\",\"idxP\":21},{\"mq\":\"Novali\",\"nm\":\"Muffin aux carottes\",\"nme\":\"Carrtos muffin\",\"attr\":\"\",\"sku\":\"02066\",\"l2\":\"Muffin\",\"sl\":\"muffin-aux-carottes-novali-02066\",\"sn\":\"carottes\",\"idxP\":24},{\"mq\":\"Novali\",\"nm\":\"Muffin aux bleuets\",\"nme\":\"Blueberry muffin\",\"attr\":\"\",\"sku\":\"02065\",\"l2\":\"Muffin\",\"sl\":\"muffin-aux-bleuets-novali-02065\",\"sn\":\"\",\"idxP\":37},{\"mq\":\"Novali\",\"nm\":\"Muffin son et fruits\",\"nme\":\"Bran and fruit muffin\",\"attr\":\"\",\"sku\":\"02061\",\"l2\":\"Muffin\",\"sl\":\"muffin-son-et-fruits-novali-02061\",\"sn\":\"\",\"idxP\":23},{\"mq\":\"Novali\",\"nm\":\"Muffin banane et chocolat\",\"nme\":\"Chocolate & Banana Muffin\",\"attr\":\"\",\"sku\":\"02064\",\"l2\":\"Muffin\",\"sl\":\"muffin-banane-et-chocolat-novali-02064\",\"sn\":\"ananas, bananes\",\"idxP\":39},{\"mq\":\"Novali\",\"nm\":\"Muffin orange et canneberges\",\"nme\":\"Orange & Cranberries Muffin\",\"attr\":\"\",\"sku\":\"02069\",\"l2\":\"Muffin\",\"sl\":\"muffin-orange-et-canneberges-novali-02069\",\"sn\":\"\",\"idxP\":41},{\"mq\":\"Bon Matin\",\"nm\":\"Pain de seigle\",\"nme\":\"Rye bread\",\"attr\":\"\",\"sku\":\"02140\",\"l2\":\"Pain tranch\u00E9\",\"sl\":\"pain-de-seigle-bon-matin-02140\",\"sn\":\"\",\"idxP\":100},{\"mq\":\"Pom\",\"nm\":\"Pain m\u00E9nage bl\u00E9\",\"nme\":\"Menage wheat bread\",\"attr\":\"\",\"sku\":\"02681\",\"l2\":\"Pain tranch\u00E9\",\"sl\":\"pain-menage-ble-pom-02681\",\"sn\":\"\",\"idxP\":11},{\"mq\":\"Pom\",\"nm\":\"Pain m\u00E9nage blanc\",\"nme\":\"Menage white bread\",\"attr\":\"\",\"sku\":\"02680\",\"l2\":\"Pain tranch\u00E9\",\"sl\":\"pain-menage-blanc-pom-02680\",\"sn\":\"\",\"idxP\":66},{\"mq\":\"English Bay\",\"nm\":\"Biscuit double chocolat\",\"nme\":\"Double Chocolate Dough Cookies\",\"attr\":\"\",\"sku\":\"25858\",\"l2\":\"Cookie\",\"sl\":\"biscuit-double-chocolat-english-bay-25858\",\"sn\":\"\",\"idxP\":42},{\"mq\":\"English Bay\",\"nm\":\"Biscuit au brisure de chocolat\",\"nme\":\"Chocolate Chips Dough Cookies\",\"attr\":\"\",\"sku\":\"25861\",\"l2\":\"Cookie\",\"sl\":\"biscuit-au-brisure-de-chocolat-english-bay-25861\",\"sn\":\"\",\"idxP\":41},{\"mq\":\"English Bay\",\"nm\":\"Biscuit caramel sal\u00E9 et chocolat\",\"nme\":\"Chocolate and Salted Caramel Dough Cookies\",\"attr\":\"\",\"sku\":\"23127\",\"l2\":\"Cookie\",\"sl\":\"biscuit-caramel-sale-et-chocolat-english-bay-23127\",\"sn\":\"\",\"idxP\":50},{\"mq\":\"English Bay\",\"nm\":\"Biscuit au beurre d'arachide\",\"nme\":\"Peanut Butter Dough Cookie\",\"attr\":\"\",\"sku\":\"44272\",\"l2\":\"Cookie\",\"sl\":\"biscuit-au-beurre-darachide-english-bay-44272\",\"sn\":\"\",\"idxP\":31},{\"mq\":\"Pom\",\"nm\":\"Pain blanc sans gras ni sucre ajout\u00E9 nature +\",\"nme\":\"Nature + No Fat Or Sugar Added White Bread\",\"attr\":\"\",\"sku\":\"02711\",\"l2\":\"Pain tranch\u00E9\",\"sl\":\"pain-blanc-sans-gras-ni-sucre-ajoute-nature-pom-02711\",\"sn\":\"\",\"idxP\":46},{\"mq\":\"Pom\",\"nm\":\"Pain sous-marin ultra-moelleux\",\"nme\":\"Ultra most submarine\",\"attr\":\"Aliment du Qu\u00E9bec\",\"sku\":\"03684\",\"l2\":\"Petit pain\",\"sl\":\"pain-sous-marin-ultra-moelleux-pom-03684\",\"sn\":\"\",\"idxP\":0},{\"mq\":\"Bon Matin\",\"nm\":\"Pain 14 c\u00E9r\u00E9ales\",\"nme\":\"14 grain bread\",\"attr\":\"\",\"sku\":\"31943\",\"l2\":\"Pain tranch\u00E9\",\"sl\":\"pain-14-cereales-bon-matin-31943\",\"sn\":\"\",\"idxP\":68},{\"mq\":\"St-Methode\",\"nm\":\"Le Campagnolo miche 100%  bl\u00E9 entier\",\"nme\":\"Le Campagnolo 100% whole wheat loaf\",\"attr\":\"\",\"sku\":\"11448\",\"l2\":\"Pain tranch\u00E9\",\"sl\":\"le-campagnolo-miche-100-ble-entier-st-methode-11448\",\"sn\":\"\",\"idxP\":20},{\"mq\":\"St-Methode\",\"nm\":\"Le Campagnolo miche blanche\",\"nme\":\"Le Campagnolo white loaf\",\"attr\":\"\",\"sku\":\"11449\",\"l2\":\"Pain tranch\u00E9\",\"sl\":\"le-campagnolo-miche-blanche-st-methode-11449\",\"sn\":\"\",\"idxP\":21},{\"mq\":\"St-Methode\",\"nm\":\"Le Campagnolo miche \u00E0 l'avoine et s\u00E9same\",\"nme\":\"Le Campagnolo sesame oat loaf\",\"attr\":\"\",\"sku\":\"11450\",\"l2\":\"Pain tranch\u00E9\",\"sl\":\"le-campagnolo-miche-a-lavoine-et-sesame-st-methode-11450\",\"sn\":\"\",\"idxP\":40},{\"mq\":\"Villagio\",\"nm\":\"Pains \u00E0 hamburger toscana\",\"nme\":\"Toscana Hemburger Buns\",\"attr\":\"\",\"sku\":\"11485\",\"l2\":\"Petit pain\",\"sl\":\"pains-a-hamburger-toscana-villagio-11485\",\"sn\":\"\",\"idxP\":0},{\"mq\":\"St-Methode\",\"nm\":\"Pain multi-c\u00E9r\u00E9ales\",\"nme\":\"Multi-cereal bread\",\"attr\":\"\",\"sku\":\"11452\",\"l2\":\"Pain tranch\u00E9\",\"sl\":\"pain-multi-cereales-st-methode-11452\",\"sn\":\"\",\"idxP\":35},{\"mq\":\"Pom\",\"nm\":\"Pain \u00E0 sandwich 100% bl\u00E9 entier long\",\"nme\":\"100% Whole Wheat Long Sandwich Bread\",\"attr\":\"\",\"sku\":\"11482\",\"l2\":\"Pain tranch\u00E9\",\"sl\":\"pain-a-sandwich-100-ble-entier-long-pom-11482\",\"sn\":\"\",\"idxP\":0},{\"mq\":\"Pom\",\"nm\":\"Pains hamburger blanc\",\"nme\":\"White Hamburger Buns\",\"attr\":\"\",\"sku\":\"01658\",\"l2\":\"Petit pain\",\"sl\":\"pains-hamburger-blanc-pom-01658\",\"sn\":\"\",\"idxP\":63},{\"mq\":\"Boulangerie Petit Pr\u00E9\",\"nm\":\"Galette avoine chocolat\",\"nme\":\"Oatmeal Chocolate Cookie\",\"attr\":\"\",\"sku\":\"11539\",\"l2\":\"G\u00E2teau\",\"sl\":\"galette-avoine-chocolat-boulangerie-petit-pre-11539\",\"sn\":\"\",\"idxP\":0},{\"mq\":\"Kontos\",\"nm\":\"Pain gyro pr\u00E9-huil\u00E9 7\\\"\",\"nme\":\"Pre-Oiled 7\\\" Gyro Bread\",\"attr\":\"\",\"sku\":\"11492\",\"l2\":\"Tortilla et pain pita\",\"sl\":\"pain-gyro-pre-huile-7-kontos-11492\",\"sn\":\"\",\"idxP\":33},{\"mq\":\"Pom\",\"nm\":\"Pains \u00E0 hot-dog cuits \u00E0 la vapeur\",\"nme\":\"Steam baked hot-dog buns\",\"attr\":\"Aliment du Qu\u00E9bec, Produit local\",\"sku\":\"11500\",\"l2\":\"Petit pain\",\"sl\":\"pains-a-hot-dog-cuits-a-la-vapeur-pom-11500\",\"sn\":\"\",\"idxP\":0},{\"mq\":\"Boulangerie Petit Pr\u00E9\",\"nm\":\"Tartelette au citron\",\"nme\":\"Lemon Tartlet\",\"attr\":\"\",\"sku\":\"11527\",\"l2\":\"G\u00E2teau\",\"sl\":\"tartelette-au-citron-boulangerie-petit-pre-11527\",\"sn\":\"citrons\",\"idxP\":0},{\"mq\":\"Boulangerie Petit Pr\u00E9\",\"nm\":\"Tartelette au sucre\",\"nme\":\"Sugar Tartlet\",\"attr\":\"\",\"sku\":\"11529\",\"l2\":\"G\u00E2teau\",\"sl\":\"tartelette-au-sucre-boulangerie-petit-pre-11529\",\"sn\":\"\",\"idxP\":0},{\"mq\":\"Pom\",\"nm\":\"Pain \u00E0 sandwich blanc long\",\"nme\":\"White Long Sandwich Bread\",\"attr\":\"\",\"sku\":\"11475\",\"l2\":\"Pain tranch\u00E9\",\"sl\":\"pain-a-sandwich-blanc-long-pom-11475\",\"sn\":\"\",\"idxP\":-9},{\"mq\":\"Boulangerie Petit Pr\u00E9\",\"nm\":\"Galette avoine traditionnelle\",\"nme\":\"Classic Oatmeal Cookie\",\"attr\":\"\",\"sku\":\"11530\",\"l2\":\"G\u00E2teau\",\"sl\":\"galette-avoine-traditionnelle-boulangerie-petit-pre-11530\",\"sn\":\"\",\"idxP\":0},{\"mq\":\"Boulangerie Petit Pr\u00E9\",\"nm\":\"Tartelette aux pacanes\",\"nme\":\"Pecan Tartlet\",\"attr\":\"\",\"sku\":\"11525\",\"l2\":\"G\u00E2teau\",\"sl\":\"tartelette-aux-pacanes-boulangerie-petit-pre-11525\",\"sn\":\"\",\"idxP\":0},{\"mq\":\"Pom\",\"nm\":\"Pain hot-dog vapeur\",\"nme\":\"Hot-Dog Steamed Buns\",\"attr\":\"\",\"sku\":\"11617\",\"l2\":\"Petit pain\",\"sl\":\"pain-hot-dog-vapeur-pom-11617\",\"sn\":\"\",\"idxP\":0},{\"mq\":\"Le petit fran\u00E7ais\",\"nm\":\"Mini beignets chocolat noisette\",\"nme\":\"Chocolate Hazelnut Mini Donuts\",\"attr\":\"\",\"sku\":\"11804\",\"l2\":\"Viennoiserie et gaufre\",\"sl\":\"mini-beignets-chocolat-noisette-le-petit-francais-11804\",\"sn\":\"\",\"idxP\":0},{\"mq\":\"Dominic - La Petite Bretonne\",\"nm\":\"Croissants cocktail\",\"nme\":\"Cocktail Croissants\",\"attr\":\"\",\"sku\":\"11975\",\"l2\":\"Viennoiserie et gaufre\",\"sl\":\"croissants-cocktail-dominic-la-petite-bretonne-11975\",\"sn\":\"croissants\",\"idxP\":0},{\"mq\":\"Mayrand Chef\",\"nm\":\"Baguettes fran\u00E7aises artisanales x2\",\"nme\":\"French Artisanal Baguettes x2\",\"attr\":\"\",\"sku\":\"11771\",\"l2\":\"Ciabatta et baguette\",\"sl\":\"baguettes-francaises-artisanales-x2-mayrand-chef-11771\",\"sn\":\"\",\"idxP\":29},{\"mq\":\"Grant's\",\"nm\":\"G\u00E2teau aux fruits Deluxe couronne\",\"nme\":\"Deluxe Crown Fruit Cake\",\"attr\":\"\",\"sku\":\"12053\",\"l2\":\"G\u00E2teau\",\"sl\":\"gateau-aux-fruits-deluxe-couronne-grants-12053\",\"sn\":\"\",\"idxP\":36},{\"mq\":\"Bridor\",\"nm\":\"Miche paysanne tranch\u00E9e\",\"nme\":\"Sliced Paysan Bread\",\"attr\":\"\",\"sku\":\"64681\",\"l2\":\"Ciabatta et baguette\",\"sl\":\"miche-paysanne-tranchee-bridor-64681\",\"sn\":\"\",\"idxP\":33},{\"mq\":\"Nammy\",\"nm\":\"Beignes aux patates \u00E0 l'\u00E9rable\",\"nme\":\"Maple Syrup Potato Donuts\",\"attr\":\"\",\"sku\":\"12147\",\"l2\":\"Viennoiserie et gaufre\",\"sl\":\"beignes-aux-patates-a-lerable-nammy-12147\",\"sn\":\"patates\",\"idxP\":74},{\"mq\":\"Kontos\",\"nm\":\"Pain naan blanc style gyro 7\\\"\",\"nme\":\"7\\\" White Naan Bread Gyro Style\",\"attr\":\"\",\"sku\":\"11486\",\"l2\":\"Tortilla et pain pita\",\"sl\":\"pain-naan-blanc-style-gyro-7-11486\",\"sn\":\"\",\"idxP\":32},{\"mq\":\"Villagio\",\"nm\":\"Pain moelleux bl\u00E9 entier\",\"nme\":\"Whole wheat moist bread\",\"attr\":\"\",\"sku\":\"30895\",\"l2\":\"Pain tranch\u00E9\",\"sl\":\"pain-moelleux-ble-entier-30895\",\"sn\":\"\",\"idxP\":9},{\"mq\":\"Villagio\",\"nm\":\"Pain blanc moelleux\",\"nme\":\"White moist bread\",\"attr\":\"\",\"sku\":\"30896\",\"l2\":\"Pain tranch\u00E9\",\"sl\":\"pain-blanc-moelleux-30896\",\"sn\":\"\",\"idxP\":33},{\"mq\":\"St-Methode\",\"nm\":\"Miche blanche club\",\"nme\":\"White loaf club\",\"attr\":\"\",\"sku\":\"31037\",\"l2\":\"Pain tranch\u00E9\",\"sl\":\"miche-blanche-club-675-g-31037\",\"sn\":\"\",\"idxP\":3},{\"mq\":\"Villagio\",\"nm\":\"Pain blanc aux s\u00E9sames\",\"nme\":\"White sesame bread\",\"attr\":\"\",\"sku\":\"31586\",\"l2\":\"Pain tranch\u00E9\",\"sl\":\"pain-blanc-aux-sesames-31586\",\"sn\":\"\",\"idxP\":12},{\"mq\":\"Pom\",\"nm\":\"Pain moelleux blanc\",\"nme\":\"Moist white bread\",\"attr\":\"\",\"sku\":\"31947\",\"l2\":\"Pain tranch\u00E9\",\"sl\":\"pain-moelleux-blanc-31947\",\"sn\":\"\",\"idxP\":33},{\"mq\":\"Pom\",\"nm\":\"Pain moelleux bl\u00E9 entier\",\"nme\":\"Moist whole wheat bread\",\"attr\":\"\",\"sku\":\"31948\",\"l2\":\"Pain tranch\u00E9\",\"sl\":\"pain-moelleux-ble-entier-31948\",\"sn\":\"\",\"idxP\":20},{\"mq\":\"St-Methode\",\"nm\":\"Pain quinoa sans gras sans sucre ajout\u00E9\",\"nme\":\"Fat free sugar free quinoa bread\",\"attr\":\"\",\"sku\":\"32527\",\"l2\":\"Pain tranch\u00E9\",\"sl\":\"pain-quinoa-sans-gras-sans-sucre-ajoute-550-g-32527\",\"sn\":\"\",\"idxP\":4},{\"mq\":\"Pom\",\"nm\":\"Pains hamburger s\u00E9same signature\",\"nme\":\"Signature sesame hamburger buns\",\"attr\":\"\",\"sku\":\"35872\",\"l2\":\"Petit pain\",\"sl\":\"pains-hamburger-sesame-signature-35872\",\"sn\":\"\",\"idxP\":1},{\"mq\":\"Ace\",\"nm\":\"Pain hamburger classique tr. 4.5\\\"\",\"nme\":\"Frozen Classic sliced hamburger bun 4.5\\\"\",\"attr\":\"\",\"sku\":\"67306\",\"l2\":\"Petit pain\",\"sl\":\"pain-hamburger-classique-tr-45-67306\",\"sn\":\"\",\"idxP\":16},{\"mq\":\"Ace\",\"nm\":\"Pain bocata ronda 8\\\"\",\"nme\":\"8\\\" Bocata Ronda Bread\",\"attr\":\"\",\"sku\":\"67590\",\"l2\":\"Ciabatta et baguette\",\"sl\":\"pain-bocata-ronda-8-67590\",\"sn\":\"\",\"idxP\":33},{\"mq\":\"Ace\",\"nm\":\"Pain ciabatta pezzetti duo\",\"nme\":\"Pezzetti Duo Bread Roll\",\"attr\":\"\",\"sku\":\"67592\",\"l2\":\"Ciabatta et baguette\",\"sl\":\"pain-ciabatta-pezzetti-duo-67592\",\"sn\":\"\",\"idxP\":33},{\"mq\":\"Ace\",\"nm\":\"Pain ciabatta piccola\",\"nme\":\"Ciabatta Piccola Bread Roll\",\"attr\":\"\",\"sku\":\"67593\",\"l2\":\"Ciabatta et baguette\",\"sl\":\"pain-ciabatta-piccola-67593\",\"sn\":\"\",\"idxP\":33},{\"mq\":\"Bridor\",\"nm\":\"Pain brioche\",\"nme\":\"Brioche Bread\",\"attr\":\"\",\"sku\":\"02759\",\"l2\":\"Petit pain\",\"sl\":\"pain-brioche-02759\",\"sn\":\"\",\"idxP\":31},{\"mq\":\"Martin's\",\"nm\":\"Pain hamburger pomme de terre 4\\\"\",\"nme\":\"4\\\" Potato Hamburger Bread\",\"attr\":\"\",\"sku\":\"68159\",\"l2\":\"Petit pain\",\"sl\":\"pain-hamburger-pomme-de-terre-4-68159\",\"sn\":\"pommes\",\"idxP\":25},{\"mq\":\"Villagio\",\"nm\":\"Pains saucisse toscana\",\"nme\":\"Toscanai Sausage Buns\",\"attr\":\"\",\"sku\":\"11484\",\"l2\":\"Petit pain\",\"sl\":\"pains-saucisse-toscana-11484\",\"sn\":\"\",\"idxP\":9},{\"mq\":\"Martin's\",\"nm\":\"Pain hot dog pomme de terre\",\"nme\":\"Potato Hot Dog Bread\",\"attr\":\"\",\"sku\":\"12617\",\"l2\":\"Petit pain\",\"sl\":\"pain-hot-dog-pomme-de-terre-12617\",\"sn\":\"pommes\",\"idxP\":33},{\"mq\":\"St-Methode\",\"nm\":\"Pain campagnolo miche dor\u00E9e\",\"nme\":\"Golden Campagnolo Loaf\",\"attr\":\"\",\"sku\":\"12693\",\"l2\":\"Pain tranch\u00E9\",\"sl\":\"pain-campagnolo-miche-doree-12693\",\"sn\":\"\",\"idxP\":0},{\"mq\":\"St-Methode\",\"nm\":\"Pain royal miche r\u00E9colte\",\"nme\":\"Royal Harvest Loaf\",\"attr\":\"\",\"sku\":\"12694\",\"l2\":\"Pain tranch\u00E9\",\"sl\":\"pain-royal-miche-recolte-12694\",\"sn\":\"\",\"idxP\":0},{\"mq\":\"St-Methode\",\"nm\":\"Pain grains gourmets miche\",\"nme\":\"Gourmet Seeds Loaf\",\"attr\":\"\",\"sku\":\"12695\",\"l2\":\"Pain tranch\u00E9\",\"sl\":\"pain-grains-gourmets-miche-12695\",\"sn\":\"\",\"idxP\":0},{\"mq\":\"Snowdon\",\"nm\":\"Pain miche oignon\",\"nme\":\"Onion Bread Loaf\",\"attr\":\"\",\"sku\":\"12778\",\"l2\":\"Pain tranch\u00E9\",\"sl\":\"pain-miche-oignon-12778\",\"sn\":\"onions, oignons\",\"idxP\":0},{\"mq\":\"Snowdon\",\"nm\":\"Pain bulka challah tranch\u00E9\",\"nme\":\"Sliced Bulka Challah Bread\",\"attr\":\"\",\"sku\":\"12779\",\"l2\":\"Pain tranch\u00E9\",\"sl\":\"pain-bulka-challah-tranche-12779\",\"sn\":\"\",\"idxP\":0},{\"mq\":\"Snowdon\",\"nm\":\"Pain seigle\",\"nme\":\"Rye Bread\",\"attr\":\"\",\"sku\":\"12780\",\"l2\":\"Pain tranch\u00E9\",\"sl\":\"pain-seigle-12780\",\"sn\":\"\",\"idxP\":0},{\"mq\":\"Nammy\",\"nm\":\"Beigne aux patates pomme\",\"nme\":\"Apple Potato Donut\",\"attr\":\"\",\"sku\":\"12864\",\"l2\":\"Viennoiserie et gaufre\",\"sl\":\"beigne-aux-patates-pomme-12864\",\"sn\":\"apples, patates, pommes\",\"idxP\":0},{\"mq\":\"Bon Matin\",\"nm\":\"Pain avoine et fibres d'avoine\",\"nme\":\"Oat and Oat Fiber Bread\",\"attr\":\"\",\"sku\":\"13077\",\"l2\":\"Pain tranch\u00E9\",\"sl\":\"pain-avoine-et-fibres-davoine-13077\",\"sn\":\"\",\"idxP\":0},{\"mq\":\"Bon Matin\",\"nm\":\"Pain quinoa et vitamine D\",\"nme\":\"Quinoa and Vitamin D Bread\",\"attr\":\"\",\"sku\":\"13078\",\"l2\":\"Pain tranch\u00E9\",\"sl\":\"pain-quinoa-et-vitamine-d-13078\",\"sn\":\"\",\"idxP\":0},{\"mq\":\"Maizteca\",\"nm\":\"Tortilla ma\u00EFs jaune\",\"nme\":\"Yellow Corn Tortilla\",\"attr\":\"\",\"sku\":\"13121\",\"l2\":\"Tortilla et pain pita\",\"sl\":\"tortilla-mais-jaune-13121\",\"sn\":\"\",\"idxP\":0},{\"mq\":\"Maizteca\",\"nm\":\"Tortilla ma\u00EFs blanc\",\"nme\":\"White Corn Tortilla\",\"attr\":\"\",\"sku\":\"13122\",\"l2\":\"Tortilla et pain pita\",\"sl\":\"tortilla-mais-blanc-13122\",\"sn\":\"\",\"idxP\":0},{\"mq\":\"Taouk\",\"nm\":\"Baklava\",\"nme\":\"Baklava\",\"attr\":\"\",\"sku\":\"13142\",\"l2\":\"Viennoiserie et gaufre\",\"sl\":\"baklava-13142\",\"sn\":\"\",\"idxP\":0},{\"mq\":\"Taouk\",\"nm\":\"Baklava caramel sal\u00E9\",\"nme\":\"Salted Caramel Baklava\",\"attr\":\"\",\"sku\":\"13148\",\"l2\":\"Viennoiserie et gaufre\",\"sl\":\"baklava-caramel-sale-13148\",\"sn\":\"\",\"idxP\":0},{\"mq\":\"Snowdon\",\"nm\":\"Pain torsad\u00E9 raisin challah\",\"nme\":\"Challah Raisin Twist Bread\",\"attr\":\"\",\"sku\":\"13253\",\"l2\":\"Pain tranch\u00E9\",\"sl\":\"pain-torsade-raisin-challah-13253\",\"sn\":\"raisins\",\"idxP\":0},{\"mq\":\"Snowdon\",\"nm\":\"Pain noir long\",\"nme\":\"Long Black Bread\",\"attr\":\"\",\"sku\":\"13254\",\"l2\":\"Pain tranch\u00E9\",\"sl\":\"pain-noir-long-13254\",\"sn\":\"\",\"idxP\":0},{\"mq\":\"San Daniele\",\"nm\":\"Mortadelle demie\",\"nme\":\"Half Mortadella\",\"attr\":\"\",\"sku\":\"00632\",\"l2\":\"Mortadelle\",\"sl\":\"mortadelle-demie-san-daniele-00632\",\"sn\":\"\",\"idxP\":50},{\"mq\":\"Mastro\",\"nm\":\"Salami prosciutto sans gluten sans lactose\",\"nme\":\"Gluten Free Lactose Free Prosciutto Salami\",\"attr\":\"Sans gluten, Sans lactose\",\"sku\":\"00879\",\"l2\":\"Salami\",\"sl\":\"salami-prosciutto-sans-gluten-sans-lactose-mastro-00879\",\"sn\":\"\",\"idxP\":37},{\"mq\":\"Brandt\",\"nm\":\"Poulet fum\u00E9\",\"nme\":\"Smoked Chicken\",\"attr\":\"Sans gluten\",\"sku\":\"00215\",\"l2\":\"Poulet et dinde\",\"sl\":\"poulet-fume-brandt-00215\",\"sn\":\"\",\"idxP\":42},{\"mq\":\"Papille\",\"nm\":\"Rosette de Lyon aux fines herbes\",\"nme\":\"Rosette de Lyon with Fine Herbs\",\"attr\":\"\",\"sku\":\"00980\",\"l2\":\"Saucisson\",\"sl\":\"rosette-de-lyon-aux-fines-herbes-papille-00980\",\"sn\":\"\",\"idxP\":29},{\"mq\":\"Maple Lodge\",\"nm\":\"Saucisses au poulet jumbo\",\"nme\":\"Jumbo Chicken Sausage\",\"attr\":\"\",\"sku\":\"01032\",\"l2\":\"Saucisse\",\"sl\":\"saucisses-au-poulet-jumbo-maple-lodge-01032\",\"sn\":\"\",\"idxP\":40},{\"mq\":\"Lesters\",\"nm\":\"Bologne r\u00E9gulier entier\",\"nme\":\"Regular Bologna\",\"attr\":\"Produit local\",\"sku\":\"05550\",\"l2\":\"Bologne\",\"sl\":\"bologne-regulier-entier-lesters-05550\",\"sn\":\"\",\"idxP\":100},{\"mq\":\"Lesters\",\"nm\":\"Salami tout boeuf entier\",\"nme\":\"Whole All Beef Salami\",\"attr\":\"Produit local\",\"sku\":\"05557\",\"l2\":\"Salami\",\"sl\":\"salami-tout-boeuf-entier-lesters-05557\",\"sn\":\"oeufs\",\"idxP\":98},{\"mq\":\"Lesters\",\"nm\":\"Saucisses fum\u00E9es\",\"nme\":\"Smoked Sausage\",\"attr\":\"Produit local\",\"sku\":\"05549\",\"l2\":\"Saucisse\",\"sl\":\"saucisses-fumees-lesters-05549\",\"sn\":\"\",\"idxP\":66},{\"mq\":\"Hygrade\",\"nm\":\"Saucisse fum\u00E9e au boeuf\",\"nme\":\"Smoked beef sausage\",\"attr\":\"\",\"sku\":\"05622\",\"l2\":\"Saucisse\",\"sl\":\"saucisse-fumee-au-boeuf-hygrade-05622\",\"sn\":\"oeufs\",\"idxP\":20},{\"mq\":\"Papille\",\"nm\":\"Rosette de Lyon au parmesan\",\"nme\":\"Rosette de Lyon with Parmesan Cheese\",\"attr\":\"\",\"sku\":\"00983\",\"l2\":\"Saucisson\",\"sl\":\"rosette-de-lyon-au-parmesan-papille-00983\",\"sn\":\"\",\"idxP\":50},{\"mq\":\"San Daniele\",\"nm\":\"Mortadelle l\u00E9g\u00E8re\",\"nme\":\"Light Mortadella Wheel\",\"attr\":\"\",\"sku\":\"07626\",\"l2\":\"Mortadelle\",\"sl\":\"mortadelle-legere-san-daniele-07626\",\"sn\":\"\",\"idxP\":7},{\"mq\":\"Lesters\",\"nm\":\"Bologne \u00E0 l'ail carr\u00E9e\",\"nme\":\"Square Garlic Bologna\",\"attr\":\"Produit local\",\"sku\":\"05551\",\"l2\":\"Bologne\",\"sl\":\"bologne-a-lail-carree-lesters-05551\",\"sn\":\"\",\"idxP\":37},{\"mq\":\"Maple Lodge\",\"nm\":\"Saucisses au poulet\",\"nme\":\"Regular Chicken Sausages\",\"attr\":\"\",\"sku\":\"10651\",\"l2\":\"Saucisse\",\"sl\":\"saucisses-au-poulet-maple-lodge-10651\",\"sn\":\"\",\"idxP\":100},{\"mq\":\"Mastro\",\"nm\":\"Prosciutto cotto extra-maigre\",\"nme\":\"Exra lean Cotto Prosciutto\",\"attr\":\"\",\"sku\":\"10508\",\"l2\":\"Prosciutto\",\"sl\":\"prosciutto-cotto-extra-maigre-mastro-10508\",\"sn\":\"\",\"idxP\":43},{\"mq\":\"Mastro\",\"nm\":\"Capicollo doux plat\",\"nme\":\"Flat Mild Capicollo\",\"attr\":\"\",\"sku\":\"10513\",\"l2\":\"Capicolle\",\"sl\":\"capicollo-doux-plat-mastro-10513\",\"sn\":\"capicolle\",\"idxP\":22},{\"mq\":\"Mastro\",\"nm\":\"Salami de G\u00EAnes fort demi sans gluten \\\/lactose\",\"nme\":\"Half Hot Genoa Salami Gluten\\\/lactose free\",\"attr\":\"\",\"sku\":\"10512\",\"l2\":\"Salami\",\"sl\":\"salami-de-genes-fort-demi-sans-gluten-lactose-mastro-10512\",\"sn\":\"\",\"idxP\":33},{\"mq\":\"Mastro\",\"nm\":\"Salami chorizo en demi\",\"nme\":\"Half Chorizo Salami\",\"attr\":\"\",\"sku\":\"14913\",\"l2\":\"Salami\",\"sl\":\"salami-chorizo-en-demi-mastro-14913\",\"sn\":\"\",\"idxP\":24},{\"mq\":\"Mastro\",\"nm\":\"Capicolle fort plat\",\"nme\":\"Hot Flat Capicollo\",\"attr\":\"\",\"sku\":\"16517\",\"l2\":\"Capicolle\",\"sl\":\"capicolle-fort-plat-mastro-16517\",\"sn\":\"capicolle\",\"idxP\":13},{\"mq\":\"San Daniele\",\"nm\":\"Mortadelle\",\"nme\":\"Mortadella\",\"attr\":\"\",\"sku\":\"15961\",\"l2\":\"Mortadelle\",\"sl\":\"mortadelle-san-daniele-15961\",\"sn\":\"\",\"idxP\":67},{\"mq\":\"Johnny\",\"nm\":\"Sopressata calabrese fort\",\"nme\":\"Strong Calabrese Sopressata\",\"attr\":\"\",\"sku\":\"16717\",\"l2\":\"Saucisse\",\"sl\":\"sopressata-calabrese-fort-johnny-16717\",\"sn\":\"\",\"idxP\":67},{\"mq\":\"Maple Lodge\",\"nm\":\"R\u00F4ti de poitrine de poulet fum\u00E9\",\"nme\":\"Smoked Chicken Breast Roast\",\"attr\":\"Sans gluten\",\"sku\":\"16699\",\"l2\":\"Poulet et dinde\",\"sl\":\"roti-de-poitrine-de-poulet-fume-maple-lodge-16699\",\"sn\":\"\",\"idxP\":86},{\"mq\":\"Roma\",\"nm\":\"Demi capicollo piquant\",\"nme\":\"Hot Half Capicollo\",\"attr\":\"\",\"sku\":\"17912\",\"l2\":\"Capicolle\",\"sl\":\"demi-capicollo-piquant-roma-17912\",\"sn\":\"capicolle\",\"idxP\":64},{\"mq\":\"Roma\",\"nm\":\"Demi capicollo doux\",\"nme\":\"Mild Half Capicollo\",\"attr\":\"Aliment du Qu\u00E9bec, Produit local\",\"sku\":\"17913\",\"l2\":\"Capicolle\",\"sl\":\"demi-capicollo-doux-roma-17913\",\"sn\":\"\",\"idxP\":67},{\"mq\":\"San Daniele\",\"nm\":\"Prosciutto fum\u00E9 et tranch\u00E9\",\"nme\":\"Sliced Smoked Prosciutto\",\"attr\":\"\",\"sku\":\"16716\",\"l2\":\"Prosciutto\",\"sl\":\"prosciutto-fume-et-tranche-san-daniele-16716\",\"sn\":\"\",\"idxP\":43},{\"mq\":\"San Daniele\",\"nm\":\"Prosciutto sec argent\u00E9 entier\",\"nme\":\"Dry Mild Prosciutto\",\"attr\":\"\",\"sku\":\"18709\",\"l2\":\"Prosciutto\",\"sl\":\"prosciutto-sec-argente-entier-san-daniele-18709\",\"sn\":\"\",\"idxP\":100},{\"mq\":\"Johnny\",\"nm\":\"Demi prosciutto sec\",\"nme\":\"Half Dry Prosciutto\",\"attr\":\"\",\"sku\":\"20778\",\"l2\":\"Prosciutto\",\"sl\":\"demi-prosciutto-sec-johnny-20778\",\"sn\":\"\",\"idxP\":91},{\"mq\":\"Fantino\",\"nm\":\"Demi capicollo piquant\",\"nme\":\"Hot Half Capicollo\",\"attr\":\"Produit local\",\"sku\":\"20724\",\"l2\":\"Capicolle\",\"sl\":\"demi-capicollo-piquant-fantino-20724\",\"sn\":\"capicolle\",\"idxP\":7},{\"mq\":\"Johnny\",\"nm\":\"Prosciutto sec\",\"nme\":\"Dry Prosciutto\",\"attr\":\"\",\"sku\":\"20776\",\"l2\":\"Prosciutto\",\"sl\":\"prosciutto-sec-johnny-20776\",\"sn\":\"\",\"idxP\":71},{\"mq\":\"Levitts\",\"nm\":\"Poitrine de boeuf fum\u00E9e tranch\u00E9e\",\"nme\":\"Sliced Smoked Meat\",\"attr\":\"\",\"sku\":\"21064\",\"l2\":\"Viande fum\u00E9e\",\"sl\":\"poitrine-de-boeuf-fumee-tranchee-levitts-21064\",\"sn\":\"oeufs\",\"idxP\":72},{\"mq\":\"Lafleur\",\"nm\":\"Cotton Bologna\",\"nme\":\"Cotton Bologna\",\"attr\":\"Produit local\",\"sku\":\"21390\",\"l2\":\"Bologne\",\"sl\":\"cotton-bologna-lafleur-21390\",\"sn\":\"\",\"idxP\":71},{\"mq\":\"Lafleur\",\"nm\":\"Saucisse fum\u00E9e r\u00E9guli\u00E8re\",\"nme\":\"Wiener Sausage\",\"attr\":\"Aliment du Qu\u00E9bec, Produit local\",\"sku\":\"19189\",\"l2\":\"Saucisse\",\"sl\":\"saucisse-fumee-reguliere-lafleur-19189\",\"sn\":\"\",\"idxP\":77},{\"mq\":\"Delstar\",\"nm\":\"Poitrine de viande fum\u00E9e tranch\u00E9e\",\"nme\":\"Sliced Smoked Meat\",\"attr\":\"\",\"sku\":\"22963\",\"l2\":\"Viande fum\u00E9e\",\"sl\":\"poitrine-de-viande-fumee-tranchee-delstar-22963\",\"sn\":\"\",\"idxP\":70},{\"mq\":\"Gasp\u00E9sien\",\"nm\":\"Bologne super premium\",\"nme\":\"Super Premium Bologna\",\"attr\":\"Produit local\",\"sku\":\"23608\",\"l2\":\"Bologne\",\"sl\":\"bologne-super-premium-gaspesien-23608\",\"sn\":\"\",\"idxP\":38},{\"mq\":\"Fantino\",\"nm\":\"Demi capicollo doux\",\"nme\":\"Half Mild Capicollo\",\"attr\":\"Produit local\",\"sku\":\"20723\",\"l2\":\"Capicolle\",\"sl\":\"demi-capicollo-doux-fantino-20723\",\"sn\":\"capicolle\",\"idxP\":6},{\"mq\":\"Gasp\u00E9sien\",\"nm\":\"Bologne super premium tranch\u00E9\",\"nme\":\"Sliced Super Premium Bologna\",\"attr\":\"Produit local\",\"sku\":\"23611\",\"l2\":\"Bologne\",\"sl\":\"bologne-super-premium-tranche-gaspesien-23611\",\"sn\":\"\",\"idxP\":27},{\"mq\":\"Maple Lodge\",\"nm\":\"Saucisse forte au poulet\",\"nme\":\"Hot Chicken Sausage\",\"attr\":\"\",\"sku\":\"23722\",\"l2\":\"Saucisse\",\"sl\":\"saucisse-forte-au-poulet-maple-lodge-23722\",\"sn\":\"\",\"idxP\":34},{\"mq\":\"Lafleur\",\"nm\":\"Saucisses fum\u00E9es originales\",\"nme\":\"Original Smoked Sausages\",\"attr\":\"Aliment du Qu\u00E9bec, Produit local\",\"sku\":\"24825\",\"l2\":\"Saucisse\",\"sl\":\"saucisses-fumees-originales-lafleur-24825\",\"sn\":\"\",\"idxP\":100},{\"mq\":\"Maple Lodge\",\"nm\":\"Saucisse forte au poulet halal\",\"nme\":\"Halal Hot Chicken Sausage\",\"attr\":\"\",\"sku\":\"23721\",\"l2\":\"Charcuterie halal\",\"sl\":\"saucisse-forte-au-poulet-halal-maple-lodge-23721\",\"sn\":\"\",\"idxP\":29},{\"mq\":\"Delstar\",\"nm\":\"Garniture de viande fum\u00E9e\",\"nme\":\"Smoked Meat Topping\",\"attr\":\"\",\"sku\":\"22962\",\"l2\":\"Viande fum\u00E9e\",\"sl\":\"garniture-de-viande-fumee-delstar-22962\",\"sn\":\"\",\"idxP\":57},{\"mq\":\"Lesters\",\"nm\":\"Saucisse fum\u00E9e BBQ\",\"nme\":\"BBQ Smoked Sausage\",\"attr\":\"Produit local\",\"sku\":\"23401\",\"l2\":\"Saucisse\",\"sl\":\"saucisse-fumee-bbq-lesters-23401\",\"sn\":\"\",\"idxP\":26},{\"mq\":\"Canard Goulu\",\"nm\":\"Foie gras de canard\",\"nme\":\"Duck Foie Gras\",\"attr\":\"Aliment du Qu\u00E9bec, Produit local\",\"sku\":\"25336\",\"l2\":\"Canard\",\"sl\":\"foie-gras-de-canard-canard-goulu-25336\",\"sn\":\"\",\"idxP\":26},{\"mq\":\"Canard Goulu\",\"nm\":\"Foie gras de canard \u00E0 l'armagnac\",\"nme\":\"Armagnac Duck Foie Gras\",\"attr\":\"Aliment du Qu\u00E9bec, Produit local\",\"sku\":\"25340\",\"l2\":\"Canard\",\"sl\":\"foie-gras-de-canard-a-larmagnac-canard-goulu-25340\",\"sn\":\"\",\"idxP\":15},{\"mq\":\"Canard Goulu\",\"nm\":\"P\u00E2t\u00E9 de canard au porto\",\"nme\":\"Porto Duck Pate\",\"attr\":\"Aliment du Qu\u00E9bec, Produit local\",\"sku\":\"25338\",\"l2\":\"Canard\",\"sl\":\"pate-de-canard-au-porto-canard-goulu-25338\",\"sn\":\"\",\"idxP\":19},{\"mq\":\"Canard Goulu\",\"nm\":\"Magret de canard fum\u00E9 tranch\u00E9\",\"nme\":\"Smoked Dust-Breast Filet\",\"attr\":\"Aliment du Qu\u00E9bec, Produit local\",\"sku\":\"25342\",\"l2\":\"Canard\",\"sl\":\"magret-de-canard-fume-tranche-canard-goulu-25342\",\"sn\":\"\",\"idxP\":31},{\"mq\":\"Canard Goulu\",\"nm\":\"Foie gras de canard \u00E0 la truffe\",\"nme\":\"Duck Foie Gras with Truffle\",\"attr\":\"Aliment du Qu\u00E9bec, Produit local\",\"sku\":\"25343\",\"l2\":\"Canard\",\"sl\":\"foie-gras-de-canard-a-la-truffe-canard-goulu-25343\",\"sn\":\"\",\"idxP\":14},{\"mq\":\"Canard Goulu\",\"nm\":\"Foie gras de canard \u00E0 l'\u00E9rable\",\"nme\":\"Maple Duck Foie Gras\",\"attr\":\"Aliment du Qu\u00E9bec, Produit local\",\"sku\":\"25341\",\"l2\":\"Canard\",\"sl\":\"foie-gras-de-canard-a-lerable-canard-goulu-25341\",\"sn\":\"\",\"idxP\":12},{\"mq\":\"Mastro\",\"nm\":\"Mortadelle 5 en demi\",\"nme\":\"Half Mortadella 5\",\"attr\":\"\",\"sku\":\"25515\",\"l2\":\"Mortadelle\",\"sl\":\"mortadelle-5-en-demi-mastro-25515\",\"sn\":\"\",\"idxP\":26},{\"mq\":\"Piller's\",\"nm\":\"Salami d'amour entier\",\"nme\":\"Whole Salami d'Amour\",\"attr\":\"Sans gluten\",\"sku\":\"25917\",\"l2\":\"Salami\",\"sl\":\"salami-damour-entier-pillers-25917\",\"sn\":\"\",\"idxP\":29},{\"mq\":\"Delstar\",\"nm\":\"Salami tout boeuf\",\"nme\":\"Half All Beef Salami\",\"attr\":\"\",\"sku\":\"26288\",\"l2\":\"Salami\",\"sl\":\"salami-tout-boeuf-delstar-26288\",\"sn\":\"\",\"idxP\":77},{\"mq\":\"Lesters\",\"nm\":\"Saucisses fum\u00E9es jumbo\",\"nme\":\"Jumbo Smoked Sausage\",\"attr\":\"Produit local\",\"sku\":\"30069\",\"l2\":\"Saucisse\",\"sl\":\"saucisses-fumees-jumbo-lesters-30069\",\"sn\":\"\",\"idxP\":23},{\"mq\":\"Maison de Savoie\",\"nm\":\"Saucisson sec droit\",\"nme\":\"Pure Pork Dry Sausage\",\"attr\":\"\",\"sku\":\"30925\",\"l2\":\"Saucisson\",\"sl\":\"saucisson-sec-droit-maison-de-savoie-30925\",\"sn\":\"\",\"idxP\":100},{\"mq\":\"Roma\",\"nm\":\"Pepperoni sous vide\",\"nme\":\"Pepperoni vacuum sealed\",\"attr\":\"Aliment du Qu\u00E9bec, Produit local\",\"sku\":\"32729\",\"l2\":\"Pepperoni\",\"sl\":\"pepperoni-sous-vide-roma-32729\",\"sn\":\"\",\"idxP\":99},{\"mq\":\"Delstar\",\"nm\":\"Poitrine de b\u0153uf fum\u00E9e reg.  enti\u00E8re\",\"nme\":\"Smoked beef brisket reg. whole\",\"attr\":\"\",\"sku\":\"29615\",\"l2\":\"Viande fum\u00E9e\",\"sl\":\"poitrine-de-buf-fumee-reg.-entiere-delstar-29615\",\"sn\":\"\",\"idxP\":28},{\"mq\":\"Maison de Savoie\",\"nm\":\"Saucisson sec courb\u00E9\",\"nme\":\"Pure Pork Dry Sausage\",\"attr\":\"\",\"sku\":\"30924\",\"l2\":\"Saucisson\",\"sl\":\"saucisson-sec-courbe-maison-de-savoie-30924\",\"sn\":\"\",\"idxP\":71},{\"mq\":\"Mastro\",\"nm\":\"Capicollo extra fort\",\"nme\":\"Extra Hot Capicollo\",\"attr\":\"\",\"sku\":\"29559\",\"l2\":\"Capicolle\",\"sl\":\"capicollo-extra-fort-mastro-29559\",\"sn\":\"capicolle\",\"idxP\":7},{\"mq\":\"Lesters\",\"nm\":\"Saucisses hot dog fum\u00E9es tout boeuf\",\"nme\":\"All Beef Smoked Wiener Sausages\",\"attr\":\"Produit local\",\"sku\":\"30070\",\"l2\":\"Saucisse\",\"sl\":\"saucisses-hot-dog-fumees-tout-boeuf-lesters-30070\",\"sn\":\"oeufs\",\"idxP\":25},{\"mq\":\"Maison de Savoie\",\"nm\":\"Rosette nature\",\"nme\":\"Nature Sausage\",\"attr\":\"\",\"sku\":\"30922\",\"l2\":\"Saucisson\",\"sl\":\"rosette-nature-maison-de-savoie-30922\",\"sn\":\"\",\"idxP\":41},{\"mq\":\"Mastro\",\"nm\":\"Demi salami de G\u00EAnes r\u00E9gulier sans gluten \\\/lactose\",\"nme\":\"Gluten Free Lactose Free Half Genoa Salami\",\"attr\":\"Sans gluten, Sans lactose\",\"sku\":\"28474\",\"l2\":\"Salami\",\"sl\":\"demi-salami-de-genes-regulier-sans-gluten-lactose-mastro-28474\",\"sn\":\"\",\"idxP\":85},{\"mq\":\"Roma\",\"nm\":\"Capicolle extra fort\",\"nme\":\"Extra Hot Capicollo\",\"attr\":\"Aliment du Qu\u00E9bec, Produit local\",\"sku\":\"34327\",\"l2\":\"Capicolle\",\"sl\":\"capicolle-extra-fort-roma-34327\",\"sn\":\"\",\"idxP\":30},{\"mq\":\"Johnny\",\"nm\":\"Saucisse s\u00E8che longue douce\",\"nme\":\"Long Dry Mild Sausage\",\"attr\":\"\",\"sku\":\"33109\",\"l2\":\"Saucisse\",\"sl\":\"saucisse-seche-longue-douce-johnny-33109\",\"sn\":\"\",\"idxP\":62}], [{\"mq\":\"Maple Lodge\",\"nm\":\"Saucisse au poulet supr\u00EAme\",\"nme\":\"Supreme Chicken Sausage\",\"attr\":\"\",\"sku\":\"36109\",\"l2\":\"Saucisse\",\"sl\":\"saucisse-au-poulet-supreme-maple-lodge-36109\",\"sn\":\"\",\"idxP\":31},{\"mq\":\"Roma\",\"nm\":\"Pepperoni pour pizza 4\\\"\",\"nme\":\"Pizza Pepperoni 4\\\"\",\"attr\":\"Produit local\",\"sku\":\"32520\",\"l2\":\"Pepperoni\",\"sl\":\"pepperoni-pour-pizza-4-roma-32520\",\"sn\":\"\",\"idxP\":92},{\"mq\":\"Maple Lodge\",\"nm\":\"Bologne de poulet tranch\u00E9 halal\",\"nme\":\"Halal Sliced Chicken Bologna\",\"attr\":\"Sans gluten\",\"sku\":\"35910\",\"l2\":\"Charcuterie halal\",\"sl\":\"bologne-de-poulet-tranche-halal-maple-lodge-35910\",\"sn\":\"\",\"idxP\":77},{\"mq\":\"Piller's\",\"nm\":\"Salami carr\u00E9 avec graines de moutarde\",\"nme\":\"Square Mustard Seed Salami\",\"attr\":\"Sans gluten\",\"sku\":\"37101\",\"l2\":\"Salami\",\"sl\":\"salami-carre-avec-graines-de-moutarde-pillers-37101\",\"sn\":\"\",\"idxP\":23},{\"mq\":\"Salamico\",\"nm\":\"Saucisson cracovie\",\"nme\":\"Cracovia Sausage\",\"attr\":\"Sans gluten\",\"sku\":\"35483\",\"l2\":\"Saucisse\",\"sl\":\"saucisson-cracovie-salamico-35483\",\"sn\":\"\",\"idxP\":36},{\"mq\":\"Roma\",\"nm\":\"Capicolle rond doux tranch\u00E9\",\"nme\":\"Sliced round Mild Capicollo\",\"attr\":\"Aliment du Qu\u00E9bec, Produit local\",\"sku\":\"37319\",\"l2\":\"Capicolle\",\"sl\":\"capicolle-rond-doux-tranche-roma-37319\",\"sn\":\"capicolle\",\"idxP\":42},{\"mq\":\"San Daniele\",\"nm\":\"Mortadelle forte\",\"nme\":\"Hot Mortadella\",\"attr\":\"\",\"sku\":\"35525\",\"l2\":\"Mortadelle\",\"sl\":\"mortadelle-forte-san-daniele-35525\",\"sn\":\"\",\"idxP\":2},{\"mq\":\"Maple Lodge\",\"nm\":\"Poitrine de poulet fum\u00E9 et tranch\u00E9e\",\"nme\":\"Sliced Smoked Chicken Breast\",\"attr\":\"\",\"sku\":\"36107\",\"l2\":\"Poulet et dinde\",\"sl\":\"poitrine-de-poulet-fume-et-tranchee-maple-lodge-36107\",\"sn\":\"\",\"idxP\":25},{\"mq\":\"Piller's\",\"nm\":\"Salami vieille for\u00EAt\",\"nme\":\"Old Forest Salami\",\"attr\":\"Sans gluten\",\"sku\":\"37102\",\"l2\":\"Salami\",\"sl\":\"salami-vieille-foret-pillers-37102\",\"sn\":\"\",\"idxP\":30},{\"mq\":\"San Daniele\",\"nm\":\"Prosciutto tranch\u00E9\",\"nme\":\"Sliced Prosciutto\",\"attr\":\"Sans gluten\",\"sku\":\"37413\",\"l2\":\"Prosciutto\",\"sl\":\"prosciutto-tranche-san-daniele-37413\",\"sn\":\"\",\"idxP\":66},{\"mq\":\"Mastro\",\"nm\":\"Sopressata doux en demi\",\"nme\":\"Mild Half Sopressata\",\"attr\":\"Sans gluten\",\"sku\":\"36747\",\"l2\":\"Salami\",\"sl\":\"sopressata-doux-en-demi-mastro-36747\",\"sn\":\"\",\"idxP\":17},{\"mq\":\"Maple Lodge\",\"nm\":\"Saucisse halal au poulet\",\"nme\":\"Halal Chicken Sausage\",\"attr\":\"\",\"sku\":\"37961\",\"l2\":\"Charcuterie halal\",\"sl\":\"saucisse-halal-au-poulet-maple-lodge-37961\",\"sn\":\"\",\"idxP\":100},{\"mq\":\"Mello\",\"nm\":\"Demi poitrine de boeuf fum\u00E9e \u00E0 l'ancienne\",\"nme\":\"Old Fashioned Smoked Beef Brisket\",\"attr\":\"\",\"sku\":\"37324\",\"l2\":\"Viande fum\u00E9e\",\"sl\":\"demi-poitrine-de-boeuf-fumee-a-lancienne-mello-37324\",\"sn\":\"oeufs\",\"idxP\":72},{\"mq\":\"Piller's\",\"nm\":\"Pepperoni original\",\"nme\":\"Originial Pepperoni\",\"attr\":\"Sans gluten\",\"sku\":\"38199\",\"l2\":\"Pepperoni\",\"sl\":\"pepperoni-original-pillers-38199\",\"sn\":\"\",\"idxP\":58},{\"mq\":\"Brandt\",\"nm\":\"Kolbassa \u00E0 la dinde\",\"nme\":\"Turkey Kolbassa\",\"attr\":\"\",\"sku\":\"38999\",\"l2\":\"Saucisson\",\"sl\":\"kolbassa-a-la-dinde-brandt-38999\",\"sn\":\"\",\"idxP\":54},{\"mq\":\"Brandt\",\"nm\":\"Saucisson Kolbassa\",\"nme\":\"Kolbassa Sausage\",\"attr\":\"Sans gluten\",\"sku\":\"39027\",\"l2\":\"Saucisson\",\"sl\":\"saucisson-kolbassa-brandt-39027\",\"sn\":\"\",\"idxP\":65},{\"mq\":\"Mello\",\"nm\":\"Poitrine boeuf reg mello\",\"nme\":\"Breast beef reg mello\",\"attr\":\"\",\"sku\":\"41092\",\"l2\":\"Viande fum\u00E9e\",\"sl\":\"poitrine-boeuf-reg-mello-mello-41092\",\"sn\":\"\",\"idxP\":74},{\"mq\":\"San Daniele\",\"nm\":\"Prosciutto en demi\",\"nme\":\"Half Prosciutto\",\"attr\":\"\",\"sku\":\"42212\",\"l2\":\"Prosciutto\",\"sl\":\"prosciutto-en-demi-san-daniele-42212\",\"sn\":\"\",\"idxP\":52},{\"mq\":\"Mastro\",\"nm\":\"Salami de G\u00EAnes piquant\",\"nme\":\"Hot Genoa Salami\",\"attr\":\"\",\"sku\":\"42238\",\"l2\":\"Salami\",\"sl\":\"salami-de-genes-piquant-mastro-42238\",\"sn\":\"\",\"idxP\":47},{\"mq\":\"Brandt\",\"nm\":\"Saucisse de campagne\",\"nme\":\"Country Style Sausage\",\"attr\":\"Sans gluten, Sans lactose\",\"sku\":\"39098\",\"l2\":\"Saucisse\",\"sl\":\"saucisse-de-campagne-brandt-39098\",\"sn\":\"\",\"idxP\":25},{\"mq\":\"Mastro\",\"nm\":\"Salami de G\u00EAnes doux\",\"nme\":\"Mild Genoa Salami\",\"attr\":\"\",\"sku\":\"42237\",\"l2\":\"Salami\",\"sl\":\"salami-de-genes-doux-mastro-42237\",\"sn\":\"\",\"idxP\":78},{\"mq\":\"Mello\",\"nm\":\"Pastrami demi mello\",\"nme\":\"Pastrami half mello\",\"attr\":\"\",\"sku\":\"42744\",\"l2\":\"Viande fum\u00E9e\",\"sl\":\"pastrami-demi-mello-mello-42744\",\"sn\":\"\",\"idxP\":59},{\"mq\":\"Virginia\",\"nm\":\"Pastrami fum\u00E9\",\"nme\":\"Smoked Pastrami\",\"attr\":\"\",\"sku\":\"47867\",\"l2\":\"Viande fum\u00E9e\",\"sl\":\"pastrami-fume-virginia-47867\",\"sn\":\"\",\"idxP\":76},{\"mq\":\"Cardinal\",\"nm\":\"Salade de pomme de terre\",\"nme\":\"Potato Salad\",\"attr\":\"Produit local\",\"sku\":\"00265\",\"l2\":\"Pr\u00EAt \u00E0 manger\",\"sl\":\"salade-de-pomme-de-terre-cardinal-00265\",\"sn\":\"pommes\",\"idxP\":12},{\"mq\":\"Olymel\",\"nm\":\"Bologne \u00E0 l'ail entier\",\"nme\":\"Whole Garlic Bologna\",\"attr\":\"\",\"sku\":\"47262\",\"l2\":\"Bologne\",\"sl\":\"bologne-a-lail-entier-olymel-47262\",\"sn\":\"\",\"idxP\":27},{\"mq\":\"Johnny\",\"nm\":\"Cacciatore douce\",\"nme\":\"Mild Cacciatore\",\"attr\":\"\",\"sku\":\"48746\",\"l2\":\"Saucisse\",\"sl\":\"cacciatore-douce-johnny-48746\",\"sn\":\"\",\"idxP\":65},{\"mq\":\"Cardinal\",\"nm\":\"Salade de chou\",\"nme\":\"Cole Slaw\",\"attr\":\"Produit local\",\"sku\":\"00262\",\"l2\":\"Pr\u00EAt \u00E0 manger\",\"sl\":\"salade-de-chou-cardinal-00262\",\"sn\":\"\",\"idxP\":22},{\"mq\":\"Papille\",\"nm\":\"Saucisson au vin blanc\",\"nme\":\"White Wine Dry Sausage\",\"attr\":\"\",\"sku\":\"07915\",\"l2\":\"Saucisson\",\"sl\":\"saucisson-au-vin-blanc-papille-07915\",\"sn\":\"\",\"idxP\":52},{\"mq\":\"Rustica\",\"nm\":\"Pizza \u00E0 la tomate ronde\",\"nme\":\"Round Tomato Pizza\",\"attr\":\"Produit local\",\"sku\":\"08695\",\"l2\":\"Pr\u00EAt \u00E0 manger\",\"sl\":\"pizza-a-la-tomate-ronde-rustica-08695\",\"sn\":\"tomates\",\"idxP\":69},{\"mq\":\"Cardinal\",\"nm\":\"Salade de chou cr\u00E9meuse\",\"nme\":\"Creamy Cole Slaw\",\"attr\":\"Produit local\",\"sku\":\"00263\",\"l2\":\"Pr\u00EAt \u00E0 manger\",\"sl\":\"salade-de-chou-cremeuse-cardinal-00263\",\"sn\":\"\",\"idxP\":19},{\"mq\":\"Papille\",\"nm\":\"Saucisson au vin Rouge\",\"nme\":\"Red Wine Rosette de Lyon\",\"attr\":\"\",\"sku\":\"07914\",\"l2\":\"Saucisson\",\"sl\":\"saucisson-au-vin-rouge-papille-07914\",\"sn\":\"\",\"idxP\":38},{\"mq\":\"Johnny\",\"nm\":\"Cacciatore forte\",\"nme\":\"HotCacciatore\",\"attr\":\"\",\"sku\":\"48747\",\"l2\":\"Saucisse\",\"sl\":\"cacciatore-forte-johnny-48747\",\"sn\":\"\",\"idxP\":61},{\"mq\":\"Cardinal\",\"nm\":\"Salade de macaroni\",\"nme\":\"Macaroni Salad\",\"attr\":\"Produit local\",\"sku\":\"00267\",\"l2\":\"Pr\u00EAt \u00E0 manger\",\"sl\":\"salade-de-macaroni-cardinal-00267\",\"sn\":\"\",\"idxP\":15},{\"mq\":\"Olymel\",\"nm\":\"Poitrine de dinde r\u00F4tie miel moutarde\",\"nme\":\"Honey Mustard Roasted Turkey Breast\",\"attr\":\"\",\"sku\":\"10502\",\"l2\":\"Poulet et dinde\",\"sl\":\"poitrine-de-dinde-rotie-miel-moutarde-olymel-10502\",\"sn\":\"\",\"idxP\":16},{\"mq\":\"Papille\",\"nm\":\"Saucisson aux tomates s\u00E9ch\u00E9es\",\"nme\":\"Dry Sausage with Tomato\",\"attr\":\"\",\"sku\":\"14432\",\"l2\":\"Saucisson\",\"sl\":\"saucisson-aux-tomates-sechees-papille-14432\",\"sn\":\"tomates\",\"idxP\":34},{\"mq\":\"Prince\",\"nm\":\"Bacon r\u00E9gulier\",\"nme\":\"Regular Bacon\",\"attr\":\"\",\"sku\":\"00972\",\"l2\":\"Bacon et pancetta\",\"sl\":\"bacon-regulier-prince-00972\",\"sn\":\"\",\"idxP\":100},{\"mq\":\"Olymel\",\"nm\":\"Poitrine dinde r\u00F4tie chipotle\",\"nme\":\"Chipotle Roasted Turkey Breast\",\"attr\":\"\",\"sku\":\"10503\",\"l2\":\"Poulet et dinde\",\"sl\":\"poitrine-dinde-rotie-chipotle-olymel-10503\",\"sn\":\"\",\"idxP\":16},{\"mq\":\"Mastro\",\"nm\":\"Pancetta douce en d\u00E9s\",\"nme\":\"Mild Pancetta Cubes\",\"attr\":\"\",\"sku\":\"10516\",\"l2\":\"Bacon et pancetta\",\"sl\":\"pancetta-douce-en-des-mastro-10516\",\"sn\":\"\",\"idxP\":20},{\"mq\":\"Maple Lodge\",\"nm\":\"R\u00F4ti de poitrine de poulet cuit\",\"nme\":\"Cooked Chicken Breast Roast\",\"attr\":\"Sans gluten\",\"sku\":\"16698\",\"l2\":\"Poulet et dinde\",\"sl\":\"roti-de-poitrine-de-poulet-cuit-maple-lodge-16698\",\"sn\":\"\",\"idxP\":43},{\"mq\":\"Lesters\",\"nm\":\"Rosbif de ronde de boeuf\",\"nme\":\"Roast Beef\",\"attr\":\"Produit local\",\"sku\":\"05547\",\"l2\":\"Boeuf\",\"sl\":\"rosbif-de-ronde-de-boeuf-lesters-05547\",\"sn\":\"oeufs\",\"idxP\":26},{\"mq\":\"Korona\",\"nm\":\"Jambon toupie fum\u00E9 entier\",\"nme\":\"Whole Smoked Toupie Ham\",\"attr\":\"\",\"sku\":\"13655\",\"l2\":\"Jambon\",\"sl\":\"jambon-toupie-fume-entier-korona-13655\",\"sn\":\"\",\"idxP\":74},{\"mq\":\"Cardinal\",\"nm\":\"Salade de chou cr\u00E9meuse\",\"nme\":\"Creamy Coleslaw Salad\",\"attr\":\"Produit local\",\"sku\":\"18110\",\"l2\":\"Pr\u00EAt \u00E0 manger\",\"sl\":\"salade-de-chou-cremeuse-cardinal-18110\",\"sn\":\"\",\"idxP\":6},{\"mq\":\"Rustica\",\"nm\":\"Pizza traditionnelle aux tomates\",\"nme\":\"Traditional Tomato Pizza\",\"attr\":\"Produit local\",\"sku\":\"08701\",\"l2\":\"Pr\u00EAt \u00E0 manger\",\"sl\":\"pizza-traditionnelle-aux-tomates-rustica-08701\",\"sn\":\"tomates\",\"idxP\":93},{\"mq\":\"Cardinal\",\"nm\":\"Salade de chou\",\"nme\":\"Coleslaw Salad\",\"attr\":\"Produit local\",\"sku\":\"18109\",\"l2\":\"Pr\u00EAt \u00E0 manger\",\"sl\":\"salade-de-chou-cardinal-18109\",\"sn\":\"\",\"idxP\":6},{\"mq\":\"Mastro\",\"nm\":\"Jambon toscane en demi\",\"nme\":\"Half Toscano Ham\",\"attr\":\"\",\"sku\":\"19971\",\"l2\":\"Jambon\",\"sl\":\"jambon-toscane-en-demi-mastro-19971\",\"sn\":\"\",\"idxP\":14},{\"mq\":\"Papille\",\"nm\":\"Rosette de Lyon \u00E0 la bi\u00E8re noire\",\"nme\":\"Rosette de Lyon with Beer\",\"attr\":\"\",\"sku\":\"07913\",\"l2\":\"Saucisson\",\"sl\":\"rosette-de-lyon-a-la-biere-noire-papille-07913\",\"sn\":\"\",\"idxP\":36},{\"mq\":\"Taillefer\",\"nm\":\"Creton r\u00E9gulier en vrac\",\"nme\":\"Regular Bulk Creton\",\"attr\":\"\",\"sku\":\"17831\",\"l2\":\"Charcuterie traiteur\",\"sl\":\"creton-regulier-en-vrac-taillefer-17831\",\"sn\":\"\",\"idxP\":5},{\"mq\":\"Prince\",\"nm\":\"Fl\u00E8che de bacon r\u00E9gulier\",\"nme\":\"Regular Bacon Slab\",\"attr\":\"\",\"sku\":\"20748\",\"l2\":\"Bacon et pancetta\",\"sl\":\"fleche-de-bacon-regulier-prince-20748\",\"sn\":\"\",\"idxP\":71},{\"mq\":\"Johnny\",\"nm\":\"Jambon italien entier\",\"nme\":\"Italian Cooked Ham whole\",\"attr\":\"\",\"sku\":\"20777\",\"l2\":\"Jambon\",\"sl\":\"jambon-italien-entier-johnny-20777\",\"sn\":\"\",\"idxP\":15},{\"mq\":\"Lafleur\",\"nm\":\"Jambon toupie fum\u00E9 1\\\/4 livre\",\"nme\":\"Toupie Smoked Ham\",\"attr\":\"Sans gluten, Aliment du Qu\u00E9bec, Produit local\",\"sku\":\"15882\",\"l2\":\"Jambon\",\"sl\":\"jambon-toupie-fume-14-livre-lafleur-15882\",\"sn\":\"\",\"idxP\":65},{\"mq\":\"Virginia\",\"nm\":\"Jambon fum\u00E9 \u00E0 l'ancienne entier\",\"nme\":\"Old Fashion Smoked Ham\",\"attr\":\"\",\"sku\":\"21723\",\"l2\":\"Jambon\",\"sl\":\"jambon-fume-a-lancienne-entier-virginia-21723\",\"sn\":\"\",\"idxP\":84},{\"mq\":\"Mastro\",\"nm\":\"Jambon r\u00F4ti au four romarin\",\"nme\":\"Rosemary Oven Roasted Ham\",\"attr\":\"\",\"sku\":\"20159\",\"l2\":\"Jambon\",\"sl\":\"jambon-roti-au-four-romarin-mastro-20159\",\"sn\":\"\",\"idxP\":24},{\"mq\":\"Virginia\",\"nm\":\"Jambon d\u00E9soss\u00E9 fum\u00E9 entier\",\"nme\":\"Whole Boneless Smoked Ham\",\"attr\":\"\",\"sku\":\"21721\",\"l2\":\"Jambon\",\"sl\":\"jambon-desosse-fume-entier-virginia-21721\",\"sn\":\"\",\"idxP\":69},{\"mq\":\"Gasp\u00E9sien\",\"nm\":\"Jambon cuit\",\"nme\":\"Cooked Ham\",\"attr\":\"Produit local\",\"sku\":\"22550\",\"l2\":\"Jambon\",\"sl\":\"jambon-cuit-gaspesien-22550\",\"sn\":\"\",\"idxP\":42},{\"mq\":\"Salumi\",\"nm\":\"Saucisson chorizo piquant\",\"nme\":\"Hot Chorizo Sausage\",\"attr\":\"\",\"sku\":\"20064\",\"l2\":\"Salami\",\"sl\":\"saucisson-chorizo-piquant-salumi-20064\",\"sn\":\"\",\"idxP\":78},{\"mq\":\"Virginia\",\"nm\":\"Jambon fum\u00E9 style toupie\",\"nme\":\"Toupie Style Smoked Ham\",\"attr\":\"\",\"sku\":\"21724\",\"l2\":\"Jambon\",\"sl\":\"jambon-fume-style-toupie-virginia-21724\",\"sn\":\"\",\"idxP\":91},{\"mq\":\"Fumagalli\",\"nm\":\"Pancetta fum\u00E9e\",\"nme\":\"Smoked Pancetta\",\"attr\":\"\",\"sku\":\"21563\",\"l2\":\"Bacon et pancetta\",\"sl\":\"pancetta-fumee-fumagalli-21563\",\"sn\":\"\",\"idxP\":10},{\"mq\":\"Piller's\",\"nm\":\"R\u00F4ti de b\u0153uf tranch\u00E9\",\"nme\":\"Sliced Roast Beef\",\"attr\":\"Sans gluten\",\"sku\":\"23541\",\"l2\":\"Boeuf\",\"sl\":\"roti-de-buf-tranche-pillers-23541\",\"sn\":\"\",\"idxP\":14},{\"mq\":\"Gasp\u00E9sien\",\"nm\":\"Jambon cuit tranch\u00E9\",\"nme\":\"Sliced Cooked Ham\",\"attr\":\"\",\"sku\":\"23614\",\"l2\":\"Jambon\",\"sl\":\"jambon-cuit-tranche-gaspesien-23614\",\"sn\":\"\",\"idxP\":42},{\"mq\":\"Gasp\u00E9sien\",\"nm\":\"Creton\",\"nme\":\"Creton\",\"attr\":\"Produit local\",\"sku\":\"22554\",\"l2\":\"Charcuterie traiteur\",\"sl\":\"creton-gaspesien-22554\",\"sn\":\"\",\"idxP\":56},{\"mq\":\"Gasp\u00E9sien\",\"nm\":\"Jambon fum\u00E9 genre toupie 3kg\",\"nme\":\"Toupie Style Smoked Ham 3kg\",\"attr\":\"Produit local\",\"sku\":\"23607\",\"l2\":\"Jambon\",\"sl\":\"jambon-fume-genre-toupie-3kg-gaspesien-23607\",\"sn\":\"\",\"idxP\":91},{\"mq\":\"Gasp\u00E9sien\",\"nm\":\"Jambon fum\u00E9 \u00E0 dejeuner\",\"nme\":\"Breakfast Smoked Ham\",\"attr\":\"Produit local\",\"sku\":\"23618\",\"l2\":\"Jambon\",\"sl\":\"jambon-fume-a-dejeuner-gaspesien-23618\",\"sn\":\"\",\"idxP\":22},{\"mq\":\"Gasp\u00E9sien\",\"nm\":\"Simili poulet carr\u00E9 tranch\u00E9\",\"nme\":\"Sliced Square Mock Chicken\",\"attr\":\"Produit local\",\"sku\":\"23628\",\"l2\":\"Bologne\",\"sl\":\"simili-poulet-carre-tranche-gaspesien-23628\",\"sn\":\"\",\"idxP\":42},{\"mq\":\"Gasp\u00E9sien\",\"nm\":\"Jambon blanc\",\"nme\":\"White Ham\",\"attr\":\"Produit local\",\"sku\":\"22551\",\"l2\":\"Jambon\",\"sl\":\"jambon-blanc-gaspesien-22551\",\"sn\":\"\",\"idxP\":43},{\"mq\":\"Gasp\u00E9sien\",\"nm\":\"Jambon blanc cuit tranch\u00E9\",\"nme\":\"Sliced  Cooked White Ham\",\"attr\":\"Produit local\",\"sku\":\"23625\",\"l2\":\"Jambon\",\"sl\":\"jambon-blanc-cuit-tranche-gaspesien-23625\",\"sn\":\"\",\"idxP\":35},{\"mq\":\"Lafleur\",\"nm\":\"Bacon tranch\u00E9\",\"nme\":\"Sliced Bacon\",\"attr\":\"Produit local\",\"sku\":\"29757\",\"l2\":\"Bacon et pancetta\",\"sl\":\"bacon-tranche-lafleur-29757\",\"sn\":\"\",\"idxP\":96},{\"mq\":\"Maple Lodge\",\"nm\":\"R\u00F4ti de poitrine de poulet cajun\",\"nme\":\"Cajun Chicken Breast Roast\",\"attr\":\"Sans gluten\",\"sku\":\"30992\",\"l2\":\"Poulet et dinde\",\"sl\":\"roti-de-poitrine-de-poulet-cajun-maple-lodge-30992\",\"sn\":\"\",\"idxP\":21},{\"mq\":\"Olymel\",\"nm\":\"Bacon\",\"nme\":\"Bacon\",\"attr\":\"\",\"sku\":\"30192\",\"l2\":\"Bacon et pancetta\",\"sl\":\"bacon-olymel-30192\",\"sn\":\"\",\"idxP\":96},{\"mq\":\"Brandt\",\"nm\":\"Haut de cuisse de dinde\",\"nme\":\"Top legs Turkey\",\"attr\":\"Sans gluten, Sans lactose\",\"sku\":\"32386\",\"l2\":\"Poulet et dinde\",\"sl\":\"haut-de-cuisse-de-dinde-brandt-32386\",\"sn\":\"\",\"idxP\":53},{\"mq\":\"Gasp\u00E9sien\",\"nm\":\"Jambon toupie en demi\",\"nme\":\"Half Toupie Ham\",\"attr\":\"Produit local\",\"sku\":\"23622\",\"l2\":\"Jambon\",\"sl\":\"jambon-toupie-en-demi-gaspesien-23622\",\"sn\":\"\",\"idxP\":25},{\"mq\":\"Gasp\u00E9sien\",\"nm\":\"Jambon toupie 1\\\/4\",\"nme\":\"Toupie Ham 1\\\/4\",\"attr\":\"Produit local\",\"sku\":\"23621\",\"l2\":\"Jambon\",\"sl\":\"jambon-toupie-14-gaspesien-23621\",\"sn\":\"\",\"idxP\":52},{\"mq\":\"Mastro\",\"nm\":\"Calabrese fort en demi\",\"nme\":\"Half Hot Calabrese\",\"attr\":\"Sans gluten, Sans lactose\",\"sku\":\"25241\",\"l2\":\"Salami\",\"sl\":\"calabrese-fort-en-demi-mastro-25241\",\"sn\":\"\",\"idxP\":31},{\"mq\":\"Gasp\u00E9sien\",\"nm\":\"Jambon P'tit classique\",\"nme\":\"Ptit Classic Ham\",\"attr\":\"Produit local\",\"sku\":\"23616\",\"l2\":\"Jambon\",\"sl\":\"jambon-ptit-classique-gaspesien-23616\",\"sn\":\"\",\"idxP\":37},{\"mq\":\"Salamico\",\"nm\":\"Bacon foret noire\",\"nme\":\"Black Forest Bacon\",\"attr\":\"Sans gluten, Produit local\",\"sku\":\"35470\",\"l2\":\"Bacon et pancetta\",\"sl\":\"bacon-foret-noire-salamico-35470\",\"sn\":\"\",\"idxP\":65},{\"mq\":\"Maple Lodge\",\"nm\":\"Poitrine de poulet cuite et tranch\u00E9e\",\"nme\":\"Sliced Cooked Chicken Breast\",\"attr\":\"\",\"sku\":\"36108\",\"l2\":\"Poulet et dinde\",\"sl\":\"poitrine-de-poulet-cuite-et-tranchee-maple-lodge-36108\",\"sn\":\"\",\"idxP\":22},{\"mq\":\"Brandt\",\"nm\":\"Pain de viande aux olives\",\"nme\":\"Olive Meat Bread\",\"attr\":\"\",\"sku\":\"32387\",\"l2\":\"Bologne\",\"sl\":\"pain-de-viande-aux-olives-brandt-32387\",\"sn\":\"piments\",\"idxP\":17},{\"mq\":\"Mastro\",\"nm\":\"Pancetta piquante piquante\",\"nme\":\"Classic Pancetta Hot\",\"attr\":\"Sans gluten, Sans lactose\",\"sku\":\"36684\",\"l2\":\"Bacon et pancetta\",\"sl\":\"pancetta-piquante-piquante-mastro-36684\",\"sn\":\"\",\"idxP\":12},{\"mq\":\"Gasp\u00E9sien\",\"nm\":\"Simili poulet carr\u00E9\",\"nme\":\"Square Chicken Mock\",\"attr\":\"\",\"sku\":\"37659\",\"l2\":\"Bologne\",\"sl\":\"simili-poulet-carre-gaspesien-37659\",\"sn\":\"\",\"idxP\":100},{\"mq\":\"Gasp\u00E9sien\",\"nm\":\"Jambon cuit style europ\u00E9en tranch\u00E9\",\"nme\":\"Sliced European Style Cooked Ham\",\"attr\":\"Produit local\",\"sku\":\"23624\",\"l2\":\"Jambon\",\"sl\":\"jambon-cuit-style-europeen-tranche-gaspesien-23624\",\"sn\":\"\",\"idxP\":33},{\"mq\":\"Salamico\",\"nm\":\"Bacon r\u00E9gulier\",\"nme\":\"Regular Bacon\",\"attr\":\"Sans gluten, Produit local\",\"sku\":\"35472\",\"l2\":\"Bacon et pancetta\",\"sl\":\"bacon-regulier-salamico-35472\",\"sn\":\"\",\"idxP\":75},{\"mq\":\"Mastro\",\"nm\":\"Pancetta classique\",\"nme\":\"Classic Pancetta\",\"attr\":\"\",\"sku\":\"36748\",\"l2\":\"Bacon et pancetta\",\"sl\":\"pancetta-classique-mastro-36748\",\"sn\":\"\",\"idxP\":36},{\"mq\":\"Salamico\",\"nm\":\"Bacon au poivre noir\",\"nme\":\"Black Pepper Bacon\",\"attr\":\"Sans gluten, Produit local\",\"sku\":\"37652\",\"l2\":\"Bacon et pancetta\",\"sl\":\"bacon-au-poivre-noir-salamico-37652\",\"sn\":\"\",\"idxP\":57},{\"mq\":\"Delstar\",\"nm\":\"Rosbif de ronde assaisonn\u00E9e cuite\",\"nme\":\"Cooked Seasoned Roast Beef\",\"attr\":\"\",\"sku\":\"47871\",\"l2\":\"Boeuf\",\"sl\":\"rosbif-de-ronde-assaisonnee-cuite-delstar-47871\",\"sn\":\"\",\"idxP\":81},{\"mq\":\"Virginia\",\"nm\":\"Poitrine de dinde cuite\",\"nme\":\"Cooked Turkey Breast Roast\",\"attr\":\"\",\"sku\":\"43020\",\"l2\":\"Poulet et dinde\",\"sl\":\"poitrine-de-dinde-cuite-virginia-43020\",\"sn\":\"\",\"idxP\":90},{\"mq\":\"Brandt\",\"nm\":\"Saucisson polonais\",\"nme\":\"Polish Sausage\",\"attr\":\"Sans gluten\",\"sku\":\"39014\",\"l2\":\"Saucisson\",\"sl\":\"saucisson-polonais-brandt-39014\",\"sn\":\"\",\"idxP\":71},{\"mq\":\"Fumagalli\",\"nm\":\"Coppa\",\"nme\":\"Coppa\",\"attr\":\"\",\"sku\":\"37809\",\"l2\":\"Prosciutto\",\"sl\":\"coppa-fumagalli-37809\",\"sn\":\"\",\"idxP\":7},{\"mq\":\"Mello\",\"nm\":\"Poitrine de boeuf \u00E0 l'ancienne\",\"nme\":\"Old Fashioned Beef Breast\",\"attr\":\"\",\"sku\":\"41091\",\"l2\":\"Viande fum\u00E9e\",\"sl\":\"poitrine-de-boeuf-a-lancienne-mello-41091\",\"sn\":\"oeufs\",\"idxP\":65},{\"mq\":\"Lafleur\",\"nm\":\"Bacon pr\u00E9-cuit\",\"nme\":\"Pre-cooked Bacon\",\"attr\":\"Sans gluten, Produit local\",\"sku\":\"42308\",\"l2\":\"Bacon et pancetta\",\"sl\":\"bacon-pre-cuit-lafleur-42308\",\"sn\":\"\",\"idxP\":60},{\"mq\":\"Korona\",\"nm\":\"Jambon d\u00E9soss\u00E9 fum\u00E9 \u00E0 l'ancienne\",\"nme\":\"Old Fashioned Smoked Ham\",\"attr\":\"\",\"sku\":\"42743\",\"l2\":\"Jambon\",\"sl\":\"jambon-desosse-fume-a-lancienne-korona-42743\",\"sn\":\"\",\"idxP\":42},{\"mq\":\"Lafleur\",\"nm\":\"Jambon cuit 4\\\"x6\\\"\",\"nme\":\"Cooked Ham 4\\\"x6\\\"\",\"attr\":\"Sans gluten, Aliment du Qu\u00E9bec, Produit local\",\"sku\":\"45026\",\"l2\":\"Jambon\",\"sl\":\"jambon-cuit-4x6-lafleur-45026\",\"sn\":\"\",\"idxP\":34},{\"mq\":\"San Daniele\",\"nm\":\"Demi speck sec\",\"nme\":\"Dry Half Speck\",\"attr\":\"\",\"sku\":\"39747\",\"l2\":\"Prosciutto\",\"sl\":\"demi-speck-sec-san-daniele-39747\",\"sn\":\"\",\"idxP\":14},{\"mq\":\"Virginia\",\"nm\":\"Poitrine de dinde fum\u00E9e\",\"nme\":\"Smoked Turkey Breast\",\"attr\":\"\",\"sku\":\"43583\",\"l2\":\"Poulet et dinde\",\"sl\":\"poitrine-de-dinde-fumee-virginia-43583\",\"sn\":\"\",\"idxP\":100},{\"mq\":\"Piller's\",\"nm\":\"Salami caliente\",\"nme\":\"Caliente Salami\",\"attr\":\"Sans gluten\",\"sku\":\"37104\",\"l2\":\"Salami\",\"sl\":\"salami-caliente-pillers-37104\",\"sn\":\"\",\"idxP\":11},{\"mq\":\"Roma\",\"nm\":\"Capicolle plat fort tranche\",\"nme\":\"Sliced Flat Hot Capicollo\",\"attr\":\"Aliment du Qu\u00E9bec, Produit local\",\"sku\":\"37318\",\"l2\":\"Capicolle\",\"sl\":\"capicolle-plat-fort-tranche-roma-37318\",\"sn\":\"capicolle\",\"idxP\":36},{\"mq\":\"Mello\",\"nm\":\"Pepperoni entier 2\\\"\",\"nme\":\"Whole Pepperoni 2\\\"\",\"attr\":\"\",\"sku\":\"41087\",\"l2\":\"Pepperoni\",\"sl\":\"pepperoni-entier-2-mello-41087\",\"sn\":\"\",\"idxP\":85},{\"mq\":\"Korona\",\"nm\":\"Jambon For\u00EAt Noire entier\",\"nme\":\"Whole Black Forest Ham\",\"attr\":\"\",\"sku\":\"42742\",\"l2\":\"Jambon\",\"sl\":\"jambon-foret-noire-entier-korona-42742\",\"sn\":\"\",\"idxP\":70},{\"mq\":\"Olymel\",\"nm\":\"Bologne r\u00E9gulier entier\",\"nme\":\"Whole Regular Bologna\",\"attr\":\"\",\"sku\":\"26486\",\"l2\":\"Bologne\",\"sl\":\"bologne-regulier-entier-olymel-26486\",\"sn\":\"\",\"idxP\":52},{\"mq\":\"L'H\u00E9ritage\",\"nm\":\"F\u00E8ves au lard cuites au four\",\"nme\":\"Oven-baked Beans with Pork\",\"attr\":\"Aliment du Qu\u00E9bec, Produit local\",\"sku\":\"34253\",\"l2\":\"Charcuterie traiteur\",\"sl\":\"feves-au-lard-cuites-au-four-lheritage-34253\",\"sn\":\"\",\"idxP\":74},{\"mq\":\"Arahova\",\"nm\":\"Trempette tzatziki\",\"nme\":\"Tzatziki Dip\",\"attr\":\"\",\"sku\":\"06918\",\"l2\":\"Pr\u00EAt \u00E0 manger\",\"sl\":\"trempette-tzatziki-arahova-06918\",\"sn\":\"\",\"idxP\":67},{\"mq\":\"Arahova\",\"nm\":\"Tzatziki\",\"nme\":\"Tzatziki\",\"attr\":\"\",\"sku\":\"06919\",\"l2\":\"Pr\u00EAt \u00E0 manger\",\"sl\":\"tzatziki-arahova-06919\",\"sn\":\"\",\"idxP\":50},{\"mq\":\"Piller's\",\"nm\":\"Pastrami tranch\u00E9\",\"nme\":\"Sliced Pastrami\",\"attr\":\"Sans gluten\",\"sku\":\"23542\",\"l2\":\"Viande fum\u00E9e\",\"sl\":\"pastrami-tranche-pillers-23542\",\"sn\":\"\",\"idxP\":37},{\"mq\":\"Mello\",\"nm\":\"Demi pointe de poitrine de boeuf fum\u00E9e\",\"nme\":\"Half Smoked Beef Brisket\",\"attr\":\"\",\"sku\":\"37325\",\"l2\":\"Viande fum\u00E9e\",\"sl\":\"demi-pointe-de-poitrine-de-boeuf-fumee-mello-37325\",\"sn\":\"oeufs\",\"idxP\":86},{\"mq\":\"Delstar\",\"nm\":\"Poitrine de b\u0153uf fum\u00E9e \u00E0 l\u2019ancienne enti\u00E8re\",\"nme\":\"Whole old-fashioned smoked beef brisket\",\"attr\":\"\",\"sku\":\"09651\",\"l2\":\"Viande fum\u00E9e\",\"sl\":\"poitrine-de-buf-fumee-a-lancienne-entiere-delstar-09651\",\"sn\":\"oeufs\",\"idxP\":34},{\"mq\":\"L'H\u00E9ritage\",\"nm\":\"F\u00E8ves au lard cuites au four\",\"nme\":\"Oven-baked Beans with Pork\",\"attr\":\"\",\"sku\":\"06434\",\"l2\":\"Charcuterie traiteur\",\"sl\":\"feves-au-lard-cuites-au-four-lheritage-06434\",\"sn\":\"\",\"idxP\":43},{\"mq\":\"Fontaine Sant\u00E9\",\"nm\":\"Hummus aux noix de pins r\u00F4ties\",\"nme\":\"Roasted Pine Nuts Hummus\",\"attr\":\"Sans gluten, Produit local\",\"sku\":\"18142\",\"l2\":\"Pr\u00EAt \u00E0 manger\",\"sl\":\"hummus-aux-noix-de-pins-roties-fontaine-sante-18142\",\"sn\":\"\",\"idxP\":51},{\"mq\":\"Fontaine Sant\u00E9\",\"nm\":\"Bruschetta traditionnelle\",\"nme\":\"Bruschetta\",\"attr\":\"Sans gluten, Produit local\",\"sku\":\"18145\",\"l2\":\"Pr\u00EAt \u00E0 manger\",\"sl\":\"bruschetta-traditionnelle-fontaine-sante-18145\",\"sn\":\"\",\"idxP\":51},{\"mq\":\"Fontaine Sant\u00E9\",\"nm\":\"Hummus aux jalapenos r\u00F4tis\",\"nme\":\"Roasted Jalapenos Hummus\",\"attr\":\"Sans gluten, Produit local\",\"sku\":\"18146\",\"l2\":\"Pr\u00EAt \u00E0 manger\",\"sl\":\"hummus-aux-jalapenos-rotis-fontaine-sante-18146\",\"sn\":\"\",\"idxP\":43},{\"mq\":\"Fontaine Sant\u00E9\",\"nm\":\"Hummus aux poivrons rouges r\u00F4tis\",\"nme\":\"Roasted Red Peppers Hummus\",\"attr\":\"Sans gluten, Produit local\",\"sku\":\"18144\",\"l2\":\"Pr\u00EAt \u00E0 manger\",\"sl\":\"hummus-aux-poivrons-rouges-rotis-fontaine-sante-18144\",\"sn\":\"\",\"idxP\":51},{\"mq\":\"Fontaine Sant\u00E9\",\"nm\":\"Hummus chipotle\",\"nme\":\"Chipotle Hummus\",\"attr\":\"Sans gluten, Produit local\",\"sku\":\"18140\",\"l2\":\"Pr\u00EAt \u00E0 manger\",\"sl\":\"hummus-chipotle-fontaine-sante-18140\",\"sn\":\"\",\"idxP\":25},{\"mq\":\"Fontaine Sant\u00E9\",\"nm\":\"Hummus artichaut r\u00F4ti \u00E9pinards\",\"nme\":\"Roasted Artichoke Spinach\",\"attr\":\"Sans gluten, Produit local\",\"sku\":\"18148\",\"l2\":\"Pr\u00EAt \u00E0 manger\",\"sl\":\"hummus-artichaut-roti-epinards-fontaine-sante-18148\",\"sn\":\"\u00E9pinards\",\"idxP\":38},{\"mq\":\"Fontaine Sant\u00E9\",\"nm\":\"Hummus aux oignons caram\u00E9lis\u00E9s\",\"nme\":\"Caramelized Onions Hummus\",\"attr\":\"Sans gluten, Produit local\",\"sku\":\"18141\",\"l2\":\"Pr\u00EAt \u00E0 manger\",\"sl\":\"hummus-aux-oignons-caramelises-fontaine-sante-18141\",\"sn\":\"onions, oignons\",\"idxP\":55},{\"mq\":\"MTL 457\",\"nm\":\"Jambon d\u00E9soss\u00E9 fum\u00E9 entier\",\"nme\":\"Whole Boneless Naturally Smoked Ham\",\"attr\":\"Sans gluten, Aliment du Qu\u00E9bec, Produit local\",\"sku\":\"21272\",\"l2\":\"Jambon\",\"sl\":\"jambon-desosse-fume-entier-mtl-457-21272\",\"sn\":\"\",\"idxP\":50},{\"mq\":\"Arahova\",\"nm\":\"Tzatziki\",\"nme\":\"Tzatziki\",\"attr\":\"\",\"sku\":\"06930\",\"l2\":\"Pr\u00EAt \u00E0 manger\",\"sl\":\"tzatziki-arahova-06930\",\"sn\":\"\",\"idxP\":42},{\"mq\":\"Maple Lodge\",\"nm\":\"Bacon au poulet halal\",\"nme\":\"Halal Chicken Bacon\",\"attr\":\"\",\"sku\":\"01038\",\"l2\":\"Charcuterie halal\",\"sl\":\"bacon-au-poulet-halal-maple-lodge-01038\",\"sn\":\"\",\"idxP\":91},{\"mq\":\"Olymel\",\"nm\":\"Poitrine de dinde cuite prestige\",\"nme\":\"Prestige Cooked Turkey Breast\",\"attr\":\"Sans gluten\",\"sku\":\"10501\",\"l2\":\"Poulet et dinde\",\"sl\":\"poitrine-de-dinde-cuite-prestige-olymel-10501\",\"sn\":\"\",\"idxP\":14},{\"mq\":\"Lafleur\",\"nm\":\"Creton\",\"nme\":\"Creton\",\"attr\":\"Produit local\",\"sku\":\"26635\",\"l2\":\"Charcuterie traiteur\",\"sl\":\"creton-lafleur-26635\",\"sn\":\"\",\"idxP\":72},{\"mq\":\"Salamico\",\"nm\":\"Saucisse oktoberfest\",\"nme\":\"Oktoberfest Sausage\",\"attr\":\"Sans gluten, Produit local\",\"sku\":\"35481\",\"l2\":\"Saucisse\",\"sl\":\"saucisse-oktoberfest-salamico-35481\",\"sn\":\"\",\"idxP\":40},{\"mq\":\"Piller's\",\"nm\":\"Dinde cuite tranch\u00E9e\",\"nme\":\"Sliced Cooked Turkey\",\"attr\":\"Sans gluten\",\"sku\":\"23540\",\"l2\":\"Poulet et dinde\",\"sl\":\"dinde-cuite-tranchee-pillers-23540\",\"sn\":\"\",\"idxP\":49},{\"mq\":\"Piller's\",\"nm\":\"Pepperoni en b\u00E2ton fort\",\"nme\":\"Hot Stick Pepperoni\",\"attr\":\"Sans gluten, Sans lactose\",\"sku\":\"22884\",\"l2\":\"Pepperoni\",\"sl\":\"pepperoni-en-baton-fort-pillers-22884\",\"sn\":\"\",\"idxP\":14},{\"mq\":\"Salamico\",\"nm\":\"Bacon paprika\",\"nme\":\"Paprika Bacon\",\"attr\":\"Sans gluten, Produit local\",\"sku\":\"35474\",\"l2\":\"Bacon et pancetta\",\"sl\":\"bacon-paprika-salamico-35474\",\"sn\":\"\",\"idxP\":53},{\"mq\":\"Maple Lodge\",\"nm\":\"Poitrine de poulet cuite au barbecue\",\"nme\":\"BBQ Cooked Chicken Breast\",\"attr\":\"Sans gluten\",\"sku\":\"36119\",\"l2\":\"Poulet et dinde\",\"sl\":\"poitrine-de-poulet-cuite-au-barbecue-maple-lodge-36119\",\"sn\":\"\",\"idxP\":5},{\"mq\":\"Gasp\u00E9sien\",\"nm\":\"Salami tranch\u00E9\",\"nme\":\"Sliced Salami\",\"attr\":\"Produit local\",\"sku\":\"23610\",\"l2\":\"Salami\",\"sl\":\"salami-tranche-gaspesien-23610\",\"sn\":\"\",\"idxP\":19},{\"mq\":\"Maison de Savoie\",\"nm\":\"Rosette au fromage de Savoie\",\"nme\":\"Dry Sausage with Savoie Cheese\",\"attr\":\"\",\"sku\":\"30923\",\"l2\":\"Saucisson\",\"sl\":\"rosette-au-fromage-de-savoie-maison-de-savoie-30923\",\"sn\":\"fromages\",\"idxP\":41},{\"mq\":\"Mastro\",\"nm\":\"Salami chorizo tranch\u00E9\",\"nme\":\"Sliced Chorizo Salami\",\"attr\":\"\",\"sku\":\"16714\",\"l2\":\"Salami\",\"sl\":\"salami-chorizo-tranche-mastro-16714\",\"sn\":\"\",\"idxP\":44},{\"mq\":\"Olymel\",\"nm\":\"Bacon r\u00E9duit en sel tranch\u00E9\",\"nme\":\"Sliced Bacon\",\"attr\":\"\",\"sku\":\"26633\",\"l2\":\"Bacon et pancetta\",\"sl\":\"bacon-reduit-en-sel-tranche-olymel-26633\",\"sn\":\"\",\"idxP\":66},{\"mq\":\"Olymel\",\"nm\":\"Bacon \u00E0 l'\u00E9rable tranch\u00E9\",\"nme\":\"Maple Bacon Sliced\",\"attr\":\"\",\"sku\":\"26634\",\"l2\":\"Bacon et pancetta\",\"sl\":\"bacon-a-lerable-tranche-olymel-26634\",\"sn\":\"\",\"idxP\":86},{\"mq\":\"Gasp\u00E9sien\",\"nm\":\"Simili poulet rond tranch\u00E9\",\"nme\":\"Sliced Round Mock Chicken\",\"attr\":\"Produit local\",\"sku\":\"23630\",\"l2\":\"Poulet et dinde\",\"sl\":\"simili-poulet-rond-tranche-gaspesien-23630\",\"sn\":\"\",\"idxP\":30},{\"mq\":\"Papille\",\"nm\":\"Rosette de Lyon au poivre noir\",\"nme\":\"Rosette de Lyon with Black Pepper\",\"attr\":\"\",\"sku\":\"10192\",\"l2\":\"Saucisson\",\"sl\":\"rosette-de-lyon-au-poivre-noir-papille-10192\",\"sn\":\"\",\"idxP\":40},{\"mq\":\"Fontaine Sant\u00E9\",\"nm\":\"Taboul\u00E9 salade de persil\",\"nme\":\"Parsley Salad Taboule\",\"attr\":\"Produit local\",\"sku\":\"30375\",\"l2\":\"Pr\u00EAt \u00E0 manger\",\"sl\":\"taboule-salade-de-persil-fontaine-sante-30375\",\"sn\":\"\",\"idxP\":35},{\"mq\":\"Fontaine Sant\u00E9\",\"nm\":\"Hummus traditionnel\",\"nme\":\"Traditional Hummus\",\"attr\":\"Sans gluten, Produit local\",\"sku\":\"30376\",\"l2\":\"Pr\u00EAt \u00E0 manger\",\"sl\":\"hummus-traditionnel-fontaine-sante-30376\",\"sn\":\"\",\"idxP\":78},{\"mq\":\"Fontaine Sant\u00E9\",\"nm\":\"Hummus \u00E0 l'ail r\u00F4ti\",\"nme\":\"Roasted Garlic Hummus\",\"attr\":\"Sans gluten, Produit local\",\"sku\":\"30381\",\"l2\":\"Pr\u00EAt \u00E0 manger\",\"sl\":\"hummus-a-lail-roti-fontaine-sante-30381\",\"sn\":\"\",\"idxP\":37},{\"mq\":\"Fontaine Sant\u00E9\",\"nm\":\"Salade de penne et feta\",\"nme\":\"Penne and Feta Salad 350 g\",\"attr\":\"Produit local\",\"sku\":\"30813\",\"l2\":\"Pr\u00EAt \u00E0 manger\",\"sl\":\"salade-de-penne-et-feta-fontaine-sante-30813\",\"sn\":\"\",\"idxP\":38},{\"mq\":\"Fontaine Sant\u00E9\",\"nm\":\"Hummus ail r\u00F4ti\",\"nme\":\"Roasted Garlic Hummus\",\"attr\":\"Sans gluten, Produit local\",\"sku\":\"33643\",\"l2\":\"Pr\u00EAt \u00E0 manger\",\"sl\":\"hummus-ail-roti-fontaine-sante-33643\",\"sn\":\"\",\"idxP\":50},{\"mq\":\"Fontaine Sant\u00E9\",\"nm\":\"Salade de trois f\u00E8ves\",\"nme\":\"Three-Bean Salad\",\"attr\":\"Sans gluten, Produit local\",\"sku\":\"32784\",\"l2\":\"Pr\u00EAt \u00E0 manger\",\"sl\":\"salade-de-trois-feves-fontaine-sante-32784\",\"sn\":\"\",\"idxP\":29},{\"mq\":\"Fontaine Sant\u00E9\",\"nm\":\"Hummus aux poivrons rouges r\u00F4tis\",\"nme\":\"Roasted Red Pepper Hummus\",\"attr\":\"Sans gluten, Produit local\",\"sku\":\"30380\",\"l2\":\"Pr\u00EAt \u00E0 manger\",\"sl\":\"hummus-aux-poivrons-rouges-rotis-fontaine-sante-30380\",\"sn\":\"\",\"idxP\":40},{\"mq\":\"Fontaine Sant\u00E9\",\"nm\":\"Salade de trois lentilles et canneberges\",\"nme\":\"Three-Lentil and Cranberry Salad\",\"attr\":\"Produit local\",\"sku\":\"30814\",\"l2\":\"Pr\u00EAt \u00E0 manger\",\"sl\":\"salade-de-trois-lentilles-et-canneberges-fontaine-sante-30814\",\"sn\":\"\",\"idxP\":32},{\"mq\":\"Fontaine Sant\u00E9\",\"nm\":\"Salade de couscous royale\",\"nme\":\"Royal Couscous Salad\",\"attr\":\"Produit local\",\"sku\":\"32785\",\"l2\":\"Pr\u00EAt \u00E0 manger\",\"sl\":\"salade-de-couscous-royale-fontaine-sante-32785\",\"sn\":\"\",\"idxP\":36},{\"mq\":\"Fontaine Sant\u00E9\",\"nm\":\"Salade de couscous\",\"nme\":\"Couscous Salad\",\"attr\":\"Produit local\",\"sku\":\"30379\",\"l2\":\"Pr\u00EAt \u00E0 manger\",\"sl\":\"salade-de-couscous-fontaine-sante-30379\",\"sn\":\"\",\"idxP\":38},{\"mq\":\"Arahova\",\"nm\":\"Tzatziki l\u00E9ger\",\"nme\":\"Tzatziki Light\",\"attr\":\"\",\"sku\":\"09950\",\"l2\":\"Pr\u00EAt \u00E0 manger\",\"sl\":\"tzatziki-leger-arahova-09950\",\"sn\":\"\",\"idxP\":20},{\"mq\":\"Krinos\",\"nm\":\"Caviar de carpe tartinade style grec\",\"nme\":\"Caviar, Carp, Greek Style Spread\",\"attr\":\"\",\"sku\":\"34112\",\"l2\":\"Autre\",\"sl\":\"caviar-de-carpe-tartinade-style-grec-krinos-34112\",\"sn\":\"\",\"idxP\":17},{\"mq\":\"Salamina\",\"nm\":\"Saucisse Grecque Loukaniko\",\"nme\":\"Greek Loukaniko Sausage\",\"attr\":\"Sans gluten\",\"sku\":\"28179\",\"l2\":\"Saucisse\",\"sl\":\"saucisse-grecque-loukaniko-salamina-28179\",\"sn\":\"\",\"idxP\":87},{\"mq\":\"Salamina\",\"nm\":\"Saucisse chorizo forte\",\"nme\":\"Hot Sausage Chorizo\",\"attr\":\"Sans gluten\",\"sku\":\"28178\",\"l2\":\"Saucisse\",\"sl\":\"saucisse-chorizo-forte-salamina-28178\",\"sn\":\"\",\"idxP\":100},{\"mq\":\"Salamina\",\"nm\":\"Saucisse chorizo douce\",\"nme\":\"Mild Sausage Chorizo\",\"attr\":\"Sans gluten\",\"sku\":\"28177\",\"l2\":\"Saucisse\",\"sl\":\"saucisse-chorizo-douce-salamina-28177\",\"sn\":\"\",\"idxP\":98},{\"mq\":\"Johnny\",\"nm\":\"Saucisse s\u00E8che longue forte\",\"nme\":\"Hot Long Dried Sausage\",\"attr\":\"\",\"sku\":\"28249\",\"l2\":\"Saucisse\",\"sl\":\"saucisse-seche-longue-forte-johnny-28249\",\"sn\":\"\",\"idxP\":58},{\"mq\":\"Piller's\",\"nm\":\"Jambon For\u00EAt Noire tranch\u00E9\",\"nme\":\"Sliced Black Forest Ham\",\"attr\":\"Sans gluten\",\"sku\":\"28330\",\"l2\":\"Jambon\",\"sl\":\"jambon-foret-noire-tranche-pillers-28330\",\"sn\":\"\",\"idxP\":24},{\"mq\":\"Piller's\",\"nm\":\"Salami hongrois piquant tranch\u00E9\",\"nme\":\"Sliced Hungarian Spicy Salami\",\"attr\":\"Sans gluten\",\"sku\":\"28327\",\"l2\":\"Salami\",\"sl\":\"salami-hongrois-piquant-tranche-pillers-28327\",\"sn\":\"\",\"idxP\":59},{\"mq\":\"L'H\u00E9ritage\",\"nm\":\"F\u00E8ves cuites au four avec m\u00E9lasse\",\"nme\":\"Oven-Baked Beans with Molasses\",\"attr\":\"Produit local\",\"sku\":\"28075\",\"l2\":\"Charcuterie traiteur\",\"sl\":\"feves-cuites-au-four-avec-melasse-lheritage-28075\",\"sn\":\"\",\"idxP\":13},{\"mq\":\"Olymel\",\"nm\":\"Poitrine de dinde fum\u00E9e tranch\u00E9e\",\"nme\":\"Sliced Smoked Turkey Breast\",\"attr\":\"Sans gluten\",\"sku\":\"28421\",\"l2\":\"Poulet et dinde\",\"sl\":\"poitrine-de-dinde-fumee-tranchee-olymel-28421\",\"sn\":\"\",\"idxP\":51},{\"mq\":\"Maison Fayard\",\"nm\":\"Minis Saucissons secs\",\"nme\":\"Small Dried Sausages\",\"attr\":\"\",\"sku\":\"28438\",\"l2\":\"Charcuterie traiteur\",\"sl\":\"minis-saucissons-secs-maison-fayard-28438\",\"sn\":\"\",\"idxP\":69},{\"mq\":\"Maison Fayard\",\"nm\":\"Les minis lyonnais - saucisson sec au Beaufort\",\"nme\":\"Dried Sausage with Beaufort Cheese\",\"attr\":\"\",\"sku\":\"28444\",\"l2\":\"Saucisson\",\"sl\":\"les-minis-lyonnais-saucisson-sec-au-beaufort-maison-fayard-28444\",\"sn\":\"\",\"idxP\":50},{\"mq\":\"Olymel\",\"nm\":\"Jambon fum\u00E9 for\u00EAt noire tranch\u00E9\",\"nme\":\"Sliced Black Forest Smoked Ham\",\"attr\":\"Sans gluten, Aliment du Qu\u00E9bec\",\"sku\":\"28424\",\"l2\":\"Jambon\",\"sl\":\"jambon-fume-foret-noire-tranche-olymel-28424\",\"sn\":\"\",\"idxP\":54},{\"mq\":\"Maison Fayard\",\"nm\":\"Les minis lyonnais - saucisson sec\",\"nme\":\"Dried Sausage\",\"attr\":\"\",\"sku\":\"28442\",\"l2\":\"Saucisson\",\"sl\":\"les-minis-lyonnais-saucisson-sec-maison-fayard-28442\",\"sn\":\"\",\"idxP\":77},{\"mq\":\"Olymel\",\"nm\":\"Jambon fum\u00E9 \u00E0 l'ancienne tranch\u00E9\",\"nme\":\"Sliced Old Fashion Smoked Ham\",\"attr\":\"Sans gluten, Aliment du Qu\u00E9bec\",\"sku\":\"28423\",\"l2\":\"Jambon\",\"sl\":\"jambon-fume-a-lancienne-tranche-olymel-28423\",\"sn\":\"\",\"idxP\":54},{\"mq\":\"Maison Fayard\",\"nm\":\"Les minis lyonnais - saucisson sec au noisette\",\"nme\":\"Dried Sausage with hazelnut\",\"attr\":\"\",\"sku\":\"28443\",\"l2\":\"Saucisson\",\"sl\":\"les-minis-lyonnais-saucisson-sec-au-noisette-maison-fayard-28443\",\"sn\":\"\",\"idxP\":65},{\"mq\":\"Maison Fayard\",\"nm\":\"Magret de canard s\u00E9ch\u00E9 du P\u00E9rigord\",\"nme\":\"Dried Duck Breast from P\u00E9rigord\",\"attr\":\"Sans gluten\",\"sku\":\"28461\",\"l2\":\"Canard\",\"sl\":\"magret-de-canard-seche-du-perigord-maison-fayard-28461\",\"sn\":\"\",\"idxP\":48},{\"mq\":\"Maison Fayard\",\"nm\":\"Bloc de foie gras de canard\",\"nme\":\"Duck Foie Gras Block\",\"attr\":\"\",\"sku\":\"28477\",\"l2\":\"Canard\",\"sl\":\"bloc-de-foie-gras-de-canard-maison-fayard-28477\",\"sn\":\"\",\"idxP\":37},{\"mq\":\"Olymel\",\"nm\":\"Poitrine de dinde cuite tranch\u00E9e\",\"nme\":\"Sliced Cooked Turkey Breast\",\"attr\":\"Sans gluten\",\"sku\":\"28420\",\"l2\":\"Poulet et dinde\",\"sl\":\"poitrine-de-dinde-cuite-tranchee-olymel-28420\",\"sn\":\"\",\"idxP\":48},{\"mq\":\"Maison Fayard\",\"nm\":\"Mini Chorizo\",\"nme\":\"Mini Chorizo\",\"attr\":\"\",\"sku\":\"28445\",\"l2\":\"Saucisson\",\"sl\":\"mini-chorizo-maison-fayard-28445\",\"sn\":\"\",\"idxP\":49},{\"mq\":\"Maison Fayard\",\"nm\":\"Mousse de canard\",\"nme\":\"Duck Mousse\",\"attr\":\"\",\"sku\":\"28482\",\"l2\":\"Canard\",\"sl\":\"mousse-de-canard-maison-fayard-28482\",\"sn\":\"\",\"idxP\":12},{\"mq\":\"Plaisirs Gastronomiques\",\"nm\":\"Quiche jambon et asperges\",\"nme\":\"Quiche Ham and Asparagus\",\"attr\":\"Produit local\",\"sku\":\"28558\",\"l2\":\"Pr\u00EAt \u00E0 manger\",\"sl\":\"quiche-jambon-et-asperges-plaisirs-gastronomiques-28558\",\"sn\":\"\",\"idxP\":13},{\"mq\":\"Plaisirs Gastronomiques\",\"nm\":\"Cuisses canard confit\",\"nme\":\"Confit Duck Legs\",\"attr\":\"Sans gluten, Produit local\",\"sku\":\"28559\",\"l2\":\"Pr\u00EAt \u00E0 manger\",\"sl\":\"cuisses-canard-confit-plaisirs-gastronomiques-28559\",\"sn\":\"\",\"idxP\":58},{\"mq\":\"Plaisirs Gastronomiques\",\"nm\":\"Porc effiloch\u00E9\",\"nme\":\"Pulled Pork\",\"attr\":\"Produit local\",\"sku\":\"28562\",\"l2\":\"Pr\u00EAt \u00E0 manger\",\"sl\":\"porc-effiloche-plaisirs-gastronomiques-28562\",\"sn\":\"phyllo\",\"idxP\":33},{\"mq\":\"Plaisirs Gastronomiques\",\"nm\":\"Osso bucco de porc\",\"nme\":\"Pork Osso Bucco\",\"attr\":\"Sans gluten, Produit local\",\"sku\":\"28563\",\"l2\":\"Pr\u00EAt \u00E0 manger\",\"sl\":\"osso-bucco-de-porc-plaisirs-gastronomiques-28563\",\"sn\":\"\",\"idxP\":44},{\"mq\":\"Plaisirs Gastronomiques\",\"nm\":\"Feuillet\u00E9 poulet brocoli et cheddar\",\"nme\":\"Chicken Broccoli and Cheddar Puff Pastry\",\"attr\":\"Produit local\",\"sku\":\"28554\",\"l2\":\"Pr\u00EAt \u00E0 manger\",\"sl\":\"feuillete-poulet-brocoli-et-cheddar-plaisirs-gastronomiques-28554\",\"sn\":\"\",\"idxP\":15},{\"mq\":\"Plaisirs Gastronomiques\",\"nm\":\"Cuisse de poulet portugais\",\"nme\":\"Portuguese Chicken Leg\",\"attr\":\"Sans gluten, Produit local\",\"sku\":\"28570\",\"l2\":\"Pr\u00EAt \u00E0 manger\",\"sl\":\"cuisse-de-poulet-portugais-plaisirs-gastronomiques-28570\",\"sn\":\"\",\"idxP\":23},{\"mq\":\"Plaisirs Gastronomiques\",\"nm\":\"Ratatouille\",\"nme\":\"Ratatouille\",\"attr\":\"Sans gluten, Produit local\",\"sku\":\"28569\",\"l2\":\"Pr\u00EAt \u00E0 manger\",\"sl\":\"ratatouille-plaisirs-gastronomiques-28569\",\"sn\":\"\",\"idxP\":14},{\"mq\":\"Plaisirs Gastronomiques\",\"nm\":\"Quiche lorraine\",\"nme\":\"Quiche Lorraine\",\"attr\":\"Produit local\",\"sku\":\"36960\",\"l2\":\"Pr\u00EAt \u00E0 manger\",\"sl\":\"quiche-lorraine-plaisirs-gastronomiques-36960\",\"sn\":\"\",\"idxP\":13},{\"mq\":\"Plaisirs Gastronomiques\",\"nm\":\"Poulet au beurre\",\"nme\":\"Butter Chicken\",\"attr\":\"Sans gluten, Produit local\",\"sku\":\"28564\",\"l2\":\"Pr\u00EAt \u00E0 manger\",\"sl\":\"poulet-au-beurre-plaisirs-gastronomiques-28564\",\"sn\":\"\",\"idxP\":33},{\"mq\":\"Arahova\",\"nm\":\"Hummus\",\"nme\":\"Hummus\",\"attr\":\"\",\"sku\":\"24099\",\"l2\":\"Pr\u00EAt \u00E0 manger\",\"sl\":\"hummus-arahova-24099\",\"sn\":\"\",\"idxP\":27},{\"mq\":\"Fontaine Sant\u00E9\",\"nm\":\"Salade couscous perle\",\"nme\":\"Pearl Couscous Salad\",\"attr\":\"Produit local\",\"sku\":\"29141\",\"l2\":\"Pr\u00EAt \u00E0 manger\",\"sl\":\"salade-couscous-perle-fontaine-sante-29141\",\"sn\":\"\",\"idxP\":27},{\"mq\":\"Salamico\",\"nm\":\"Saucisse viennoise\",\"nme\":\"Viennoise Sausage\",\"attr\":\"Sans gluten, Produit local\",\"sku\":\"29420\",\"l2\":\"Saucisse\",\"sl\":\"saucisse-viennoise-salamico-29420\",\"sn\":\"\",\"idxP\":34},{\"mq\":\"Salamico\",\"nm\":\"Saucisse debreciner douce\",\"nme\":\"Mild Debreciner Sausage\",\"attr\":\"Sans gluten, Produit local\",\"sku\":\"29421\",\"l2\":\"Saucisse\",\"sl\":\"saucisse-debreciner-douce-salamico-29421\",\"sn\":\"\",\"idxP\":19},{\"mq\":\"Salamico\",\"nm\":\"Saucisse knackwurst\",\"nme\":\"Knackwurst Sausage\",\"attr\":\"Sans gluten, Produit local\",\"sku\":\"29419\",\"l2\":\"Saucisse\",\"sl\":\"saucisse-knackwurst-salamico-29419\",\"sn\":\"\",\"idxP\":31},{\"mq\":\"Salamico\",\"nm\":\"Saucisse weisswurst\",\"nme\":\"Weisswurst Sausage\",\"attr\":\"Sans gluten, Produit local\",\"sku\":\"29423\",\"l2\":\"Saucisse\",\"sl\":\"saucisse-weisswurst-salamico-29423\",\"sn\":\"\",\"idxP\":38},{\"mq\":\"Salamico\",\"nm\":\"Saucisse debreciner forte\",\"nme\":\"Hot Debreciner Sausage\",\"attr\":\"Sans gluten, Produit local\",\"sku\":\"29422\",\"l2\":\"Saucisse\",\"sl\":\"saucisse-debreciner-forte-salamico-29422\",\"sn\":\"\",\"idxP\":18},{\"mq\":\"Cochonnailles\",\"nm\":\"Bloc de foie gras de canard\",\"nme\":\"Block of Duck Foie Gras\",\"attr\":\"\",\"sku\":\"50846\",\"l2\":\"Charcuterie traiteur\",\"sl\":\"bloc-de-foie-gras-de-canard-cochonnailles-50846\",\"sn\":\"\",\"idxP\":96},{\"mq\":\"Roma\",\"nm\":\"Pepperoni piquant tranch\u00E9\",\"nme\":\"Sliced Spicy Pepperoni\",\"attr\":\"Aliment du Qu\u00E9bec, Produit local\",\"sku\":\"29493\",\"l2\":\"Pepperoni\",\"sl\":\"pepperoni-piquant-tranche-roma-29493\",\"sn\":\"\",\"idxP\":91},{\"mq\":\"Lafleur\",\"nm\":\"Bacon pr\u00E9-cuit teneur r\u00E9duite en sodium\",\"nme\":\"Less Salt Pre Cooked Bacon\",\"attr\":\"Sans gluten, Produit local\",\"sku\":\"29468\",\"l2\":\"Bacon et pancetta\",\"sl\":\"bacon-pre-cuit-teneur-reduite-en-sodium-lafleur-29468\",\"sn\":\"\",\"idxP\":14},{\"mq\":\"Roma\",\"nm\":\"Capicolle \u00E0 l'ancienne doux\",\"nme\":\"Old Fashion Mild Capicollo\",\"attr\":\"Aliment du Qu\u00E9bec, Produit local\",\"sku\":\"29494\",\"l2\":\"Capicolle\",\"sl\":\"capicolle-a-lancienne-doux-roma-29494\",\"sn\":\"\",\"idxP\":46},{\"mq\":\"Roma\",\"nm\":\"Pepperoni r\u00E9gulier tranch\u00E9\",\"nme\":\"Sliced Regular Pepperoni\",\"attr\":\"Aliment du Qu\u00E9bec, Produit local\",\"sku\":\"29492\",\"l2\":\"Pepperoni\",\"sl\":\"pepperoni-regulier-tranche-roma-29492\",\"sn\":\"\",\"idxP\":100},{\"mq\":\"Salamico\",\"nm\":\"Grison entier\",\"nme\":\"Grison\",\"attr\":\"Sans gluten\",\"sku\":\"29611\",\"l2\":\"Prosciutto\",\"sl\":\"grison-entier-salamico-29611\",\"sn\":\"\",\"idxP\":26},{\"mq\":\"Salamico\",\"nm\":\"Saucisson \u00E0 l'ail\",\"nme\":\"Whole Garlic Salami\",\"attr\":\"\",\"sku\":\"29609\",\"l2\":\"Saucisson\",\"sl\":\"saucisson-a-lail-salamico-29609\",\"sn\":\"\",\"idxP\":54},{\"mq\":\"Salamico\",\"nm\":\"Saucisson lyoner entier\",\"nme\":\"Whole Lyoner Salami\",\"attr\":\"\",\"sku\":\"29607\",\"l2\":\"Saucisson\",\"sl\":\"saucisson-lyoner-entier-salamico-29607\",\"sn\":\"\",\"idxP\":43},{\"mq\":\"Plaisirs Gastronomiques\",\"nm\":\"Boulettes \u00E0 l'italienne\",\"nme\":\"Italian Style Meatballs\",\"attr\":\"Sans gluten, Produit local\",\"sku\":\"29687\",\"l2\":\"Pr\u00EAt \u00E0 manger\",\"sl\":\"boulettes-a-litalienne-plaisirs-gastronomiques-29687\",\"sn\":\"\",\"idxP\":32},{\"mq\":\"Fontaine Sant\u00E9\",\"nm\":\"Hummus au chocolat noir\",\"nme\":\"Dark Chocolate Hummus\",\"attr\":\"Produit local\",\"sku\":\"29686\",\"l2\":\"Pr\u00EAt \u00E0 manger\",\"sl\":\"hummus-au-chocolat-noir-fontaine-sante-29686\",\"sn\":\"\",\"idxP\":32},{\"mq\":\"Bio Bon\",\"nm\":\"V\u00E9g\u00E9-p\u00E2t\u00E9 traditionnel\",\"nme\":\"Tradionnal vege-pate\",\"attr\":\"\",\"sku\":\"29838\",\"l2\":\"Pr\u00EAt \u00E0 manger\",\"sl\":\"vege-pate-traditionnel-bio-bon-29838\",\"sn\":\"\",\"idxP\":25},{\"mq\":\"Bio Bon\",\"nm\":\"V\u00E9g\u00E9-p\u00E2t\u00E9 sans gluten\",\"nme\":\"Gluten free vege pate\",\"attr\":\"Sans gluten\",\"sku\":\"29840\",\"l2\":\"Pr\u00EAt \u00E0 manger\",\"sl\":\"vege-pate-sans-gluten-bio-bon-29840\",\"sn\":\"\",\"idxP\":10},{\"mq\":\"Bio Bon\",\"nm\":\"V\u00E9g\u00E9-p\u00E2t\u00E9 sans gluten\",\"nme\":\"VEGE PATE GLUTEN FREE\",\"attr\":\"Sans gluten\",\"sku\":\"29839\",\"l2\":\"Pr\u00EAt \u00E0 manger\",\"sl\":\"vege-pate-sans-gluten-bio-bon-29839\",\"sn\":\"\",\"idxP\":17},{\"mq\":\"Bio Bon\",\"nm\":\"V\u00E9g\u00E9-p\u00E2t\u00E9 traditionnel\",\"nme\":\"Tradionnal vege-pate\",\"attr\":\"\",\"sku\":\"29841\",\"l2\":\"Pr\u00EAt \u00E0 manger\",\"sl\":\"vege-pate-traditionnel-bio-bon-29841\",\"sn\":\"\",\"idxP\":13},{\"mq\":\"Du Breton\",\"nm\":\"Bacon bio tranche\",\"nme\":\"sliced organic bacon\",\"attr\":\"Biologique, Produit local\",\"sku\":\"29788\",\"l2\":\"Bacon et pancetta\",\"sl\":\"bacon-bio-tranche-du-breton-29788\",\"sn\":\"biologique, bio, organic, organique\",\"idxP\":30},{\"mq\":\"Rustica\",\"nm\":\"Cro\u00FBte \u00E0 pizza 12\\\" x2\",\"nme\":\"Pizza Crust 12\\\" x2\",\"attr\":\"Produit local\",\"sku\":\"30001\",\"l2\":\"Pr\u00EAt \u00E0 manger\",\"sl\":\"croute-a-pizza-12-x2-rustica-30001\",\"sn\":\"\",\"idxP\":42},{\"mq\":\"Rustica\",\"nm\":\"Cro\u00FBte \u00E0 pizza 7\\\" x3\",\"nme\":\"Pizza Crust 7\\\" x3\",\"attr\":\"Produit local\",\"sku\":\"29998\",\"l2\":\"Pr\u00EAt \u00E0 manger\",\"sl\":\"croute-a-pizza-7-x3-rustica-29998\",\"sn\":\"\",\"idxP\":27},{\"mq\":\"Rustica\",\"nm\":\"Pizza tomate bambino\",\"nme\":\"Bambino Tomato Pizza\",\"attr\":\"Produit local\",\"sku\":\"30002\",\"l2\":\"Pr\u00EAt \u00E0 manger\",\"sl\":\"pizza-tomate-bambino-rustica-30002\",\"sn\":\"tomates\",\"idxP\":87},{\"mq\":\"Rea\",\"nm\":\"Saucisse s\u00E8che cacciatore forte fenouil longue\",\"nme\":\"Long Hot Fennel Cacciatore Dry Sausage\",\"attr\":\"\",\"sku\":\"10031\",\"l2\":\"Saucisson\",\"sl\":\"saucisse-seche-cacciatore-forte-fenouil-longue-rea-10031\",\"sn\":\"\",\"idxP\":12},{\"mq\":\"Rea\",\"nm\":\"Saucisse s\u00E8che cacciatore forte longue\",\"nme\":\"Long Hot Fennel Cacciatore Dry Sausage\",\"attr\":\"\",\"sku\":\"11004\",\"l2\":\"Saucisson\",\"sl\":\"saucisse-seche-cacciatore-forte-longue-rea-11004\",\"sn\":\"\",\"idxP\":15},{\"mq\":\"Rea\",\"nm\":\"Saucisse s\u00E8che cacciatore douce fenouil longue\",\"nme\":\"Long Mild Fennel Cacciatore Dry Sausage\",\"attr\":\"\",\"sku\":\"10033\",\"l2\":\"Saucisson\",\"sl\":\"saucisse-seche-cacciatore-douce-fenouil-longue-rea-10033\",\"sn\":\"\",\"idxP\":9},{\"mq\":\"Virginia\",\"nm\":\"Jambon fum\u00E9 For\u00EAt Noire entier\",\"nme\":\"Black Forest Smoked Ham\",\"attr\":\"\",\"sku\":\"21722\",\"l2\":\"Jambon\",\"sl\":\"jambon-fume-foret-noire-entier-virginia-21722\",\"sn\":\"\",\"idxP\":95},{\"mq\":\"Brandt\",\"nm\":\"Pilon de dinde fum\u00E9\",\"nme\":\"Smoked Turkey Drumsticks\",\"attr\":\"Sans gluten, Sans lactose\",\"sku\":\"00242\",\"l2\":\"Poulet et dinde\",\"sl\":\"pilon-de-dinde-fume-brandt-00242\",\"sn\":\"\",\"idxP\":77},{\"mq\":\"Brandt\",\"nm\":\"Mini-saucisson au fromage \u00E9pic\u00E9\",\"nme\":\"Mini Spicy Cheese Sausage\",\"attr\":\"Sans gluten\",\"sku\":\"40215\",\"l2\":\"Saucisse\",\"sl\":\"mini-saucisson-au-fromage-epice-brandt-40215\",\"sn\":\"fromages\",\"idxP\":26},{\"mq\":\"Rea\",\"nm\":\"Prosciuttini doux\",\"nme\":\"Mild Prosciuttini\",\"attr\":\"\",\"sku\":\"40216\",\"l2\":\"Prosciutto\",\"sl\":\"prosciuttini-doux-rea-40216\",\"sn\":\"\",\"idxP\":41},{\"mq\":\"Rea\",\"nm\":\"Prosciuttini fort\",\"nme\":\"Hot Prosciuttini\",\"attr\":\"\",\"sku\":\"40217\",\"l2\":\"Prosciutto\",\"sl\":\"prosciuttini-fort-rea-40217\",\"sn\":\"\",\"idxP\":33},{\"mq\":\"Brandt\",\"nm\":\"Jambon fum\u00E9 moiti\u00E9 prague\",\"nme\":\"Half Prague Smoked ham\",\"attr\":\"Sans gluten\",\"sku\":\"00234\",\"l2\":\"Prosciutto\",\"sl\":\"jambon-fume-moitie-prague-brandt-00234\",\"sn\":\"\",\"idxP\":52},{\"mq\":\"Plaisirs Gastronomiques\",\"nm\":\"Vol-au-vent au poulet\",\"nme\":\"Chicken vol-au-vent\",\"attr\":\"Produit local\",\"sku\":\"31439\",\"l2\":\"Pr\u00EAt \u00E0 manger\",\"sl\":\"vol-au-vent-au-poulet-plaisirs-gastronomiques-31439\",\"sn\":\"\",\"idxP\":17},{\"mq\":\"Levitts\",\"nm\":\"Poitrine de boeuf fum\u00E9e demie \u00E0 l'ancienne\",\"nme\":\"Old Fashioned Half Smoked Meat\",\"attr\":\"\",\"sku\":\"31463\",\"l2\":\"Viande fum\u00E9e\",\"sl\":\"poitrine-de-boeuf-fumee-demie-a-lancienne-levitts-31463\",\"sn\":\"oeufs\",\"idxP\":56},{\"mq\":\"MTL 457\",\"nm\":\"\u00C9paule de porc fum\u00E9e au bois d'\u00E9rable\",\"nme\":\"Whole Maple Wood Smoked Pork Shoulder\",\"attr\":\"Sans gluten, Aliment du Qu\u00E9bec, Produit local\",\"sku\":\"09827\",\"l2\":\"Jambon\",\"sl\":\"epaule-de-porc-fumee-au-bois-derable-mtl-457-09827\",\"sn\":\"\",\"idxP\":100},{\"mq\":\"Olymel\",\"nm\":\"Bacon fum\u00E9 tranch\u00E9 20\\\/2\",\"nme\":\"Sliced smoked bacon 20\\\/2\",\"attr\":\"\",\"sku\":\"31450\",\"l2\":\"Bacon et pancetta\",\"sl\":\"bacon-fume-tranche-202-olymel-31450\",\"sn\":\"\",\"idxP\":35},{\"mq\":\"Lesters\",\"nm\":\"Pepperoni Amerigo entier\",\"nme\":\"Whole Amerigo Pepperoni\",\"attr\":\"Produit local\",\"sku\":\"11676\",\"l2\":\"Pepperoni\",\"sl\":\"pepperoni-amerigo-entier-lesters-11676\",\"sn\":\"\",\"idxP\":63},{\"mq\":\"Salamico\",\"nm\":\"Saucisson de foie campagne\",\"nme\":\"Country Style Liver Sausage\",\"attr\":\"\",\"sku\":\"29786\",\"l2\":\"Charcuterie traiteur\",\"sl\":\"saucisson-de-foie-campagne-salamico-29786\",\"sn\":\"\",\"idxP\":27},{\"mq\":\"Salamico\",\"nm\":\"Saucisson de foie fin\",\"nme\":\"Fine Liver Sausage\",\"attr\":\"\",\"sku\":\"29787\",\"l2\":\"Charcuterie traiteur\",\"sl\":\"saucisson-de-foie-fin-salamico-29787\",\"sn\":\"\",\"idxP\":36},{\"mq\":\"Salamico\",\"nm\":\"Saucisson de foie fines herbes\",\"nme\":\"Fine Herbs Liver Sausage\",\"attr\":\"\",\"sku\":\"29785\",\"l2\":\"Charcuterie traiteur\",\"sl\":\"saucisson-de-foie-fines-herbes-salamico-29785\",\"sn\":\"\",\"idxP\":31},{\"mq\":\"Rea\",\"nm\":\"Saucisse s\u00E8che cacciatore douce longue\",\"nme\":\"Long Mild Fennel Cacciatore Dry Sausage\",\"attr\":\"\",\"sku\":\"11002\",\"l2\":\"Saucisson\",\"sl\":\"saucisse-seche-cacciatore-douce-longue-rea-11002\",\"sn\":\"\",\"idxP\":16},{\"mq\":\"Delstar\",\"nm\":\"Poitrine b\u0153uf fum\u00E9e demi reg.  Coupe du centre\",\"nme\":\"Smoked beef brisket reg. Half center cut\",\"attr\":\"\",\"sku\":\"47868\",\"l2\":\"Viande fum\u00E9e\",\"sl\":\"poitrine-buf-fumee-demi-reg.-coupe-du-centre-delstar-47868\",\"sn\":\"\",\"idxP\":30},{\"mq\":\"Brandt\",\"nm\":\"Mini-saucisson fermier fum\u00E9\",\"nme\":\"Mini Smoked Farmer Sausage\",\"attr\":\"Sans gluten, Sans lactose\",\"sku\":\"31794\",\"l2\":\"Saucisse\",\"sl\":\"mini-saucisson-fermier-fume-brandt-31794\",\"sn\":\"\",\"idxP\":51},{\"mq\":\"Lesters\",\"nm\":\"Poitrine de boeuf fum\u00E9e \u00E0 l'ancienne\",\"nme\":\"Old-Fashioned Smoked Brisket\",\"attr\":\"\",\"sku\":\"31669\",\"l2\":\"Viande fum\u00E9e\",\"sl\":\"poitrine-de-boeuf-fumee-a-lancienne-lesters-31669\",\"sn\":\"\",\"idxP\":91},{\"mq\":\"Plaisirs Gastronomiques\",\"nm\":\"C\u00F4tes lev\u00E9es barbecue\",\"nme\":\"Barbecue Pork Back Ribs\",\"attr\":\"Produit local\",\"sku\":\"31444\",\"l2\":\"Pr\u00EAt \u00E0 manger\",\"sl\":\"cotes-levees-barbecue-plaisirs-gastronomiques-31444\",\"sn\":\"BBQ\",\"idxP\":72},{\"mq\":\"Lesters\",\"nm\":\"Poitrine de boeuf fum\u00E9e\",\"nme\":\"Smoked Meat Brisket\",\"attr\":\"\",\"sku\":\"32150\",\"l2\":\"Viande fum\u00E9e\",\"sl\":\"poitrine-de-boeuf-fumee-lesters-32150\",\"sn\":\"\",\"idxP\":78},{\"mq\":\"Golosini\",\"nm\":\"Nduja\",\"nme\":\"Nduja\",\"attr\":\"Sans gluten\",\"sku\":\"31662\",\"l2\":\"Prosciutto\",\"sl\":\"nduja-golosini-31662\",\"sn\":\"\",\"idxP\":11},{\"mq\":\"Lesters\",\"nm\":\"Poitrine de ronde de boeuf\",\"nme\":\"Rounded Smoked Brisket\",\"attr\":\"\",\"sku\":\"32143\",\"l2\":\"Viande fum\u00E9e\",\"sl\":\"poitrine-de-ronde-de-boeuf-lesters-32143\",\"sn\":\"\",\"idxP\":100},{\"mq\":\"Mayrand CHEF\",\"nm\":\"Cretons\",\"nme\":\"Cretons\",\"attr\":\"Sans gluten, Aliment du Qu\u00E9bec, Produit local\",\"sku\":\"35232\",\"l2\":\"Charcuterie traiteur\",\"sl\":\"cretons-mayrand-chef-35232\",\"sn\":\"\",\"idxP\":100},{\"mq\":\"Delstar\",\"nm\":\"Poitrine boeuf fum\u00E9 demie\",\"nme\":\"Smoked Brisket Beef Half\",\"attr\":\"\",\"sku\":\"29784\",\"l2\":\"Viande fum\u00E9e\",\"sl\":\"poitrine-boeuf-fume-demie-delstar-29784\",\"sn\":\"oeufs\",\"idxP\":72},{\"mq\":\"San Daniele\",\"nm\":\"Mortadelle tranch\u00E9\",\"nme\":\"Sliced mortadella\",\"attr\":\"\",\"sku\":\"39750\",\"l2\":\"Mortadelle\",\"sl\":\"mortadelle-tranche-san-daniele-39750\",\"sn\":\"\",\"idxP\":69},{\"mq\":\"Mastro\",\"nm\":\"Salami genoa doux tranch\u00E9\",\"nme\":\"Sliced Mild Genoa Salami\",\"attr\":\"\",\"sku\":\"39774\",\"l2\":\"Salami\",\"sl\":\"salami-genoa-doux-tranche-mastro-39774\",\"sn\":\"\",\"idxP\":82},{\"mq\":\"Marc Angelo\",\"nm\":\"Coppa tranch\u00E9\",\"nme\":\"Sliced Coppa\",\"attr\":\"\",\"sku\":\"39613\",\"l2\":\"Prosciutto\",\"sl\":\"coppa-tranche-marc-angelo-39613\",\"sn\":\"\",\"idxP\":90},{\"mq\":\"Roma\",\"nm\":\"Pepperoni tranch\u00E9 bellavita\",\"nme\":\"Bellavita sliced pepperoni\",\"attr\":\"Sans gluten\",\"sku\":\"39193\",\"l2\":\"Pepperoni\",\"sl\":\"pepperoni-tranche-bellavita-roma-39193\",\"sn\":\"\",\"idxP\":36},{\"mq\":\"Marc Angelo\",\"nm\":\"Antipasto misto tranch\u00E9\",\"nme\":\"Sliced Antipasto Misto\",\"attr\":\"\",\"sku\":\"39635\",\"l2\":\"Salami\",\"sl\":\"antipasto-misto-tranche-marc-angelo-39635\",\"sn\":\"\",\"idxP\":91},{\"mq\":\"Paysan\",\"nm\":\"Jambon hach\u00E9\",\"nme\":\"Chopped ham\",\"attr\":\"Aliment du Qu\u00E9bec, Produit local\",\"sku\":\"38814\",\"l2\":\"Jambon\",\"sl\":\"jambon-hache-paysan-38814\",\"sn\":\"\",\"idxP\":21},{\"mq\":\"Marc Angelo\",\"nm\":\"Proscuitto tranch\u00E9\",\"nme\":\"Sliced Proscuitto\",\"attr\":\"\",\"sku\":\"39633\",\"l2\":\"Prosciutto\",\"sl\":\"proscuitto-tranche-marc-angelo-39633\",\"sn\":\"\",\"idxP\":87},{\"mq\":\"San Daniele\",\"nm\":\"Mortadelle maigre tranch\u00E9\",\"nme\":\"Sliced lean mortadella\",\"attr\":\"\",\"sku\":\"39703\",\"l2\":\"Mortadelle\",\"sl\":\"mortadelle-maigre-tranche-san-daniele-39703\",\"sn\":\"\",\"idxP\":47},{\"mq\":\"Marc Angelo\",\"nm\":\"Proscuitto tranch\u00E9\",\"nme\":\"Sliced Proscuitto\",\"attr\":\"\",\"sku\":\"39639\",\"l2\":\"Prosciutto\",\"sl\":\"proscuitto-tranche-marc-angelo-39639\",\"sn\":\"\",\"idxP\":94},{\"mq\":\"Mastro\",\"nm\":\"Jambon cotto proscuitto tranch\u00E9\",\"nme\":\"Sliced cotto proscuitto ham\",\"attr\":\"Sans gluten, Sans lactose\",\"sku\":\"39751\",\"l2\":\"Prosciutto\",\"sl\":\"jambon-cotto-proscuitto-tranche-mastro-39751\",\"sn\":\"\",\"idxP\":42},{\"mq\":\"Mastro\",\"nm\":\"Salami genoa fort tranch\u00E9\",\"nme\":\"Sliced Hot Genoa Salami\",\"attr\":\"\",\"sku\":\"39773\",\"l2\":\"Salami\",\"sl\":\"salami-genoa-fort-tranche-mastro-39773\",\"sn\":\"\",\"idxP\":78},{\"mq\":\"Marc Angelo\",\"nm\":\"Salami genoa tranch\u00E9\",\"nme\":\"Sliced genoa salami\",\"attr\":\"\",\"sku\":\"39606\",\"l2\":\"Salami\",\"sl\":\"salami-genoa-tranche-marc-angelo-39606\",\"sn\":\"\",\"idxP\":80},{\"mq\":\"Mastro\",\"nm\":\"Salami prosciutto tranch\u00E9\",\"nme\":\"Sliced Salami Prosciutto\",\"attr\":\"Sans gluten, Sans lactose\",\"sku\":\"39662\",\"l2\":\"Salami\",\"sl\":\"salami-prosciutto-tranche-mastro-39662\",\"sn\":\"\",\"idxP\":73},{\"mq\":\"Mastro\",\"nm\":\"Capicolle maigre tranch\u00E9\",\"nme\":\"Sliced lean capicolle\",\"attr\":\"\",\"sku\":\"39775\",\"l2\":\"Capicolle\",\"sl\":\"capicolle-maigre-tranche-mastro-39775\",\"sn\":\"capicolle\",\"idxP\":28},{\"mq\":\"Marc Angelo\",\"nm\":\"Antipasto quattro tranch\u00E9\",\"nme\":\"Sliced Antipasto Quattro\",\"attr\":\"\",\"sku\":\"39659\",\"l2\":\"Salami\",\"sl\":\"antipasto-quattro-tranche-marc-angelo-39659\",\"sn\":\"\",\"idxP\":88},{\"mq\":\"Olymel\",\"nm\":\"Jambon \u00E0 l'ancienne tranch\u00E9\",\"nme\":\"Sliced old fashion ham\",\"attr\":\"Sans gluten\",\"sku\":\"40339\",\"l2\":\"Jambon\",\"sl\":\"jambon-a-lancienne-tranche-olymel-40339\",\"sn\":\"\",\"idxP\":29},{\"mq\":\"Mastro\",\"nm\":\"Salami calabresse tranch\u00E9\",\"nme\":\"Sliced Calabresse\",\"attr\":\"\",\"sku\":\"39776\",\"l2\":\"Salami\",\"sl\":\"salami-calabresse-tranche-mastro-39776\",\"sn\":\"\",\"idxP\":78},{\"mq\":\"Tour Eiffel\",\"nm\":\"Jambon parisien duo tranch\u00E9\",\"nme\":\"Sliced duo parisien ham\",\"attr\":\"Sans gluten\",\"sku\":\"40303\",\"l2\":\"Jambon\",\"sl\":\"jambon-parisien-duo-tranche-tour-eiffel-40303\",\"sn\":\"\",\"idxP\":18},{\"mq\":\"Mastro\",\"nm\":\"Pancetta  tranch\u00E9\",\"nme\":\"Sliced pancetta\",\"attr\":\"\",\"sku\":\"40288\",\"l2\":\"Salami\",\"sl\":\"pancetta-tranche-mastro-40288\",\"sn\":\"\",\"idxP\":25},{\"mq\":\"Mayrand CHEF\",\"nm\":\"Jambon fum\u00E9 toupie\",\"nme\":\"Toupie Style Smoked Ham\",\"attr\":\"\",\"sku\":\"35210\",\"l2\":\"Jambon\",\"sl\":\"jambon-fume-toupie-mayrand-chef-35210\",\"sn\":\"\",\"idxP\":64},{\"mq\":\"Olymel\",\"nm\":\"Jambon for\u00EAt noire tranch\u00E9\",\"nme\":\"Sliced black forest ham\",\"attr\":\"Sans gluten\",\"sku\":\"40337\",\"l2\":\"Jambon\",\"sl\":\"jambon-foret-noire-tranche-olymel-40337\",\"sn\":\"\",\"idxP\":22},{\"mq\":\"Roma\",\"nm\":\"Pepperoni tranch\u00E9 caserta\",\"nme\":\"Caserta sliced pepperoni\",\"attr\":\"Aliment du Qu\u00E9bec, Produit local\",\"sku\":\"39198\",\"l2\":\"Pepperoni\",\"sl\":\"pepperoni-tranche-caserta-roma-39198\",\"sn\":\"\",\"idxP\":52},{\"mq\":\"Mayrand Chef\",\"nm\":\"Bacon fum\u00E9 tranch\u00E9 20\\\/2\",\"nme\":\"Sliced smoked bacon 20\\\/2\",\"attr\":\"\",\"sku\":\"29524\",\"l2\":\"Bacon et pancetta\",\"sl\":\"bacon-fume-tranche-202-mayrand-chef-29524\",\"sn\":\"\",\"idxP\":94},{\"mq\":\"Marc Angelo\",\"nm\":\"Prosciutto entier\",\"nme\":\"Whole prosciutto\",\"attr\":\"\",\"sku\":\"24455\",\"l2\":\"Prosciutto\",\"sl\":\"prosciutto-entier-marc-angelo-24455\",\"sn\":\"\",\"idxP\":65},{\"mq\":\"San Daniele\",\"nm\":\"Prosciutto tranch\u00E9\",\"nme\":\"Sliced Prosciutto\",\"attr\":\"Sans gluten\",\"sku\":\"24841\",\"l2\":\"Prosciutto\",\"sl\":\"prosciutto-tranche-san-daniele-24841\",\"sn\":\"\",\"idxP\":74},{\"mq\":\"Brandt\",\"nm\":\"Saucisse weisswurst\",\"nme\":\"WEISSWURST SAUSSAGE\",\"attr\":\"Sans gluten, Sans lactose\",\"sku\":\"00233\",\"l2\":\"Saucisse\",\"sl\":\"saucisse-weisswurst-brandt-00233\",\"sn\":\"\",\"idxP\":33},{\"mq\":\"Lafleur\",\"nm\":\"Saucisse cocktail\",\"nme\":\"Cocktail Wieners\",\"attr\":\"Produit local\",\"sku\":\"08541\",\"l2\":\"Saucisse\",\"sl\":\"saucisse-cocktail-lafleur-08541\",\"sn\":\"\",\"idxP\":62},{\"mq\":\"Brandt\",\"nm\":\"Kolbassa nature\",\"nme\":\"NATURAL KOLBASSA\",\"attr\":\"Sans gluten, Sans lactose\",\"sku\":\"00236\",\"l2\":\"Saucisse\",\"sl\":\"kolbassa-nature-brandt-00236\",\"sn\":\"\",\"idxP\":32},{\"mq\":\"Gasp\u00E9sien\",\"nm\":\"Simili poulet rond\",\"nme\":\"round Chicken Mock\",\"attr\":\"\",\"sku\":\"37660\",\"l2\":\"Bologne\",\"sl\":\"simili-poulet-rond-gaspesien-37660\",\"sn\":\"\",\"idxP\":20},{\"mq\":\"Premi\u00E8re Moisson\",\"nm\":\"Jambon blanc\",\"nme\":\"Whole ham\",\"attr\":\"\",\"sku\":\"33578\",\"l2\":\"Jambon\",\"sl\":\"jambon-blanc-premiere-moisson-33578\",\"sn\":\"\",\"idxP\":13},{\"mq\":\"Bilopage\",\"nm\":\"Bologne cerise\",\"nme\":\"Cherryr Bologna\",\"attr\":\"\",\"sku\":\"33080\",\"l2\":\"Bologne\",\"sl\":\"bologne-cerise-bilopage-33080\",\"sn\":\"\",\"idxP\":55},{\"mq\":\"Roch\",\"nm\":\"Fl\u00E8che de bacon \u00E0 l'ancienne\",\"nme\":\"Old fashion Bacon Slab\",\"attr\":\"Aliment du Qu\u00E9bec, Produit local\",\"sku\":\"01334\",\"l2\":\"Bacon et pancetta\",\"sl\":\"fleche-de-bacon-a-lancienne-roch-01334\",\"sn\":\"\",\"idxP\":68},{\"mq\":\"Lesters\",\"nm\":\"Saucisses BBQ jumbo\",\"nme\":\"Jumbo BBQ sausage\",\"attr\":\"Produit local\",\"sku\":\"01491\",\"l2\":\"Saucisse\",\"sl\":\"saucisses-bbq-jumbo-lesters-01491\",\"sn\":\"\",\"idxP\":29},{\"mq\":\"Roma d'Italia\",\"nm\":\"Pancetta douce en cubes\",\"nme\":\"Diced Mild Pancetta\",\"attr\":\"Sans gluten, Sans lactose, Produit local\",\"sku\":\"01618\",\"l2\":\"Bacon et pancetta\",\"sl\":\"pancetta-douce-en-cubes-roma-ditalia-01618\",\"sn\":\"\",\"idxP\":51},{\"mq\":\"Roma d'Italia\",\"nm\":\"Coppa doux tranch\u00E9\",\"nme\":\"Sliced Mild Coppa\",\"attr\":\"Aliment du Qu\u00E9bec, Produit local\",\"sku\":\"01624\",\"l2\":\"Saucisson\",\"sl\":\"coppa-doux-tranche-roma-ditalia-01624\",\"sn\":\"\",\"idxP\":57},{\"mq\":\"Roma\",\"nm\":\"Pepperoni piquant sous-vide\",\"nme\":\"spicy pepperoni vacuum\",\"attr\":\"Aliment du Qu\u00E9bec, Produit local\",\"sku\":\"01622\",\"l2\":\"Pepperoni\",\"sl\":\"pepperoni-piquant-sous-vide-roma-01622\",\"sn\":\"\",\"idxP\":76},{\"mq\":\"Roma d'Italia\",\"nm\":\"Pancetta douce demie\",\"nme\":\"Mild Pancetta Half\",\"attr\":\"\",\"sku\":\"01625\",\"l2\":\"Bacon et pancetta\",\"sl\":\"pancetta-douce-demie-roma-ditalia-01625\",\"sn\":\"\",\"idxP\":49},{\"mq\":\"Roma d'Italia\",\"nm\":\"Coppa piquant tranch\u00E9\",\"nme\":\"Sliced Hot Coppa\",\"attr\":\"Aliment du Qu\u00E9bec, Produit local\",\"sku\":\"01623\",\"l2\":\"Saucisson\",\"sl\":\"coppa-piquant-tranche-roma-ditalia-01623\",\"sn\":\"\",\"idxP\":42},{\"mq\":\"Roma d'Italia\",\"nm\":\"Pancetta piquante demie\",\"nme\":\"Spicy Pancetta Half\",\"attr\":\"\",\"sku\":\"01626\",\"l2\":\"Bacon et pancetta\",\"sl\":\"pancetta-piquante-demie-roma-ditalia-01626\",\"sn\":\"\",\"idxP\":28},{\"mq\":\"Cardinal\",\"nm\":\"Salade m\u00E9dit\u00E9ran\u00E9enne\",\"nme\":\"Mediterranean salad\",\"attr\":\"\",\"sku\":\"01668\",\"l2\":\"Pr\u00EAt \u00E0 manger\",\"sl\":\"salade-mediteraneenne-cardinal-01668\",\"sn\":\"\",\"idxP\":3},{\"mq\":\"Mayrand CHEF\",\"nm\":\"Simili poulet  tranch\u00E9\",\"nme\":\"Sliced Mock Chicken\",\"attr\":\"Sans gluten, Aliment du Qu\u00E9bec, Produit local\",\"sku\":\"01689\",\"l2\":\"Bologne\",\"sl\":\"simili-poulet-tranche-mayrand-chef-01689\",\"sn\":\"\",\"idxP\":21},{\"mq\":\"Mayrand CHEF\",\"nm\":\"Jambon cuit extra maigre tranch\u00E9\",\"nme\":\"Sliced Extra Lean Cooked Ham\",\"attr\":\"Sans gluten, Aliment du Qu\u00E9bec, Produit local\",\"sku\":\"01696\",\"l2\":\"Jambon\",\"sl\":\"jambon-cuit-extra-maigre-tranche-mayrand-chef-01696\",\"sn\":\"\",\"idxP\":57},{\"mq\":\"Mayrand CHEF\",\"nm\":\"Jambon fum\u00E9 for\u00EAt noire tranch\u00E9\",\"nme\":\"Sliced Black Forest Smoked Ham\",\"attr\":\"Sans gluten, Aliment du Qu\u00E9bec, Produit local\",\"sku\":\"01694\",\"l2\":\"Jambon\",\"sl\":\"jambon-fume-foret-noire-tranche-mayrand-chef-01694\",\"sn\":\"\",\"idxP\":52},{\"mq\":\"Mayrand CHEF\",\"nm\":\"Jambon fum\u00E9 \u00E9minc\u00E9 tranch\u00E9\",\"nme\":\"Sliced minced Ham\",\"attr\":\"Sans gluten, Aliment du Qu\u00E9bec, Produit local\",\"sku\":\"01695\",\"l2\":\"Jambon\",\"sl\":\"jambon-fume-emince-tranche-mayrand-chef-01695\",\"sn\":\"\",\"idxP\":36},{\"mq\":\"Mayrand CHEF\",\"nm\":\"Pepperoni tranch\u00E9\",\"nme\":\"Sliced Pepperoni\",\"attr\":\"Sans gluten, Aliment du Qu\u00E9bec, Produit local\",\"sku\":\"01691\",\"l2\":\"Pepperoni\",\"sl\":\"pepperoni-tranche-mayrand-chef-01691\",\"sn\":\"\",\"idxP\":4},{\"mq\":\"Mayrand CHEF\",\"nm\":\"Salami tranch\u00E9\",\"nme\":\"Sliced Salami\",\"attr\":\"Sans gluten, Aliment du Qu\u00E9bec, Produit local\",\"sku\":\"01690\",\"l2\":\"Salami\",\"sl\":\"salami-tranche-mayrand-chef-01690\",\"sn\":\"\",\"idxP\":17},{\"mq\":\"Mayrand CHEF\",\"nm\":\"Jambon fum\u00E9 tranch\u00E9\",\"nme\":\"Sliced Smoked Ham\",\"attr\":\"Sans gluten, Aliment du Qu\u00E9bec, Produit local\",\"sku\":\"01692\",\"l2\":\"Jambon\",\"sl\":\"jambon-fume-tranche-mayrand-chef-01692\",\"sn\":\"\",\"idxP\":29},{\"mq\":\"Roma d'Italia\",\"nm\":\"Mortadelle demie\",\"nme\":\"Mortadelle Half\",\"attr\":\"Sans gluten, Sans lactose\",\"sku\":\"01817\",\"l2\":\"Mortadelle\",\"sl\":\"mortadelle-demie-roma-ditalia-01817\",\"sn\":\"\",\"idxP\":20},{\"mq\":\"Salamico\",\"nm\":\"Saucisson de foie \u00E0 l'ail\",\"nme\":\"Garlic Liver Sausage\",\"attr\":\"Sans gluten, Aliment du Qu\u00E9bec\",\"sku\":\"32144\",\"l2\":\"Charcuterie traiteur\",\"sl\":\"saucisson-de-foie-a-lail-salamico-32144\",\"sn\":\"\",\"idxP\":32},{\"mq\":\"Salamico\",\"nm\":\"Saucisson de foie au poivre\",\"nme\":\"Pepper Liver Sausage\",\"attr\":\"Sans gluten, Aliment du Qu\u00E9bec\",\"sku\":\"32149\",\"l2\":\"Charcuterie traiteur\",\"sl\":\"saucisson-de-foie-au-poivre-salamico-32149\",\"sn\":\"\",\"idxP\":31},{\"mq\":\"Canard Goulu\",\"nm\":\"Rillette de foie gras\",\"nme\":\"Foie Gras Rillette\",\"attr\":\"Aliment du Qu\u00E9bec, Produit local\",\"sku\":\"02202\",\"l2\":\"Canard\",\"sl\":\"rillette-de-foie-gras-canard-goulu-02202\",\"sn\":\"\",\"idxP\":33},{\"mq\":\"Fontaine Sant\u00E9\",\"nm\":\"Hummus aux olives grecques\",\"nme\":\"Greek Olives Hummus\",\"attr\":\"Sans gluten, Produit local\",\"sku\":\"18147\",\"l2\":\"Pr\u00EAt \u00E0 manger\",\"sl\":\"hummus-aux-olives-grecques-fontaine-sante-18147\",\"sn\":\"\",\"idxP\":37},{\"mq\":\"La belle Bretagne\",\"nm\":\"P\u00E2t\u00E9 de campagne au cognac\",\"nme\":\"Cognac Countrystyle P\u00E2t\u00E9\",\"attr\":\"Aliment du Qu\u00E9bec, Produit local\",\"sku\":\"02301\",\"l2\":\"Charcuterie traiteur\",\"sl\":\"pate-de-campagne-au-cognac-la-belle-bretagne-02301\",\"sn\":\"\",\"idxP\":91},{\"mq\":\"La belle Bretagne\",\"nm\":\"P\u00E2t\u00E9 de foie au poivre\",\"nme\":\"Pepper Liver P\u00E2t\u00E9\",\"attr\":\"Aliment du Qu\u00E9bec, Produit local\",\"sku\":\"02304\",\"l2\":\"Charcuterie traiteur\",\"sl\":\"pate-de-foie-au-poivre-la-belle-bretagne-02304\",\"sn\":\"\",\"idxP\":90},{\"mq\":\"La belle Bretagne\",\"nm\":\"P\u00E2t\u00E9 de foie\",\"nme\":\"Liver P\u00E2t\u00E9\",\"attr\":\"Aliment du Qu\u00E9bec, Produit local\",\"sku\":\"02306\",\"l2\":\"Charcuterie traiteur\",\"sl\":\"pate-de-foie-la-belle-bretagne-02306\",\"sn\":\"\",\"idxP\":95},{\"mq\":\"Paysan\",\"nm\":\"T\u00EAte fromag\u00E9\",\"nme\":\"Cheese head\",\"attr\":\"\",\"sku\":\"02307\",\"l2\":\"Charcuterie traiteur\",\"sl\":\"tete-fromage-paysan-02307\",\"sn\":\"\",\"idxP\":43},{\"mq\":\"Olymel\",\"nm\":\"Bacon fum\u00E9 tranch\u00E9 22\\\/2\",\"nme\":\"Sliced smoked bacon 22\\\/2\",\"attr\":\"\",\"sku\":\"29525\",\"l2\":\"Bacon et pancetta\",\"sl\":\"bacon-fume-tranche-222-mayrand-chef-29525\",\"sn\":\"\",\"idxP\":52},{\"mq\":\"La belle Bretagne\",\"nm\":\"P\u00E2t\u00E9 de foie \u00E0 l'ail\",\"nme\":\"Garlic Liver P\u00E2t\u00E9\",\"attr\":\"Aliment du Qu\u00E9bec, Produit local\",\"sku\":\"02305\",\"l2\":\"Charcuterie traiteur\",\"sl\":\"pate-de-foie-a-lail-la-belle-bretagne-02305\",\"sn\":\"\",\"idxP\":91},{\"mq\":\"La belle Bretagne\",\"nm\":\"P\u00E2t\u00E9 de campagne \u00E0 l'ail\",\"nme\":\"Garlic Countrystyle P\u00E2t\u00E9\",\"attr\":\"Aliment du Qu\u00E9bec, Produit local\",\"sku\":\"34688\",\"l2\":\"Charcuterie traiteur\",\"sl\":\"pate-de-campagne-a-lail-la-belle-bretagne-34688\",\"sn\":\"\",\"idxP\":80},{\"mq\":\"La belle Bretagne\",\"nm\":\"P\u00E2t\u00E9 de campagne aux fines herbes\",\"nme\":\"Fine Herbs Countrystyle P\u00E2t\u00E9\",\"attr\":\"Aliment du Qu\u00E9bec, Produit local\",\"sku\":\"34691\",\"l2\":\"Charcuterie traiteur\",\"sl\":\"pate-de-campagne-aux-fines-herbes-la-belle-bretagne-34691\",\"sn\":\"\",\"idxP\":72},{\"mq\":\"La belle Bretagne\",\"nm\":\"P\u00E2t\u00E9 de campagne \u00E0 l'ancienne\",\"nme\":\"Old Style Countrystyle P\u00E2t\u00E9\",\"attr\":\"Aliment du Qu\u00E9bec, Produit local\",\"sku\":\"34689\",\"l2\":\"Charcuterie traiteur\",\"sl\":\"pate-de-campagne-a-lancienne-la-belle-bretagne-34689\",\"sn\":\"\",\"idxP\":74},{\"mq\":\"La belle Bretagne\",\"nm\":\"P\u00E2t\u00E9 de campagne au poivre\",\"nme\":\"Pepper Countrystyle P\u00E2t\u00E9\",\"attr\":\"Aliment du Qu\u00E9bec, Produit local\",\"sku\":\"34692\",\"l2\":\"Charcuterie traiteur\",\"sl\":\"pate-de-campagne-au-poivre-la-belle-bretagne-34692\",\"sn\":\"\",\"idxP\":84},{\"mq\":\"Hygrade\",\"nm\":\"Saucisse cocktail\",\"nme\":\"Cocktail sausage\",\"attr\":\"\",\"sku\":\"00258\",\"l2\":\"Saucisse\",\"sl\":\"saucisse-cocktail-hygrade-00258\",\"sn\":\"\",\"idxP\":0},{\"mq\":\"Marc Angelo\",\"nm\":\"Charcuterie italiano tranch\u00E9\",\"nme\":\"Sliced Italiano Deli Meat\",\"attr\":\"\",\"sku\":\"28253\",\"l2\":\"Salami\",\"sl\":\"charcuterie-italiano-tranche-marc-angelo-28253\",\"sn\":\"\",\"idxP\":54},{\"mq\":\"Paysan\",\"nm\":\"Jambon fum\u00E9\",\"nme\":\"Smoked ham\",\"attr\":\"Aliment du Qu\u00E9bec, Produit local\",\"sku\":\"02527\",\"l2\":\"Jambon\",\"sl\":\"jambon-fume-paysan-02527\",\"sn\":\"\",\"idxP\":15},{\"mq\":\"Paysan\",\"nm\":\"Jambon cuit \u00E0 l'ancienne\",\"nme\":\"Old fashioned cooked ham\",\"attr\":\"Aliment du Qu\u00E9bec, Produit local\",\"sku\":\"02521\",\"l2\":\"Jambon\",\"sl\":\"jambon-cuit-a-lancienne-paysan-02521\",\"sn\":\"\",\"idxP\":35},{\"mq\":\"Paysan\",\"nm\":\"Jambon fum\u00E9 for\u00EAt noire\",\"nme\":\"Black forest smoked ham\",\"attr\":\"\",\"sku\":\"02525\",\"l2\":\"Jambon\",\"sl\":\"jambon-fume-foret-noire-paysan-02525\",\"sn\":\"\",\"idxP\":32},{\"mq\":\"La belle Bretagne\",\"nm\":\"Pat\u00E9 de foie r\u00E9gulier bloc\",\"nme\":\"Liver P\u00E2t\u00E9 bulk\",\"attr\":\"Aliment du Qu\u00E9bec, Produit local\",\"sku\":\"02582\",\"l2\":\"Charcuterie traiteur\",\"sl\":\"pate-de-foie-regulier-bloc-la-belle-bretagne-02582\",\"sn\":\"\",\"idxP\":33},{\"mq\":\"Shawbridge\",\"nm\":\"Saucisson porc rassembleu\",\"nme\":\"Rassembleu pork sausage\",\"attr\":\"Produit local\",\"sku\":\"02603\",\"l2\":\"Prosciutto\",\"sl\":\"saucisson-porc-rassembleu-shawbridge-02603\",\"sn\":\"\",\"idxP\":6},{\"mq\":\"Shawbridge\",\"nm\":\"Saucisson porc des Laurentides\",\"nme\":\"Laurentides pork sausage\",\"attr\":\"Produit local\",\"sku\":\"02604\",\"l2\":\"Prosciutto\",\"sl\":\"saucisson-porc-des-laurentides-shawbridge-02604\",\"sn\":\"\",\"idxP\":8},{\"mq\":\"La belle Bretagne\",\"nm\":\"Pat\u00E9 de campagne \u00E0 l'ancienne bloc\",\"nme\":\"Old style country P\u00E2t\u00E9 bulk\",\"attr\":\"Aliment du Qu\u00E9bec, Produit local\",\"sku\":\"02581\",\"l2\":\"Charcuterie traiteur\",\"sl\":\"pate-de-campagne-a-lancienne-bloc-la-belle-bretagne-02581\",\"sn\":\"\",\"idxP\":37},{\"mq\":\"Shawbridge\",\"nm\":\"Saucisson boeuf\",\"nme\":\"Beef sausage\",\"attr\":\"Aliment du Qu\u00E9bec, Produit local\",\"sku\":\"02602\",\"l2\":\"Prosciutto\",\"sl\":\"saucisson-boeuf-shawbridge-02602\",\"sn\":\"oeufs\",\"idxP\":1},{\"mq\":\"Shawbridge\",\"nm\":\"Saucisson porc cheddar veilli\",\"nme\":\"Aged cheddar pork sausage\",\"attr\":\"Produit local\",\"sku\":\"02605\",\"l2\":\"Prosciutto\",\"sl\":\"saucisson-porc-cheddar-veilli-shawbridge-02605\",\"sn\":\"\",\"idxP\":7},{\"mq\":\"Maple Lodge\",\"nm\":\"B\u00E2tonnets de poulet piquant halal\",\"nme\":\"Halal spicy chicken sticks\",\"attr\":\"\",\"sku\":\"02611\",\"l2\":\"Poulet et dinde\",\"sl\":\"batonnets-de-poulet-piquant-halal-maple-lodge-02611\",\"sn\":\"\",\"idxP\":19},{\"mq\":\"Maple Lodge\",\"nm\":\"B\u00E2tonnets de poulet halal\",\"nme\":\"Halal chicken sticks\",\"attr\":\"\",\"sku\":\"02613\",\"l2\":\"Poulet et dinde\",\"sl\":\"batonnets-de-poulet-halal-maple-lodge-02613\",\"sn\":\"\",\"idxP\":21},{\"mq\":\"Roch\",\"nm\":\"Jambon fum\u00E9 r\u00F4tisserie\",\"nme\":\"Gill smoked ham\",\"attr\":\"\",\"sku\":\"02661\",\"l2\":\"Jambon\",\"sl\":\"jambon-fume-rotisserie-roch-02661\",\"sn\":\"\",\"idxP\":21},{\"mq\":\"Plaisirs Gastronomiques\",\"nm\":\"Boulettes su\u00E9doises\",\"nme\":\"Swedish meatballs\",\"attr\":\"\",\"sku\":\"31868\",\"l2\":\"Pr\u00EAt \u00E0 manger\",\"sl\":\"boulettes-suedoises-plaisirs-gastronomiques-31868\",\"sn\":\"\",\"idxP\":43},{\"mq\":\"Maison Fayard\",\"nm\":\"Les minis lyonnais - saucisson sec ail des ours\",\"nme\":\"Wild garlic lyonnais small dry saussage\",\"attr\":\"\",\"sku\":\"02704\",\"l2\":\"Charcuterie traiteur\",\"sl\":\"les-minis-lyonnais-saucisson-sec-ail-des-ours-maison-fayard-02704\",\"sn\":\"\",\"idxP\":75},{\"mq\":\"Maison Fayard\",\"nm\":\"Mousse canard\",\"nme\":\"Duck mousse\",\"attr\":\"\",\"sku\":\"02701\",\"l2\":\"Canard\",\"sl\":\"mousse-canard-maison-fayard-02701\",\"sn\":\"\",\"idxP\":49},{\"mq\":\"Maison Fayard\",\"nm\":\"Les minis lyonnais-tomates s\u00E9ch\u00E9es herbes provence\",\"nme\":\"Dry tomato provence herbs small dry saussage\",\"attr\":\"\",\"sku\":\"02707\",\"l2\":\"Charcuterie traiteur\",\"sl\":\"les-minis-lyonnais-tomates-sechees-herbes-provence-maison-fayard-02707\",\"sn\":\"tomates\",\"idxP\":46},{\"mq\":\"Maison Fayard\",\"nm\":\"Les minis lyonnais - saucisson sec fromage ch\u00E8vre\",\"nme\":\"Goat cheese lyonnais small dry saussage\",\"attr\":\"\",\"sku\":\"02696\",\"l2\":\"Charcuterie traiteur\",\"sl\":\"les-minis-lyonnais-saucisson-sec-fromage-chevre-maison-fayard-02696\",\"sn\":\"fromages\",\"idxP\":72},{\"mq\":\"Maison Fayard\",\"nm\":\"Les minis lyonnais -  saucisson sec parisien\",\"nme\":\"Pasisian small dry saussage\",\"attr\":\"\",\"sku\":\"02705\",\"l2\":\"Charcuterie traiteur\",\"sl\":\"les-minis-lyonnais-saucisson-sec-parisien-maison-fayard-02705\",\"sn\":\"\",\"idxP\":96},{\"mq\":\"MTL 457\",\"nm\":\"Quart de Jambon avec Os\",\"nme\":\"Quarter Bone in Skinless Ham\",\"attr\":\"Aliment du Qu\u00E9bec, Produit local\",\"sku\":\"31602\",\"l2\":\"Jambon\",\"sl\":\"quart-de-jambon-avec-os-mtl-457-31602\",\"sn\":\"\",\"idxP\":100},{\"mq\":\"Golosini\",\"nm\":\"Bajoue de porc sal\u00E9 \u00E0 sec\",\"nme\":\"Dried cured pork jowl\",\"attr\":\"\",\"sku\":\"02868\",\"l2\":\"Bacon et pancetta\",\"sl\":\"bajoue-de-porc-sale-a-sec-golosini-02868\",\"sn\":\"\",\"idxP\":15},{\"mq\":\"Roch\",\"nm\":\"Pepperoni demi 4\\\"\",\"nme\":\"Half pepperoni 4\\\"\",\"attr\":\"\",\"sku\":\"02855\",\"l2\":\"Salami\",\"sl\":\"pepperoni-demi-4-roch-02855\",\"sn\":\"\",\"idxP\":20},{\"mq\":\"Brandt\",\"nm\":\"Saucisse csabai douce\",\"nme\":\"MILD CSABAU SAUSSAGE\",\"attr\":\"\",\"sku\":\"72053\",\"l2\":\"Saucisse\",\"sl\":\"saucisse-csabai-douce-brandt-72053\",\"sn\":\"\",\"idxP\":15},{\"mq\":\"Brandt\",\"nm\":\"Saucisse csabai \u00E9pic\u00E9\",\"nme\":\"SPICY CSABAU SAUSSAGE\",\"attr\":\"\",\"sku\":\"72054\",\"l2\":\"Saucisse\",\"sl\":\"saucisse-csabai-epice-brandt-72054\",\"sn\":\"\",\"idxP\":12},{\"mq\":\"Canard Goulu\",\"nm\":\"Rillette canard au vin blanc\",\"nme\":\"White Wine Duck Rillette\",\"attr\":\"\",\"sku\":\"03458\",\"l2\":\"Canard\",\"sl\":\"rillette-canard-au-vin-blanc-canard-goulu-03458\",\"sn\":\"\",\"idxP\":51},{\"mq\":\"MTL 457\",\"nm\":\"Jambon toupie Villageoise\",\"nme\":\"Villageoise Toupie Ham\",\"attr\":\"\",\"sku\":\"17694\",\"l2\":\"Jambon\",\"sl\":\"jambon-toupie-villageoise-mtl-457-17694\",\"sn\":\"\",\"idxP\":51},{\"mq\":\"Roch\",\"nm\":\"Jambon fum\u00E9 extra maigre \u00E0 l'ancienne\",\"nme\":\"Old Fashioned smoked Extra Lean Ham\",\"attr\":\"\",\"sku\":\"10988\",\"l2\":\"Jambon\",\"sl\":\"jambon-fume-extra-maigre-a-lancienne-roch-10988\",\"sn\":\"\",\"idxP\":36},{\"mq\":\"Mayrand Chef\",\"nm\":\"Creton portion congel\u00E9\",\"nme\":\"Frozen Portionned Creton\",\"attr\":\"\",\"sku\":\"97170\",\"l2\":\"Charcuterie traiteur\",\"sl\":\"creton-portion-congele-mayrand-chef-97170\",\"sn\":\"\",\"idxP\":3},{\"mq\":\"Roch\",\"nm\":\"Jambon fum\u00E9 for\u00EAt noire extra-maigre\",\"nme\":\"Extra-Lean Smoked Black Forest Ham\",\"attr\":\"\",\"sku\":\"40037\",\"l2\":\"Jambon\",\"sl\":\"jambon-fume-foret-noire-extra-maigre-roch-40037\",\"sn\":\"\",\"idxP\":12},{\"mq\":\"Roch\",\"nm\":\"Jambon fum\u00E9 toupie extra-maigre 14%\",\"nme\":\"14% Extra-Lean Toupie Style Smoked Ham\",\"attr\":\"\",\"sku\":\"11232\",\"l2\":\"Jambon\",\"sl\":\"jambon-fume-toupie-extra-maigre-14-roch-11232\",\"sn\":\"\",\"idxP\":24}], [{\"mq\":\"Roma d'Italia\",\"nm\":\"Sopressata calabrese demie\",\"nme\":\"Sopressata Calabrese Half\",\"attr\":\"\",\"sku\":\"04545\",\"l2\":\"Salami\",\"sl\":\"sopressata-calabrese-demie-roma-ditalia-04545\",\"sn\":\"\",\"idxP\":22},{\"mq\":\"Roma d'Italia\",\"nm\":\"Salami Genoa demie\",\"nme\":\"Genoa Salami Half\",\"attr\":\"\",\"sku\":\"49603\",\"l2\":\"Salami\",\"sl\":\"salami-genoa-demie-roma-ditalia-49603\",\"sn\":\"\",\"idxP\":23},{\"mq\":\"Fontaine Sant\u00E9\",\"nm\":\"Hummus mini traditionnel\",\"nme\":\"Traditional Mini Hummus\",\"attr\":\"\",\"sku\":\"11353\",\"l2\":\"Pr\u00EAt \u00E0 manger\",\"sl\":\"hummus-mini-traditionnel-fontaine-sante-11353\",\"sn\":\"\",\"idxP\":11},{\"mq\":\"Olymel\",\"nm\":\"Jambon cuit traditionnel tranch\u00E9\",\"nme\":\"Sliced traditional cooked ham\",\"attr\":\"\",\"sku\":\"40359\",\"l2\":\"Jambon\",\"sl\":\"jambon-cuit-traditionnel-tranche-olymel-40359\",\"sn\":\"\",\"idxP\":29},{\"mq\":\"Maison Fayard\",\"nm\":\"Bloc de foie gras de canard avec trancheuse\",\"nme\":\"Duck Foie Gras Block with Slicer\",\"attr\":\"\",\"sku\":\"02555\",\"l2\":\"Canard\",\"sl\":\"bloc-de-foie-gras-de-canard-avec-trancheuse-maison-fayard-02555\",\"sn\":\"\",\"idxP\":79},{\"mq\":\"Arahova\",\"nm\":\"Tzatziki\",\"nme\":\"Tzatziki\",\"attr\":\"\",\"sku\":\"24101\",\"l2\":\"Pr\u00EAt \u00E0 manger\",\"sl\":\"tzatziki-arahova-24101\",\"sn\":\"\",\"idxP\":49},{\"mq\":\"Roma\",\"nm\":\"Saucisson peppette\",\"nme\":\"Pepette Sausage\",\"attr\":\"\",\"sku\":\"38154\",\"l2\":\"Pepperoni\",\"sl\":\"saucisson-peppette-roma-38154\",\"sn\":\"\",\"idxP\":45},{\"mq\":\"Brandt\",\"nm\":\"Bacon fum\u00E9 double\",\"nme\":\"Double Smoked Bacon\",\"attr\":\"\",\"sku\":\"38998\",\"l2\":\"Bacon et pancetta\",\"sl\":\"bacon-fume-double-brandt-38998\",\"sn\":\"\",\"idxP\":37},{\"mq\":\"Roma\",\"nm\":\"Pepperoni tranch\u00E9 sans gluten\",\"nme\":\"Gluten free sliced pepperoni\",\"attr\":\"\",\"sku\":\"37457\",\"l2\":\"Pepperoni\",\"sl\":\"pepperoni-tranche-sans-gluten-roma-37457\",\"sn\":\"\",\"idxP\":77},{\"mq\":\"Canard Goulu\",\"nm\":\"Graisse fine de canard\",\"nme\":\"Fine fat duck\",\"attr\":\"\",\"sku\":\"03707\",\"l2\":\"Canard\",\"sl\":\"graisse-fine-de-canard-canard-goulu-03707\",\"sn\":\"\",\"idxP\":0},{\"mq\":\"O'Sole Mio\",\"nm\":\"Penne poulet sauce alfredo et bacon\",\"nme\":\"Penne Chicken Alfredo Sauce And Bacon\",\"attr\":\"\",\"sku\":\"03688\",\"l2\":\"Pr\u00EAt \u00E0 manger\",\"sl\":\"penne-poulet-sauce-alfredo-et-bacon-osole-mio-03688\",\"sn\":\"\",\"idxP\":16},{\"mq\":\"Maison de Savoie\",\"nm\":\"Rosette aux piments d'Espelette\",\"nme\":\"Espelette Pepper Rosette\",\"attr\":\"\",\"sku\":\"03709\",\"l2\":\"Saucisson\",\"sl\":\"rosette-aux-piments-despelette-maison-de-savoie-03709\",\"sn\":\"piments\",\"idxP\":10},{\"mq\":\"O'Sole Mio\",\"nm\":\"Penne saucisse sauce tomate et poivrons grill\u00E9s\",\"nme\":\"Penne Sausage Tomato And Grilled Pepper Sauce\",\"attr\":\"\",\"sku\":\"03687\",\"l2\":\"Pr\u00EAt \u00E0 manger\",\"sl\":\"penne-saucisse-sauce-tomate-et-poivrons-grilles-osole-mio-03687\",\"sn\":\"tomates\",\"idxP\":17},{\"mq\":\"Maison de Savoie\",\"nm\":\"Saucisson sec \u00E0 croquer\",\"nme\":\"Snack dry sausage\",\"attr\":\"\",\"sku\":\"03710\",\"l2\":\"Saucisson\",\"sl\":\"saucisson-sec-a-croquer-maison-de-savoie-03710\",\"sn\":\"\",\"idxP\":17},{\"mq\":\"Piller's\",\"nm\":\"Salami hongrois doux demi\",\"nme\":\"Half Mild Hungarian Salami\",\"attr\":\"\",\"sku\":\"11761\",\"l2\":\"Salami\",\"sl\":\"salami-hongrois-doux-demi-pillers-11761\",\"sn\":\"\",\"idxP\":3},{\"mq\":\"Piller's\",\"nm\":\"Salami hongrois doux demi tranch\u00E9\",\"nme\":\"Half Mild Hungarian Salami Cut\",\"attr\":\"\",\"sku\":\"11762\",\"l2\":\"Salami\",\"sl\":\"salami-hongrois-doux-demi-tranche-pillers-11762\",\"sn\":\"\",\"idxP\":0},{\"mq\":\"Rougi\u00E9\",\"nm\":\"Foie gras de canard truffe\",\"nme\":\"Truffle Duck Foie Gras\",\"attr\":\"\",\"sku\":\"11808\",\"l2\":\"Canard\",\"sl\":\"foie-gras-de-canard-truffe-rougie-11808\",\"sn\":\"\",\"idxP\":0},{\"mq\":\"Piller's\",\"nm\":\"Salami allemand doux demi tranch\u00E9\",\"nme\":\"Half Mild German Salami Cut\",\"attr\":\"\",\"sku\":\"11766\",\"l2\":\"Salami\",\"sl\":\"salami-allemand-doux-demi-tranche-pillers-11766\",\"sn\":\"\",\"idxP\":0},{\"mq\":\"Rougi\u00E9\",\"nm\":\"Foie gras de canard cidre de glace\",\"nme\":\"Ice Cider Duck Foie Gras\",\"attr\":\"\",\"sku\":\"11806\",\"l2\":\"Canard\",\"sl\":\"foie-gras-de-canard-cidre-de-glace-rougie-11806\",\"sn\":\"\",\"idxP\":0},{\"mq\":\"Roma\",\"nm\":\"Pepperoni club large tranch\u00E9\",\"nme\":\"Large Sliced Club Pepperoni\",\"attr\":\"\",\"sku\":\"11948\",\"l2\":\"Pepperoni\",\"sl\":\"pepperoni-club-large-tranche-roma-11948\",\"sn\":\"\",\"idxP\":0},{\"mq\":\"Rougi\u00E9\",\"nm\":\"Foie gras de canard porto\",\"nme\":\"Porto Duck Foie Gras\",\"attr\":\"\",\"sku\":\"11807\",\"l2\":\"Canard\",\"sl\":\"foie-gras-de-canard-porto-rougie-11807\",\"sn\":\"\",\"idxP\":0},{\"mq\":\"Piller's\",\"nm\":\"Salami allemand doux demi\",\"nme\":\"Half Mild German Salami\",\"attr\":\"\",\"sku\":\"11763\",\"l2\":\"Salami\",\"sl\":\"salami-allemand-doux-demi-pillers-11763\",\"sn\":\"\",\"idxP\":6},{\"mq\":\"Johnny\",\"nm\":\"Bajoue de porc sal\u00E9 \u00E0 sec guanciale\",\"nme\":\"Guanciale Dry Cured Pork Jowl\",\"attr\":\"\",\"sku\":\"12009\",\"l2\":\"Bacon et pancetta\",\"sl\":\"bajoue-de-porc-sale-a-sec-guanciale-johnny-12009\",\"sn\":\"\",\"idxP\":0},{\"mq\":\"Salumi Toscano\",\"nm\":\"Poitrine de boeuf fum\u00E9e demie\",\"nme\":\"Beef Smoked Brisket Half\",\"attr\":\"\",\"sku\":\"12024\",\"l2\":\"Viande fum\u00E9e\",\"sl\":\"poitrine-de-boeuf-fumee-demie-salumi-toscano-12024\",\"sn\":\"oeufs\",\"idxP\":0},{\"mq\":\"Sifor\",\"nm\":\"Kit cannolis siciliens\",\"nme\":\"Sicilian Cannolis Kit\",\"attr\":\"\",\"sku\":\"12016\",\"l2\":\"Pr\u00EAt \u00E0 manger\",\"sl\":\"kit-cannolis-siciliens-sifor-12016\",\"sn\":\"\",\"idxP\":0},{\"mq\":\"Salumi Toscano\",\"nm\":\"Poitrine de boeuf fum\u00E9e demie coup\u00E9e\",\"nme\":\"Sliced Beef Smoked Brisket Half\",\"attr\":\"\",\"sku\":\"12026\",\"l2\":\"Viande fum\u00E9e\",\"sl\":\"poitrine-de-boeuf-fumee-demie-coupee-salumi-toscano-12026\",\"sn\":\"oeufs\",\"idxP\":0},{\"mq\":\"Johnny\",\"nm\":\"Bajoue de porc sal\u00E9 \u00E0 sec guanciale tranch\u00E9\",\"nme\":\"Sliced Guanciale Dry Cured Pork Jowl\",\"attr\":\"\",\"sku\":\"12010\",\"l2\":\"Bacon et pancetta\",\"sl\":\"bajoue-de-porc-sale-a-sec-guanciale-tranche-johnny-12010\",\"sn\":\"\",\"idxP\":0},{\"mq\":\"Gasp\u00E9sien\",\"nm\":\"Simili poulet en morceaux\",\"nme\":\"Mock Chicken Chunks\",\"attr\":\"\",\"sku\":\"12018\",\"l2\":\"Bologne\",\"sl\":\"simili-poulet-en-morceaux-gaspesien-12018\",\"sn\":\"\",\"idxP\":0},{\"mq\":\"Gasp\u00E9sien\",\"nm\":\"Bologne en morceaux\",\"nme\":\"Bologna Chunks\",\"attr\":\"\",\"sku\":\"12019\",\"l2\":\"Bologne\",\"sl\":\"bologne-en-morceaux-gaspesien-12019\",\"sn\":\"\",\"idxP\":0},{\"mq\":\"Fontaine Sant\u00E9\",\"nm\":\"Salade de cavatappi boursin ail et fines herbes\",\"nme\":\"Garlic and Fine Herbs Boursin Cavatappi Salad\",\"attr\":\"\",\"sku\":\"12055\",\"l2\":\"Pr\u00EAt \u00E0 manger\",\"sl\":\"salade-de-cavatappi-boursin-ail-et-fines-herbes-fontaine-sante-12055\",\"sn\":\"\",\"idxP\":19},{\"mq\":\"Maison Fayard\",\"nm\":\"Magret de canard d'Alsace fum\u00E9 bois h\u00EAtre\",\"nme\":\"Beech Wood Alsace Smoked Duck Breast\",\"attr\":\"\",\"sku\":\"12084\",\"l2\":\"Canard\",\"sl\":\"magret-de-canard-dalsace-fume-bois-hetre-maison-fayard-12084\",\"sn\":\"\",\"idxP\":0},{\"mq\":\"Fontaine Sant\u00E9\",\"nm\":\"Salade orzo asiatique\",\"nme\":\"Asian Style Orzo Salad\",\"attr\":\"\",\"sku\":\"12056\",\"l2\":\"Pr\u00EAt \u00E0 manger\",\"sl\":\"salade-orzo-asiatique-fontaine-sante-12056\",\"sn\":\"\",\"idxP\":17},{\"mq\":\"Mayrand Chef\",\"nm\":\"Jambon \u00E0 d\u00E9jeuner sans os\",\"nme\":\"Boneless Breakfast Ham\",\"attr\":\"\",\"sku\":\"12169\",\"l2\":\"Jambon\",\"sl\":\"jambon-a-dejeuner-sans-os-mayrand-chef-12169\",\"sn\":\"\",\"idxP\":0},{\"mq\":\"Mayrand Chef\",\"nm\":\"Jambon \u00E0 d\u00E9jeuner sans os tranch\u00E9\",\"nme\":\"Sliced Boneless Breakfast Ham\",\"attr\":\"\",\"sku\":\"12170\",\"l2\":\"Jambon\",\"sl\":\"jambon-a-dejeuner-sans-os-tranche-mayrand-chef-12170\",\"sn\":\"\",\"idxP\":9},{\"mq\":\"Plaisirs Gastronomiques\",\"nm\":\"Tourti\u00E8re fra\u00EEche\",\"nme\":\"Fresh Meat Pie\",\"attr\":\"\",\"sku\":\"12242\",\"l2\":\"Pr\u00EAt \u00E0 manger\",\"sl\":\"tourtiere-fraiche-plaisirs-gastronomiques-12242\",\"sn\":\"\",\"idxP\":0},{\"mq\":\"Plaisirs Gastronomiques\",\"nm\":\"P\u00E2t\u00E9 au poulet frais\",\"nme\":\"Fresh Chicken Pie\",\"attr\":\"\",\"sku\":\"12243\",\"l2\":\"Pr\u00EAt \u00E0 manger\",\"sl\":\"pate-au-poulet-frais-plaisirs-gastronomiques-12243\",\"sn\":\"\",\"idxP\":0},{\"mq\":\"Roma d'Italia\",\"nm\":\"Salamino finocchio\",\"nme\":\"Salamino finocchio\",\"attr\":\"\",\"sku\":\"03336\",\"l2\":\"Salami\",\"sl\":\"salamino-finocchio-03336\",\"sn\":\"\",\"idxP\":14},{\"mq\":\"Roma d'Italia\",\"nm\":\"Salamino napoli\",\"nme\":\"Salamino napoli\",\"attr\":\"\",\"sku\":\"03338\",\"l2\":\"Salami\",\"sl\":\"salamino-napoli-03338\",\"sn\":\"\",\"idxP\":15},{\"mq\":\"Roma d'Italia\",\"nm\":\"Salamino parmigiano\",\"nme\":\"Salamino parmigiano\",\"attr\":\"\",\"sku\":\"03339\",\"l2\":\"Salami\",\"sl\":\"salamino-parmigiano-03339\",\"sn\":\"\",\"idxP\":15},{\"mq\":\"Roma d'Italia\",\"nm\":\"Salamino tartufo\",\"nme\":\"Salamino tartufo\",\"attr\":\"\",\"sku\":\"03340\",\"l2\":\"Salami\",\"sl\":\"salamino-tartufo-03340\",\"sn\":\"\",\"idxP\":15},{\"mq\":\"Roma d'Italia\",\"nm\":\"Salamino calabrese\",\"nme\":\"Salamino calabrese\",\"attr\":\"\",\"sku\":\"03341\",\"l2\":\"Salami\",\"sl\":\"salamino-calabrese-03341\",\"sn\":\"\",\"idxP\":11},{\"mq\":\"Roma d'Italia\",\"nm\":\"Salamino chianti\",\"nme\":\"Salamino chianti\",\"attr\":\"\",\"sku\":\"03342\",\"l2\":\"Salami\",\"sl\":\"salamino-chianti-03342\",\"sn\":\"\",\"idxP\":12},{\"mq\":\"Roch\",\"nm\":\"#Jambon confit \u00E0 effilocher 17%\",\"nme\":\"#17% Candied Shredded Ham\",\"attr\":\"\",\"sku\":\"11276\",\"l2\":\"Jambon\",\"sl\":\"jambon-confit-a-effilocher-17-11276\",\"sn\":\"phyllo\",\"idxP\":1},{\"mq\":\"Gasp\u00E9sien\",\"nm\":\"Jambon m\u00E9choui quart\",\"nme\":\"Quarter Mechoui Ham\",\"attr\":\"\",\"sku\":\"12474\",\"l2\":\"Jambon\",\"sl\":\"jambon-mechoui-quart-12474\",\"sn\":\"\",\"idxP\":10},{\"mq\":\"Gasp\u00E9sien\",\"nm\":\"Cretons Gasp\u00E9sien\",\"nme\":\"Gaspesien Cretons\",\"attr\":\"\",\"sku\":\"23613\",\"l2\":\"Charcuterie traiteur\",\"sl\":\"cretons-gaspesien-23613\",\"sn\":\"\",\"idxP\":23},{\"mq\":\"Fontaine Sant\u00E9\",\"nm\":\"Trempette \u00E9pinard\",\"nme\":\"Spinach dip\",\"attr\":\"\",\"sku\":\"30383\",\"l2\":\"Pr\u00EAt \u00E0 manger\",\"sl\":\"trempette-epinard-30383\",\"sn\":\"\u00E9pinards\",\"idxP\":30},{\"mq\":\"Rana\",\"nm\":\"Ravioli aux champignons\",\"nme\":\"Mushroom raviolli\",\"attr\":\"\",\"sku\":\"31604\",\"l2\":\"Pr\u00EAt \u00E0 manger\",\"sl\":\"ravioli-aux-champignons-31604\",\"sn\":\"\",\"idxP\":14},{\"mq\":\"Rana\",\"nm\":\"Ravioli aux 4 fromages\",\"nme\":\"4 cheeses raviolli\",\"attr\":\"\",\"sku\":\"31605\",\"l2\":\"Pr\u00EAt \u00E0 manger\",\"sl\":\"ravioli-aux-4-fromages-31605\",\"sn\":\"fromages\",\"idxP\":11},{\"mq\":\"Rana\",\"nm\":\"Ravioli ricotta \u00E9pinard\",\"nme\":\"ricotta spinach raviolli\",\"attr\":\"\",\"sku\":\"32245\",\"l2\":\"Pr\u00EAt \u00E0 manger\",\"sl\":\"ravioli-ricotta-epinard-32245\",\"sn\":\"\u00E9pinards\",\"idxP\":10},{\"mq\":\"Rustica\",\"nm\":\"Pizza italienne boulangerie\",\"nme\":\"Bakery Italian Pizza\",\"attr\":\"\",\"sku\":\"12595\",\"l2\":\"Pr\u00EAt \u00E0 manger\",\"sl\":\"pizza-italienne-boulangerie-12595\",\"sn\":\"\",\"idxP\":2},{\"mq\":\"Mastro\",\"nm\":\"Salami sopressata tranch\u00E9\",\"nme\":\"Sliced Sopressata Salami\",\"attr\":\"\",\"sku\":\"12608\",\"l2\":\"Salami\",\"sl\":\"salami-sopressata-tranche-12608\",\"sn\":\"\",\"idxP\":33},{\"mq\":\"Mayrand CHEF\",\"nm\":\"Creton\",\"nme\":\"Creton\",\"attr\":\"\",\"sku\":\"68667\",\"l2\":\"Charcuterie traiteur\",\"sl\":\"creton-68667\",\"sn\":\"\",\"idxP\":0},{\"mq\":\"Roch\",\"nm\":\"Jambon toupie extra-maigre ancienne\",\"nme\":\"Old-Fashioned Extra-Lean Toupie Ham\",\"attr\":\"\",\"sku\":\"12692\",\"l2\":\"Jambon\",\"sl\":\"jambon-toupie-extra-maigre-ancienne-12692\",\"sn\":\"\",\"idxP\":1},{\"mq\":\"Rana\",\"nm\":\"Ravioli au poulet \u00E0 ail\",\"nme\":\"Garlic chicken raviolli\",\"attr\":\"\",\"sku\":\"31603\",\"l2\":\"Pr\u00EAt \u00E0 manger\",\"sl\":\"ravioli-au-poulet-a-ail-31603\",\"sn\":\"\",\"idxP\":0},{\"mq\":\"Lesters\",\"nm\":\"Steak \u00E9minc\u00E9\",\"nme\":\"Minced Steak\",\"attr\":\"\",\"sku\":\"12878\",\"l2\":\"Boeuf\",\"sl\":\"steak-emince-12878\",\"sn\":\"\",\"idxP\":0},{\"mq\":\"Roma d'Italia\",\"nm\":\"Salamino prosciutto\",\"nme\":\"Salamino Prosciutto\",\"attr\":\"\",\"sku\":\"13127\",\"l2\":\"Prosciutto\",\"sl\":\"salamino-prosciutto-13127\",\"sn\":\"\",\"idxP\":0},{\"mq\":\"Mello\",\"nm\":\"Salami au boeuf\",\"nme\":\"Beef Salami\",\"attr\":\"\",\"sku\":\"14036\",\"l2\":\"Salami\",\"sl\":\"salami-au-boeuf-14036\",\"sn\":\"oeufs\",\"idxP\":1},{\"mq\":\"Heinz\",\"nm\":\"Ketchup aux tomates\",\"nme\":\"Tomato Ketchup\",\"attr\":\"\",\"sku\":\"00300\",\"l2\":\"Condiment\",\"sl\":\"ketchup-aux-tomates-heinz-00300\",\"sn\":\"tomates\",\"idxP\":100},{\"mq\":\"Rose Hill\",\"nm\":\"Base pour soupe au poulet 20kg\",\"nme\":\"Chicken Sauce Mix\",\"attr\":\"Produit local\",\"sku\":\"00011\",\"l2\":\"Soupe et bouillon\",\"sl\":\"base-pour-soupe-au-poulet-20kg-rose-hill-00011\",\"sn\":\"\",\"idxP\":11},{\"mq\":\"Berthelet\",\"nm\":\"Base pour soupe au poulet\",\"nme\":\"Chicken Soup Base\",\"attr\":\"Produit local\",\"sku\":\"00642\",\"l2\":\"Soupe et bouillon\",\"sl\":\"base-pour-soupe-au-poulet-berthelet-00642\",\"sn\":\"\",\"idxP\":66},{\"mq\":\"Berthelet\",\"nm\":\"Base pour soupe \u00E0 la cr\u00E8me de c\u00E9leri\",\"nme\":\"Celery Cream Soup Base\",\"attr\":\"Produit local\",\"sku\":\"00631\",\"l2\":\"Soupe et bouillon\",\"sl\":\"base-pour-soupe-a-la-creme-de-celeri-berthelet-00631\",\"sn\":\"\",\"idxP\":17},{\"mq\":\"Berthelet\",\"nm\":\"M\u00E9lange pour sauce brune\",\"nme\":\"Brown gravy Sauce Mix\",\"attr\":\"Produit local\",\"sku\":\"00654\",\"l2\":\"Sauce\",\"sl\":\"melange-pour-sauce-brune-berthelet-00654\",\"sn\":\"\",\"idxP\":32},{\"mq\":\"Berthelet\",\"nm\":\"Base pour soupe au boeuf\",\"nme\":\"Beef Soup Base\",\"attr\":\"Produit local\",\"sku\":\"00630\",\"l2\":\"Soupe et bouillon\",\"sl\":\"base-pour-soupe-au-boeuf-berthelet-00630\",\"sn\":\"\",\"idxP\":41},{\"mq\":\"Berthelet\",\"nm\":\"M\u00E9lange pour sauce sandwich chaud\",\"nme\":\"Hot Chicken Sauce Mix\",\"attr\":\"Produit local\",\"sku\":\"00677\",\"l2\":\"Sauce\",\"sl\":\"melange-pour-sauce-sandwich-chaud-berthelet-00677\",\"sn\":\"\",\"idxP\":21},{\"mq\":\"Berthelet\",\"nm\":\"Base pour soupe cr\u00E8me de l\u00E9gumes\",\"nme\":\"Vegetable of Mushroom Soup Base\",\"attr\":\"Produit local\",\"sku\":\"00726\",\"l2\":\"Soupe et bouillon\",\"sl\":\"base-pour-soupe-creme-de-legumes-berthelet-00726\",\"sn\":\"\",\"idxP\":19},{\"mq\":\"Berthelet\",\"nm\":\"M\u00E9lange pour sauce barbecue\",\"nme\":\"BBQ Sauce Mix\",\"attr\":\"Produit local\",\"sku\":\"00648\",\"l2\":\"Sauce\",\"sl\":\"melange-pour-sauce-barbecue-berthelet-00648\",\"sn\":\"BBQ\",\"idxP\":29},{\"mq\":\"Berthelet\",\"nm\":\"M\u00E9lange pour sauce fromage cheddar\",\"nme\":\"Cheddar Cheese Sauce Mix\",\"attr\":\"Produit local\",\"sku\":\"00669\",\"l2\":\"Sauce\",\"sl\":\"melange-pour-sauce-fromage-cheddar-berthelet-00669\",\"sn\":\"fromages\",\"idxP\":21},{\"mq\":\"Berthelet\",\"nm\":\"Base pour soupe \u00E0 l'oignon\",\"nme\":\"Chicken Soup Base\",\"attr\":\"Produit local\",\"sku\":\"00731\",\"l2\":\"Soupe et bouillon\",\"sl\":\"base-pour-soupe-a-loignon-berthelet-00731\",\"sn\":\"onions, oignons\",\"idxP\":33},{\"mq\":\"Berthelet\",\"nm\":\"M\u00E9lange pour sauce demi-glace\",\"nme\":\"Demi-Glace Sauce Mix\",\"attr\":\"Produit local\",\"sku\":\"00667\",\"l2\":\"Sauce\",\"sl\":\"melange-pour-sauce-demi-glace-berthelet-00667\",\"sn\":\"\",\"idxP\":44},{\"mq\":\"Berthelet\",\"nm\":\"M\u00E9lange pour sauce au poivre vert\",\"nme\":\"Green Peppercorn Sauce Mix\",\"attr\":\"Produit local\",\"sku\":\"00676\",\"l2\":\"Sauce\",\"sl\":\"melange-pour-sauce-au-poivre-vert-berthelet-00676\",\"sn\":\"\",\"idxP\":21},{\"mq\":\"Heinz\",\"nm\":\"Sauce au chili\",\"nme\":\"Chili Sauce\",\"attr\":\"\",\"sku\":\"00303\",\"l2\":\"Condiment\",\"sl\":\"sauce-au-chili-heinz-00303\",\"sn\":\"\",\"idxP\":90},{\"mq\":\"Berthelet\",\"nm\":\"Base pour soupe cr\u00E8me de poulet\",\"nme\":\"Cream Chicken Soup Base\",\"attr\":\"Produit local\",\"sku\":\"00727\",\"l2\":\"Soupe et bouillon\",\"sl\":\"base-pour-soupe-creme-de-poulet-berthelet-00727\",\"sn\":\"\",\"idxP\":30},{\"mq\":\"Berthelet\",\"nm\":\"Base pour bouillon au poisson\",\"nme\":\"Fish Bouillon Soup Base\",\"attr\":\"Produit local\",\"sku\":\"00698\",\"l2\":\"Soupe et bouillon\",\"sl\":\"base-pour-bouillon-au-poisson-berthelet-00698\",\"sn\":\"\",\"idxP\":13},{\"mq\":\"Berthelet\",\"nm\":\"Aromates en poudre\",\"nme\":\"Aromates Powder\",\"attr\":\"Produit local\",\"sku\":\"00772\",\"l2\":\"\u00C9pice, sel et poivre\",\"sl\":\"aromates-en-poudre-berthelet-00772\",\"sn\":\"\",\"idxP\":23},{\"mq\":\"Berthelet\",\"nm\":\"M\u00E9lange pour sauce hollandaise\",\"nme\":\"Hollandaise Sauce Mix\",\"attr\":\"Produit local\",\"sku\":\"00671\",\"l2\":\"Sauce\",\"sl\":\"melange-pour-sauce-hollandaise-berthelet-00671\",\"sn\":\"\",\"idxP\":15},{\"mq\":\"Berthelet\",\"nm\":\"M\u00E9lange pour sauce r\u00F4ti de boeuf\",\"nme\":\"Roast Beef Sauce Mix\",\"attr\":\"Produit local\",\"sku\":\"00680\",\"l2\":\"Sauce\",\"sl\":\"melange-pour-sauce-roti-de-boeuf-berthelet-00680\",\"sn\":\"oeufs\",\"idxP\":20},{\"mq\":\"Berthelet\",\"nm\":\"Base pour soupe cr\u00E8me de poireau\",\"nme\":\"Cream of Leek Soup Base\",\"attr\":\"Produit local\",\"sku\":\"04110\",\"l2\":\"Soupe et bouillon\",\"sl\":\"base-pour-soupe-creme-de-poireau-berthelet-04110\",\"sn\":\"poires\",\"idxP\":9},{\"mq\":\"Berthelet\",\"nm\":\"Base pour soupe cr\u00E8me de poulet\",\"nme\":\"Cream Chicken Soup Base\",\"attr\":\"Produit local\",\"sku\":\"04109\",\"l2\":\"Soupe et bouillon\",\"sl\":\"base-pour-soupe-creme-de-poulet-berthelet-04109\",\"sn\":\"\",\"idxP\":10},{\"mq\":\"Rose Hill\",\"nm\":\"M\u00E9lange pour sauce au fromage\",\"nme\":\"Cheese Sauce Mix\",\"attr\":\"Produit local\",\"sku\":\"06070\",\"l2\":\"Sauce\",\"sl\":\"melange-pour-sauce-au-fromage-rose-hill-06070\",\"sn\":\"fromages\",\"idxP\":21},{\"mq\":\"Rose Hill\",\"nm\":\"M\u00E9lange pour soupe minestrone\",\"nme\":\"Minestron Soup Mix\",\"attr\":\"Produit local\",\"sku\":\"06513\",\"l2\":\"Soupe et bouillon\",\"sl\":\"melange-pour-soupe-minestrone-rose-hill-06513\",\"sn\":\"\",\"idxP\":12},{\"mq\":\"Berthelet\",\"nm\":\"M\u00E9lange pour sauce rosbif\",\"nme\":\"Roast Beef Sauce Mix\",\"attr\":\"Produit local\",\"sku\":\"04063\",\"l2\":\"Sauce\",\"sl\":\"melange-pour-sauce-rosbif-berthelet-04063\",\"sn\":\"\",\"idxP\":9},{\"mq\":\"Rose Hill\",\"nm\":\"Origan entier\",\"nme\":\"Whole oregano\",\"attr\":\"Produit local\",\"sku\":\"05736\",\"l2\":\"\u00C9pice, sel et poivre\",\"sl\":\"origan-entier-rose-hill-05736\",\"sn\":\"\",\"idxP\":39},{\"mq\":\"Rose Hill\",\"nm\":\"Coriandre moulu\",\"nme\":\"Ground Coriander\",\"attr\":\"Produit local\",\"sku\":\"11861\",\"l2\":\"\u00C9pice, sel et poivre\",\"sl\":\"coriandre-moulu-rose-hill-11861\",\"sn\":\"\",\"idxP\":35},{\"mq\":\"Rose Hill\",\"nm\":\"Graines de cumin\",\"nme\":\"Cumin Seeds\",\"attr\":\"Produit local\",\"sku\":\"11859\",\"l2\":\"\u00C9pice, sel et poivre\",\"sl\":\"graines-de-cumin-rose-hill-11859\",\"sn\":\"\",\"idxP\":29},{\"mq\":\"Cacao Barry\",\"nm\":\"Chocolat pistole blanc satin\",\"nme\":\"Satin White Chocolate Pistole\",\"attr\":\"\",\"sku\":\"12450\",\"l2\":\"Ingr\u00E9dient de p\u00E2tisserie\",\"sl\":\"chocolat-pistole-blanc-satin-cacao-barry-12450\",\"sn\":\"\",\"idxP\":23},{\"mq\":\"Rose Hill\",\"nm\":\"Cannelle en baton 3\\\"\",\"nme\":\"Cinnamon Sticks 3\\\"\",\"attr\":\"Produit local\",\"sku\":\"11862\",\"l2\":\"\u00C9pice, sel et poivre\",\"sl\":\"cannelle-en-baton-3-rose-hill-11862\",\"sn\":\"\",\"idxP\":50},{\"mq\":\"Cacao Barry\",\"nm\":\"Chocolat pistole lact\u00E9e\",\"nme\":\"Milky Chocolate Pistole\",\"attr\":\"\",\"sku\":\"12451\",\"l2\":\"Ingr\u00E9dient de p\u00E2tisserie\",\"sl\":\"chocolat-pistole-lactee-cacao-barry-12451\",\"sn\":\"\",\"idxP\":47},{\"mq\":\"Cacao Barry\",\"nm\":\"Chocolat pistole mi-amer 58%\",\"nme\":\"Mid-Bitter Chocolate 58% Pistole\",\"attr\":\"\",\"sku\":\"12452\",\"l2\":\"Ingr\u00E9dient de p\u00E2tisserie\",\"sl\":\"chocolat-pistole-mi-amer-58-cacao-barry-12452\",\"sn\":\"\",\"idxP\":46},{\"mq\":\"Rose Hill\",\"nm\":\"Poivre noir concass\u00E9\",\"nme\":\"Crushed Black Pepper\",\"attr\":\"Produit local\",\"sku\":\"08209\",\"l2\":\"\u00C9pice, sel et poivre\",\"sl\":\"poivre-noir-concasse-rose-hill-08209\",\"sn\":\"\",\"idxP\":49},{\"mq\":\"Cacao Barry\",\"nm\":\"Poudre de cacao extra brute 1kg\",\"nme\":\"Cocoa Powder 100% 1kg\",\"attr\":\"\",\"sku\":\"10295\",\"l2\":\"Ingr\u00E9dient de p\u00E2tisserie\",\"sl\":\"poudre-de-cacao-extra-brute-1kg-cacao-barry-10295\",\"sn\":\"\",\"idxP\":70},{\"mq\":\"Berthelet\",\"nm\":\"\u00C9pices \u00E0 steak style montr\u00E9alais\",\"nme\":\"Montreal Style Steak Spice\",\"attr\":\"Produit local\",\"sku\":\"02795\",\"l2\":\"\u00C9pice, sel et poivre\",\"sl\":\"epices-a-steak-style-montrealais-berthelet-02795\",\"sn\":\"\",\"idxP\":18},{\"mq\":\"Berthelet\",\"nm\":\"M\u00E9lange pour sauce demi-glace\",\"nme\":\"Demi-Glace Sauce Mix\",\"attr\":\"Produit local\",\"sku\":\"04116\",\"l2\":\"Sauce\",\"sl\":\"melange-pour-sauce-demi-glace-berthelet-04116\",\"sn\":\"\",\"idxP\":30},{\"mq\":\"Berthelet\",\"nm\":\"Clou de girofle moulu\",\"nme\":\"Ground Clove\",\"attr\":\"Produit local\",\"sku\":\"16764\",\"l2\":\"\u00C9pice, sel et poivre\",\"sl\":\"clou-de-girofle-moulu-berthelet-16764\",\"sn\":\"\",\"idxP\":15},{\"mq\":\"Rose Hill\",\"nm\":\"M\u00E9lange bouillon de poisson\",\"nme\":\"Fish Broth Mix\",\"attr\":\"\",\"sku\":\"17085\",\"l2\":\"Soupe et bouillon\",\"sl\":\"melange-bouillon-de-poisson-rose-hill-17085\",\"sn\":\"\",\"idxP\":13},{\"mq\":\"Berthelet\",\"nm\":\"M\u00E9lange pour sauce rago\u00FBt\",\"nme\":\"Ragout Sauce Mix\",\"attr\":\"Produit local\",\"sku\":\"15473\",\"l2\":\"Sauce\",\"sl\":\"melange-pour-sauce-ragout-berthelet-15473\",\"sn\":\"\",\"idxP\":19},{\"mq\":\"Rose Hill\",\"nm\":\"Sel assaisonn\u00E9\",\"nme\":\"Seasoning Salt\",\"attr\":\"Produit local\",\"sku\":\"11865\",\"l2\":\"\u00C9pice, sel et poivre\",\"sl\":\"sel-assaisonne-rose-hill-11865\",\"sn\":\"\",\"idxP\":24},{\"mq\":\"Rose Hill\",\"nm\":\"Anis \u00E9toil\u00E9\",\"nme\":\"Star Anise\",\"attr\":\"Produit local\",\"sku\":\"18414\",\"l2\":\"\u00C9pice, sel et poivre\",\"sl\":\"anis-etoile-rose-hill-18414\",\"sn\":\"\",\"idxP\":46},{\"mq\":\"Berthelet\",\"nm\":\"Assaisonnement c\u00F4tes lev\u00E9es barbecue\",\"nme\":\"BBQ Ribs Seasoning\",\"attr\":\"Produit local\",\"sku\":\"20139\",\"l2\":\"\u00C9pice, sel et poivre\",\"sl\":\"assaisonnement-cotes-levees-barbecue-berthelet-20139\",\"sn\":\"BBQ\",\"idxP\":21},{\"mq\":\"Rose Hill\",\"nm\":\"Romarin entier\",\"nme\":\"Whole Rosemary\",\"attr\":\"Produit local\",\"sku\":\"12004\",\"l2\":\"\u00C9pice, sel et poivre\",\"sl\":\"romarin-entier-rose-hill-12004\",\"sn\":\"\",\"idxP\":18},{\"mq\":\"Berthelet\",\"nm\":\"Base pour soupe cr\u00E8me brocoli\",\"nme\":\"Cream Broccoli Soup Base\",\"attr\":\"Produit local\",\"sku\":\"18977\",\"l2\":\"Soupe et bouillon\",\"sl\":\"base-pour-soupe-creme-brocoli-berthelet-18977\",\"sn\":\"\",\"idxP\":8},{\"mq\":\"Rose Hill\",\"nm\":\"M\u00E9lange bouillon de poulet\",\"nme\":\"Chicken Broth Mix\",\"attr\":\"Produit local\",\"sku\":\"20909\",\"l2\":\"Soupe et bouillon\",\"sl\":\"melange-bouillon-de-poulet-rose-hill-20909\",\"sn\":\"\",\"idxP\":18},{\"mq\":\"Berthelet\",\"nm\":\"Base pour bouillon de poisson\",\"nme\":\"Fish Soup Base\",\"attr\":\"Produit local\",\"sku\":\"21653\",\"l2\":\"Soupe et bouillon\",\"sl\":\"base-pour-bouillon-de-poisson-berthelet-21653\",\"sn\":\"\",\"idxP\":8},{\"mq\":\"Rose Hill\",\"nm\":\"M\u00E9lange bouillon de poulet\",\"nme\":\"Chicken Broth Mix\",\"attr\":\"Produit local\",\"sku\":\"17086\",\"l2\":\"Soupe et bouillon\",\"sl\":\"melange-bouillon-de-poulet-rose-hill-17086\",\"sn\":\"\",\"idxP\":30},{\"mq\":\"Cacao Barry\",\"nm\":\"Chocolat noir 65% pistole Inaya\",\"nme\":\"Dark Chocolate 65% Inaya Pistole\",\"attr\":\"\",\"sku\":\"23935\",\"l2\":\"Ingr\u00E9dient de p\u00E2tisserie\",\"sl\":\"chocolat-noir-65-pistole-inaya-cacao-barry-23935\",\"sn\":\"\",\"idxP\":49},{\"mq\":\"Rose Hill\",\"nm\":\"M\u00E9lange bouillon de l\u00E9gumes\",\"nme\":\"Vegetables Broth Mix\",\"attr\":\"Produit local\",\"sku\":\"17084\",\"l2\":\"Soupe et bouillon\",\"sl\":\"melange-bouillon-de-legumes-rose-hill-17084\",\"sn\":\"\",\"idxP\":22},{\"mq\":\"Rose Hill\",\"nm\":\"Paprika fum\u00E9\",\"nme\":\"Smoked Paprika\",\"attr\":\"Produit local\",\"sku\":\"21627\",\"l2\":\"\u00C9pice, sel et poivre\",\"sl\":\"paprika-fume-rose-hill-21627\",\"sn\":\"\",\"idxP\":49},{\"mq\":\"Rose Hill\",\"nm\":\"Assaisonnement ancho et chipotle\",\"nme\":\"Ancho and Chipotle Seasoning\",\"attr\":\"Produit local\",\"sku\":\"21774\",\"l2\":\"\u00C9pice, sel et poivre\",\"sl\":\"assaisonnement-ancho-et-chipotle-rose-hill-21774\",\"sn\":\"\",\"idxP\":26},{\"mq\":\"Cacao Barry\",\"nm\":\"Chocolat noir 70% pistole Ocoa\",\"nme\":\"Dark Chocolate 70% Ocoa Pistole\",\"attr\":\"\",\"sku\":\"23937\",\"l2\":\"Ingr\u00E9dient de p\u00E2tisserie\",\"sl\":\"chocolat-noir-70-pistole-ocoa-cacao-barry-23937\",\"sn\":\"\",\"idxP\":46},{\"mq\":\"Rose Hill\",\"nm\":\"Poivre noir moulu\",\"nme\":\"Pepper black ground\",\"attr\":\"Produit local\",\"sku\":\"28097\",\"l2\":\"\u00C9pice, sel et poivre\",\"sl\":\"poivre-noir-moulu-rose-hill-28097\",\"sn\":\"\",\"idxP\":83},{\"mq\":\"Rose Hill\",\"nm\":\"M\u00E9lange base bouillon au poulet 5kg\",\"nme\":\"Chicken Broth Mix\",\"attr\":\"Produit local\",\"sku\":\"28094\",\"l2\":\"Soupe et bouillon\",\"sl\":\"melange-base-bouillon-au-poulet-5kg-rose-hill-28094\",\"sn\":\"\",\"idxP\":40},{\"mq\":\"Rose Hill\",\"nm\":\"Ail poudre\",\"nme\":\"Garlic Powder\",\"attr\":\"Produit local\",\"sku\":\"28104\",\"l2\":\"\u00C9pice, sel et poivre\",\"sl\":\"ail-poudre-rose-hill-28104\",\"sn\":\"\",\"idxP\":72},{\"mq\":\"Rose Hill\",\"nm\":\"M\u00E9lange pour sauce sandwich chaud 5kg\",\"nme\":\"Hot Chicken Sauce Mix\",\"attr\":\"Produit local\",\"sku\":\"28092\",\"l2\":\"Sauce\",\"sl\":\"melange-pour-sauce-sandwich-chaud-5kg-rose-hill-28092\",\"sn\":\"\",\"idxP\":7},{\"mq\":\"Rose Hill\",\"nm\":\"Paprika\",\"nme\":\"Paprika\",\"attr\":\"Produit local\",\"sku\":\"28102\",\"l2\":\"\u00C9pice, sel et poivre\",\"sl\":\"paprika-rose-hill-28102\",\"sn\":\"\",\"idxP\":86},{\"mq\":\"Rose Hill\",\"nm\":\"Herbes de Provence\",\"nme\":\"Provence Herbs\",\"attr\":\"Produit local\",\"sku\":\"29397\",\"l2\":\"\u00C9pice, sel et poivre\",\"sl\":\"herbes-de-provence-rose-hill-29397\",\"sn\":\"\",\"idxP\":24},{\"mq\":\"Rose Hill\",\"nm\":\"Piment broy\u00E9\",\"nme\":\"Crushed Pepper\",\"attr\":\"Produit local\",\"sku\":\"28101\",\"l2\":\"\u00C9pice, sel et poivre\",\"sl\":\"piment-broye-rose-hill-28101\",\"sn\":\"piments\",\"idxP\":42},{\"mq\":\"Berthelet\",\"nm\":\"Base pour soupe cr\u00E8me de tomate\",\"nme\":\"Cream of Tomato Soup Base\",\"attr\":\"Produit local\",\"sku\":\"28683\",\"l2\":\"Soupe et bouillon\",\"sl\":\"base-pour-soupe-creme-de-tomate-berthelet-28683\",\"sn\":\"tomates\",\"idxP\":8},{\"mq\":\"Rose Hill\",\"nm\":\"\u00C9pices bifteck concass\u00E9es sans sel\",\"nme\":\"Unsalted Cracked Steak Spice\",\"attr\":\"Produit local\",\"sku\":\"30700\",\"l2\":\"\u00C9pice, sel et poivre\",\"sl\":\"epices-bifteck-concassees-sans-sel-rose-hill-30700\",\"sn\":\"steak\",\"idxP\":30},{\"mq\":\"Rose Hill\",\"nm\":\"Noix de muscade enti\u00E8res\",\"nme\":\"Whole Nutmeg\",\"attr\":\"Produit local\",\"sku\":\"29396\",\"l2\":\"\u00C9pice, sel et poivre\",\"sl\":\"noix-de-muscade-entieres-rose-hill-29396\",\"sn\":\"\",\"idxP\":23},{\"mq\":\"Cacao Barry\",\"nm\":\"Paillet\u00E9 feuilletine\",\"nme\":\"Feuilletine Paillette\",\"attr\":\"\",\"sku\":\"30492\",\"l2\":\"Ingr\u00E9dient de p\u00E2tisserie\",\"sl\":\"paillete-feuilletine-cacao-barry-30492\",\"sn\":\"\",\"idxP\":24},{\"mq\":\"Rose Hill\",\"nm\":\"Ail \u00E9minc\u00E9\",\"nme\":\"Minced Garlic\",\"attr\":\"Produit local\",\"sku\":\"31900\",\"l2\":\"\u00C9pice, sel et poivre\",\"sl\":\"ail-emince-rose-hill-31900\",\"sn\":\"\",\"idxP\":20},{\"mq\":\"Rose Hill\",\"nm\":\"Glutamate monosodique\",\"nme\":\"Monosodium Glutamate\",\"attr\":\"Produit local\",\"sku\":\"32230\",\"l2\":\"\u00C9pice, sel et poivre\",\"sl\":\"glutamate-monosodique-rose-hill-32230\",\"sn\":\"\",\"idxP\":24},{\"mq\":\"Rose Hill\",\"nm\":\"Attendrisseur de viande\",\"nme\":\"Meat Tenderizer\",\"attr\":\"Produit local\",\"sku\":\"32227\",\"l2\":\"\u00C9pice, sel et poivre\",\"sl\":\"attendrisseur-de-viande-rose-hill-32227\",\"sn\":\"\",\"idxP\":23},{\"mq\":\"Rose Hill\",\"nm\":\"Miettes \u00E0 saveur de bacon\",\"nme\":\"Bacon Flavoured Bits\",\"attr\":\"Produit local\",\"sku\":\"32055\",\"l2\":\"\u00C9pice, sel et poivre\",\"sl\":\"miettes-a-saveur-de-bacon-rose-hill-32055\",\"sn\":\"\",\"idxP\":36},{\"mq\":\"Rose Hill\",\"nm\":\"Cumin moulu\",\"nme\":\"Ground Cumin\",\"attr\":\"Produit local\",\"sku\":\"32228\",\"l2\":\"\u00C9pice, sel et poivre\",\"sl\":\"cumin-moulu-rose-hill-32228\",\"sn\":\"\",\"idxP\":90},{\"mq\":\"Rose Hill\",\"nm\":\"Basilic rap\u00E9\",\"nme\":\"Rubbed Basil\",\"attr\":\"Produit local\",\"sku\":\"32050\",\"l2\":\"\u00C9pice, sel et poivre\",\"sl\":\"basilic-rape-rose-hill-32050\",\"sn\":\"\",\"idxP\":64},{\"mq\":\"Rose Hill\",\"nm\":\"Herbes de Provence\",\"nme\":\"Provence Herbs\",\"attr\":\"Produit local\",\"sku\":\"32051\",\"l2\":\"\u00C9pice, sel et poivre\",\"sl\":\"herbes-de-provence-rose-hill-32051\",\"sn\":\"\",\"idxP\":58},{\"mq\":\"Rose Hill\",\"nm\":\"Base pour soupe au b\u0153uf 5kg\",\"nme\":\"Beef Soup Base\",\"attr\":\"Produit local\",\"sku\":\"32091\",\"l2\":\"Soupe et bouillon\",\"sl\":\"base-pour-soupe-au-buf-5kg-rose-hill-32091\",\"sn\":\"\",\"idxP\":13},{\"mq\":\"Cacao Barry\",\"nm\":\"Chocolat \u00E0 cuisson Prima\",\"nme\":\"Prima Baking Chocolate\",\"attr\":\"\",\"sku\":\"28896\",\"l2\":\"Ingr\u00E9dient de p\u00E2tisserie\",\"sl\":\"chocolat-a-cuisson-prima-cacao-barry-28896\",\"sn\":\"\",\"idxP\":26},{\"mq\":\"Cacao Barry\",\"nm\":\"Chocolat noir 70% pistole Ocoa\",\"nme\":\"Dark Chocolate 70% Ocoa Pistole\",\"attr\":\"\",\"sku\":\"32471\",\"l2\":\"Ingr\u00E9dient de p\u00E2tisserie\",\"sl\":\"chocolat-noir-70-pistole-ocoa-cacao-barry-32471\",\"sn\":\"\",\"idxP\":54},{\"mq\":\"Rose Hill\",\"nm\":\"Origan entier\",\"nme\":\"Whole Oregano\",\"attr\":\"Produit local\",\"sku\":\"32057\",\"l2\":\"\u00C9pice, sel et poivre\",\"sl\":\"origan-entier-rose-hill-32057\",\"sn\":\"\",\"idxP\":83},{\"mq\":\"Rose Hill\",\"nm\":\"Assaisonnement poisson et fruit de mer\",\"nme\":\"Broiled Fish and Seafood Seasoning\",\"attr\":\"Produit local\",\"sku\":\"32246\",\"l2\":\"\u00C9pice, sel et poivre\",\"sl\":\"assaisonnement-poisson-et-fruit-de-mer-rose-hill-32246\",\"sn\":\"\",\"idxP\":33},{\"mq\":\"Rose Hill\",\"nm\":\"Persil en flocon\",\"nme\":\"Parsley Flakes\",\"attr\":\"Produit local\",\"sku\":\"32054\",\"l2\":\"\u00C9pice, sel et poivre\",\"sl\":\"persil-en-flocon-rose-hill-32054\",\"sn\":\"\",\"idxP\":86},{\"mq\":\"Berthelet\",\"nm\":\"Assaisonnement salade\",\"nme\":\"Salad Seasoning\",\"attr\":\"Produit local\",\"sku\":\"32801\",\"l2\":\"\u00C9pice, sel et poivre\",\"sl\":\"assaisonnement-salade-berthelet-32801\",\"sn\":\"\",\"idxP\":26},{\"mq\":\"Rose Hill\",\"nm\":\"Base soupe au poulet\",\"nme\":\"Chicken Soup Base\",\"attr\":\"Produit local\",\"sku\":\"33458\",\"l2\":\"Soupe et bouillon\",\"sl\":\"base-soupe-au-poulet-rose-hill-33458\",\"sn\":\"\",\"idxP\":25},{\"mq\":\"Rose Hill\",\"nm\":\"Vanille m\u00E9lange en poudre\",\"nme\":\"Vanilla Powder Mix\",\"attr\":\"Produit local\",\"sku\":\"34490\",\"l2\":\"\u00C9pice, sel et poivre\",\"sl\":\"vanille-melange-en-poudre-rose-hill-34490\",\"sn\":\"\",\"idxP\":70},{\"mq\":\"Rose Hill\",\"nm\":\"Assaisonnement herbe italien\",\"nme\":\"Italian Herbs\",\"attr\":\"Produit local\",\"sku\":\"35417\",\"l2\":\"\u00C9pice, sel et poivre\",\"sl\":\"assaisonnement-herbe-italien-rose-hill-35417\",\"sn\":\"\",\"idxP\":47},{\"mq\":\"Berthelet\",\"nm\":\"Base pour soupe au poulet\",\"nme\":\"Chicken Soup Base\",\"attr\":\"Produit local\",\"sku\":\"35847\",\"l2\":\"Soupe et bouillon\",\"sl\":\"base-pour-soupe-au-poulet-berthelet-35847\",\"sn\":\"\",\"idxP\":10},{\"mq\":\"Rose Hill\",\"nm\":\"Noix de muscade moulue\",\"nme\":\"Ground Nutmeg\",\"attr\":\"Produit local\",\"sku\":\"35164\",\"l2\":\"\u00C9pice, sel et poivre\",\"sl\":\"noix-de-muscade-moulue-rose-hill-35164\",\"sn\":\"\",\"idxP\":24},{\"mq\":\"Rose Hill\",\"nm\":\"Curcuma moulu\",\"nme\":\"Ground Turmeric\",\"attr\":\"Produit local\",\"sku\":\"35752\",\"l2\":\"\u00C9pice, sel et poivre\",\"sl\":\"curcuma-moulu-rose-hill-35752\",\"sn\":\"turmeric, safran des indes\",\"idxP\":41},{\"mq\":\"Rose Hill\",\"nm\":\"M\u00E9lange sauce poutine qu\u00E9b\u00E9coise\",\"nme\":\"Quebecan Poutine Sauce Mix\",\"attr\":\"Produit local\",\"sku\":\"35996\",\"l2\":\"Sauce\",\"sl\":\"melange-sauce-poutine-quebecoise-rose-hill-35996\",\"sn\":\"\",\"idxP\":31},{\"mq\":\"Rose Hill\",\"nm\":\"Cannelle moulue\",\"nme\":\"Ground Cinnamon\",\"attr\":\"Produit local\",\"sku\":\"35163\",\"l2\":\"\u00C9pice, sel et poivre\",\"sl\":\"cannelle-moulue-rose-hill-35163\",\"sn\":\"\",\"idxP\":50},{\"mq\":\"Rose Hill\",\"nm\":\"M\u00E9lange pour sauce brune 5kg\",\"nme\":\"Brown Gravy Mix\",\"attr\":\"Produit local\",\"sku\":\"34965\",\"l2\":\"Sauce\",\"sl\":\"melange-pour-sauce-brune-5kg-rose-hill-34965\",\"sn\":\"\",\"idxP\":16},{\"mq\":\"Rose Hill\",\"nm\":\"\u00C9pice \u00E0 bifteck\",\"nme\":\"Crushed Steak Spice\",\"attr\":\"Produit local\",\"sku\":\"32702\",\"l2\":\"\u00C9pice, sel et poivre\",\"sl\":\"epice-a-bifteck-rose-hill-32702\",\"sn\":\"steak\",\"idxP\":39},{\"mq\":\"Rose Hill\",\"nm\":\"M\u00E9lange sauce poutine qu\u00E9b\u00E9coise\",\"nme\":\"Quebec Poutine Sauce Mix\",\"attr\":\"Produit local\",\"sku\":\"35997\",\"l2\":\"Sauce\",\"sl\":\"melange-sauce-poutine-quebecoise-rose-hill-35997\",\"sn\":\"\",\"idxP\":51},{\"mq\":\"Rose Hill\",\"nm\":\"Base pour soupe \u00E0 l'oignon 5kg\",\"nme\":\"Onion Soup Base\",\"attr\":\"Produit local\",\"sku\":\"36456\",\"l2\":\"Soupe et bouillon\",\"sl\":\"base-pour-soupe-a-loignon-5kg-rose-hill-36456\",\"sn\":\"onions, oignons\",\"idxP\":15},{\"mq\":\"Rose Hill\",\"nm\":\"M\u00E9lange sauce brune\",\"nme\":\"Brown Gravy Mix\",\"attr\":\"Produit local\",\"sku\":\"37394\",\"l2\":\"Sauce\",\"sl\":\"melange-sauce-brune-rose-hill-37394\",\"sn\":\"\",\"idxP\":18},{\"mq\":\"Rose Hill\",\"nm\":\"Anis entier\",\"nme\":\"Whole Anise\",\"attr\":\"Produit local\",\"sku\":\"35973\",\"l2\":\"\u00C9pice, sel et poivre\",\"sl\":\"anis-entier-rose-hill-35973\",\"sn\":\"\",\"idxP\":29},{\"mq\":\"Rose Hill\",\"nm\":\"M\u00E9lange sauce poutine\",\"nme\":\"Poutine Sauce Mix\",\"attr\":\"Produit local\",\"sku\":\"37393\",\"l2\":\"Sauce\",\"sl\":\"melange-sauce-poutine-rose-hill-37393\",\"sn\":\"\",\"idxP\":41},{\"mq\":\"Rose Hill\",\"nm\":\"M\u00E9lange sauce barbecue\",\"nme\":\"BBQ Sauce Mix\",\"attr\":\"Produit local\",\"sku\":\"37396\",\"l2\":\"Sauce\",\"sl\":\"melange-sauce-barbecue-rose-hill-37396\",\"sn\":\"BBQ\",\"idxP\":23},{\"mq\":\"Rose Hill\",\"nm\":\"Base pour soupe cr\u00E8me de champignon 5kg\",\"nme\":\"Mushroom Ceam Soup Base\",\"attr\":\"Produit local\",\"sku\":\"36835\",\"l2\":\"Soupe et bouillon\",\"sl\":\"base-pour-soupe-creme-de-champignon-5kg-rose-hill-36835\",\"sn\":\"\",\"idxP\":4},{\"mq\":\"Rose Hill\",\"nm\":\"M\u00E9lange sauce sandwich chaud\",\"nme\":\"Hot Chicken Sauce Mix\",\"attr\":\"Produit local\",\"sku\":\"37395\",\"l2\":\"Sauce\",\"sl\":\"melange-sauce-sandwich-chaud-rose-hill-37395\",\"sn\":\"\",\"idxP\":20},{\"mq\":\"Rose Hill\",\"nm\":\"Estragon  flocon\",\"nme\":\"Tarragon Flakes\",\"attr\":\"Produit local\",\"sku\":\"38163\",\"l2\":\"\u00C9pice, sel et poivre\",\"sl\":\"estragon-flocon-rose-hill-38163\",\"sn\":\"\",\"idxP\":29},{\"mq\":\"Rose Hill\",\"nm\":\"Base soupe \u00E0 l'oignon\",\"nme\":\"Onion Soup Base\",\"attr\":\"Produit local\",\"sku\":\"37397\",\"l2\":\"Soupe et bouillon\",\"sl\":\"base-soupe-a-loignon-rose-hill-37397\",\"sn\":\"onions, oignons\",\"idxP\":21},{\"mq\":\"Rose Hill\",\"nm\":\"Romarin entier\",\"nme\":\"Whole Rosemary\",\"attr\":\"Produit local\",\"sku\":\"38166\",\"l2\":\"\u00C9pice, sel et poivre\",\"sl\":\"romarin-entier-rose-hill-38166\",\"sn\":\"\",\"idxP\":30},{\"mq\":\"Rose Hill\",\"nm\":\"Ciboulette\",\"nme\":\"Chive\",\"attr\":\"Produit local\",\"sku\":\"38173\",\"l2\":\"\u00C9pice, sel et poivre\",\"sl\":\"ciboulette-rose-hill-38173\",\"sn\":\"\",\"idxP\":41},{\"mq\":\"Rose Hill\",\"nm\":\"Thym entier\",\"nme\":\"Whole Thyme\",\"attr\":\"Produit local\",\"sku\":\"38186\",\"l2\":\"\u00C9pice, sel et poivre\",\"sl\":\"thym-entier-rose-hill-38186\",\"sn\":\"\",\"idxP\":47},{\"mq\":\"Rose Hill\",\"nm\":\"Poivre noir entier\",\"nme\":\"Whole Black Pepper\",\"attr\":\"Produit local\",\"sku\":\"38185\",\"l2\":\"\u00C9pice, sel et poivre\",\"sl\":\"poivre-noir-entier-rose-hill-38185\",\"sn\":\"\",\"idxP\":83},{\"mq\":\"Rose Hill\",\"nm\":\"Poudre de chili\",\"nme\":\"Chili Powder\",\"attr\":\"Produit local\",\"sku\":\"38172\",\"l2\":\"\u00C9pice, sel et poivre\",\"sl\":\"poudre-de-chili-rose-hill-38172\",\"sn\":\"\",\"idxP\":42},{\"mq\":\"Rose Hill\",\"nm\":\"Piments broy\u00E9s\",\"nme\":\"Crushed Peppers\",\"attr\":\"Produit local\",\"sku\":\"38183\",\"l2\":\"\u00C9pice, sel et poivre\",\"sl\":\"piments-broyes-rose-hill-38183\",\"sn\":\"piments\",\"idxP\":23},{\"mq\":\"Rose Hill\",\"nm\":\"Poivre noir moulu\",\"nme\":\"Ground Black Pepper\",\"attr\":\"Produit local\",\"sku\":\"38348\",\"l2\":\"\u00C9pice, sel et poivre\",\"sl\":\"poivre-noir-moulu-rose-hill-38348\",\"sn\":\"\",\"idxP\":51},{\"mq\":\"Rose Hill\",\"nm\":\"Clou de girofle entier\",\"nme\":\"Whole Cloves\",\"attr\":\"Produit local\",\"sku\":\"37482\",\"l2\":\"\u00C9pice, sel et poivre\",\"sl\":\"clou-de-girofle-entier-rose-hill-37482\",\"sn\":\"\",\"idxP\":34},{\"mq\":\"Rose Hill\",\"nm\":\"Sel d'oignon\",\"nme\":\"Onion Salt\",\"attr\":\"Produit local\",\"sku\":\"38167\",\"l2\":\"\u00C9pice, sel et poivre\",\"sl\":\"sel-doignon-rose-hill-38167\",\"sn\":\"onions, oignons\",\"idxP\":32},{\"mq\":\"Rose Hill\",\"nm\":\"Persil en flocon\",\"nme\":\"Parsley Flakes\",\"attr\":\"Produit local\",\"sku\":\"38180\",\"l2\":\"\u00C9pice, sel et poivre\",\"sl\":\"persil-en-flocon-rose-hill-38180\",\"sn\":\"\",\"idxP\":52},{\"mq\":\"Rose Hill\",\"nm\":\"\u00C9pices \u00E0 bifteck\",\"nme\":\"Steack Spice\",\"attr\":\"Produit local\",\"sku\":\"38161\",\"l2\":\"\u00C9pice, sel et poivre\",\"sl\":\"epices-a-bifteck-rose-hill-38161\",\"sn\":\"steak\",\"idxP\":34},{\"mq\":\"Rose Hill\",\"nm\":\"Gingembre moulu\",\"nme\":\"Ground Ginger\",\"attr\":\"\",\"sku\":\"38175\",\"l2\":\"\u00C9pice, sel et poivre\",\"sl\":\"gingembre-moulu-rose-hill-38175\",\"sn\":\"\",\"idxP\":58},{\"mq\":\"Rose Hill\",\"nm\":\"Feuilles de laurier\",\"nme\":\"Bay leaves\",\"attr\":\"Produit local\",\"sku\":\"38338\",\"l2\":\"\u00C9pice, sel et poivre\",\"sl\":\"feuilles-de-laurier-rose-hill-38338\",\"sn\":\"\",\"idxP\":30},{\"mq\":\"Rose Hill\",\"nm\":\"Poivre noir entier\",\"nme\":\"Whole Black Pepper\",\"attr\":\"Produit local\",\"sku\":\"38165\",\"l2\":\"\u00C9pice, sel et poivre\",\"sl\":\"poivre-noir-entier-rose-hill-38165\",\"sn\":\"\",\"idxP\":37},{\"mq\":\"Rose Hill\",\"nm\":\"Assaisonnement barbecue\",\"nme\":\"BBQ Rib Seasoning\",\"attr\":\"Produit local\",\"sku\":\"38170\",\"l2\":\"\u00C9pice, sel et poivre\",\"sl\":\"assaisonnement-barbecue-rose-hill-38170\",\"sn\":\"BBQ\",\"idxP\":46},{\"mq\":\"Rose Hill\",\"nm\":\"Sel de c\u00E9leri\",\"nme\":\"Celery Salt\",\"attr\":\"Produit local\",\"sku\":\"38350\",\"l2\":\"\u00C9pice, sel et poivre\",\"sl\":\"sel-de-celeri-rose-hill-38350\",\"sn\":\"\",\"idxP\":35},{\"mq\":\"Rose Hill\",\"nm\":\"Oignon en poudre\",\"nme\":\"Onion Powder\",\"attr\":\"Produit local\",\"sku\":\"38343\",\"l2\":\"\u00C9pice, sel et poivre\",\"sl\":\"oignon-en-poudre-rose-hill-38343\",\"sn\":\"onions, oignons\",\"idxP\":49},{\"mq\":\"Rose Hill\",\"nm\":\"Ail granul\u00E9\",\"nme\":\"Granulated Garlic\",\"attr\":\"Produit local\",\"sku\":\"38388\",\"l2\":\"\u00C9pice, sel et poivre\",\"sl\":\"ail-granule-rose-hill-38388\",\"sn\":\"\",\"idxP\":59},{\"mq\":\"Rose Hill\",\"nm\":\"Paprika\",\"nme\":\"Paprika\",\"attr\":\"Produit local\",\"sku\":\"38179\",\"l2\":\"\u00C9pice, sel et poivre\",\"sl\":\"paprika-rose-hill-38179\",\"sn\":\"\",\"idxP\":47},{\"mq\":\"Rose Hill\",\"nm\":\"Aneth hach\u00E9e\",\"nme\":\"Chopped Dill Weed\",\"attr\":\"Produit local\",\"sku\":\"38331\",\"l2\":\"\u00C9pice, sel et poivre\",\"sl\":\"aneth-hachee-rose-hill-38331\",\"sn\":\"\",\"idxP\":39},{\"mq\":\"Berthelet\",\"nm\":\"Base pour soupe poulet\",\"nme\":\"Chicken Soup Base\",\"attr\":\"Produit local\",\"sku\":\"38649\",\"l2\":\"Soupe et bouillon\",\"sl\":\"base-pour-soupe-poulet-berthelet-38649\",\"sn\":\"\",\"idxP\":52},{\"mq\":\"Rose Hill\",\"nm\":\"Moutarde en poudre\",\"nme\":\"Mustard Powder\",\"attr\":\"Produit local\",\"sku\":\"38340\",\"l2\":\"\u00C9pice, sel et poivre\",\"sl\":\"moutarde-en-poudre-rose-hill-38340\",\"sn\":\"\",\"idxP\":39},{\"mq\":\"Rose Hill\",\"nm\":\"Miettes \u00E0 saveur de bacon\",\"nme\":\"Bacon Flavoured Bits\",\"attr\":\"Produit local\",\"sku\":\"38414\",\"l2\":\"\u00C9pice, sel et poivre\",\"sl\":\"miettes-a-saveur-de-bacon-rose-hill-38414\",\"sn\":\"\",\"idxP\":26},{\"mq\":\"Rose Hill\",\"nm\":\"Sel d'ail\",\"nme\":\"Garlic Salt\",\"attr\":\"Produit local\",\"sku\":\"38333\",\"l2\":\"\u00C9pice, sel et poivre\",\"sl\":\"sel-dail-rose-hill-38333\",\"sn\":\"\",\"idxP\":39},{\"mq\":\"Rose Hill\",\"nm\":\"Cari poudre\",\"nme\":\"Curry Powder\",\"attr\":\"Produit local\",\"sku\":\"38346\",\"l2\":\"\u00C9pice, sel et poivre\",\"sl\":\"cari-poudre-rose-hill-38346\",\"sn\":\"\",\"idxP\":37},{\"mq\":\"Rose Hill\",\"nm\":\"Cannelle en poudre\",\"nme\":\"Cinnamon Powder\",\"attr\":\"Produit local\",\"sku\":\"38335\",\"l2\":\"\u00C9pice, sel et poivre\",\"sl\":\"cannelle-en-poudre-rose-hill-38335\",\"sn\":\"\",\"idxP\":20},{\"mq\":\"Rose Hill\",\"nm\":\"Assaisonnement salade verte\",\"nme\":\"Green Salad Seasoning\",\"attr\":\"Produit local\",\"sku\":\"41904\",\"l2\":\"\u00C9pice, sel et poivre\",\"sl\":\"assaisonnement-salade-verte-rose-hill-41904\",\"sn\":\"\",\"idxP\":48},{\"mq\":\"Rose Hill\",\"nm\":\"\u00C9pices \u00E0 marinade entier\",\"nme\":\"Whole Pickling Spice\",\"attr\":\"Produit local\",\"sku\":\"41211\",\"l2\":\"\u00C9pice, sel et poivre\",\"sl\":\"epices-a-marinade-entier-rose-hill-41211\",\"sn\":\"\",\"idxP\":27},{\"mq\":\"Rose Hill\",\"nm\":\"Assaisonnement Souvlaki\",\"nme\":\"Souvlaki Seasoning\",\"attr\":\"Produit local\",\"sku\":\"41900\",\"l2\":\"\u00C9pice, sel et poivre\",\"sl\":\"assaisonnement-souvlaki-rose-hill-41900\",\"sn\":\"\",\"idxP\":28},{\"mq\":\"Rose Hill\",\"nm\":\"Ail en poudre\",\"nme\":\"Garlic Powder\",\"attr\":\"Produit local\",\"sku\":\"39169\",\"l2\":\"\u00C9pice, sel et poivre\",\"sl\":\"ail-en-poudre-rose-hill-39169\",\"sn\":\"\",\"idxP\":30},{\"mq\":\"Rose Hill\",\"nm\":\"Assaisonnement pour riz aux l\u00E9gumes\",\"nme\":\"Vegetable Rice Seasoning\",\"attr\":\"Produit local\",\"sku\":\"41905\",\"l2\":\"Soupe et bouillon\",\"sl\":\"assaisonnement-pour-riz-aux-legumes-rose-hill-41905\",\"sn\":\"\",\"idxP\":38},{\"mq\":\"Rose Hill\",\"nm\":\"Herbes italiennes\",\"nme\":\"Italian Herbs\",\"attr\":\"\",\"sku\":\"41603\",\"l2\":\"\u00C9pice, sel et poivre\",\"sl\":\"herbes-italiennes-rose-hill-41603\",\"sn\":\"\",\"idxP\":19},{\"mq\":\"Rose Hill\",\"nm\":\"M\u00E9lange cr\u00E8me de champignon\",\"nme\":\"Mushroom Cream Mix Soup\",\"attr\":\"Produit local\",\"sku\":\"47914\",\"l2\":\"Soupe et bouillon\",\"sl\":\"melange-creme-de-champignon-rose-hill-47914\",\"sn\":\"\",\"idxP\":12},{\"mq\":\"Rose Hill\",\"nm\":\"Assaisonnement taco et fajitas\",\"nme\":\"Taco and Fajitas Seasoning\",\"attr\":\"Produit local\",\"sku\":\"41901\",\"l2\":\"\u00C9pice, sel et poivre\",\"sl\":\"assaisonnement-taco-et-fajitas-rose-hill-41901\",\"sn\":\"\",\"idxP\":30},{\"mq\":\"Rose Hill\",\"nm\":\"Poivre de cayenne moulu\",\"nme\":\"Ground Cayenne Pepper\",\"attr\":\"Produit local\",\"sku\":\"45286\",\"l2\":\"\u00C9pice, sel et poivre\",\"sl\":\"poivre-de-cayenne-moulu-rose-hill-45286\",\"sn\":\"\",\"idxP\":23},{\"mq\":\"Rose Hill\",\"nm\":\"M\u00E9lange cr\u00E8me de tomate\",\"nme\":\"Cream of Tomato Soup\",\"attr\":\"Produit local\",\"sku\":\"47594\",\"l2\":\"Soupe et bouillon\",\"sl\":\"melange-creme-de-tomate-rose-hill-47594\",\"sn\":\"tomates\",\"idxP\":12},{\"mq\":\"Rose Hill\",\"nm\":\"Assaisonnement citron et poivre\",\"nme\":\"Lemon and Pepper Seasoning\",\"attr\":\"Produit local\",\"sku\":\"45045\",\"l2\":\"\u00C9pice, sel et poivre\",\"sl\":\"assaisonnement-citron-et-poivre-rose-hill-45045\",\"sn\":\"citrons\",\"idxP\":21},{\"mq\":\"Berthelet\",\"nm\":\"Base pour soupe au poulet\",\"nme\":\"Chicken Soup Base\",\"attr\":\"Produit local\",\"sku\":\"46990\",\"l2\":\"Soupe et bouillon\",\"sl\":\"base-pour-soupe-au-poulet-berthelet-46990\",\"sn\":\"\",\"idxP\":5},{\"mq\":\"Rose Hill\",\"nm\":\"M\u00E9lange sauce Alfredo\",\"nme\":\"Alfredo Sauce Mix\",\"attr\":\"Produit local\",\"sku\":\"47921\",\"l2\":\"Sauce\",\"sl\":\"melange-sauce-alfredo-rose-hill-47921\",\"sn\":\"\",\"idxP\":23},{\"mq\":\"Rose Hill\",\"nm\":\"M\u00E9lange cr\u00E8me de poulet\",\"nme\":\"Chicken Cream Soup Mix\",\"attr\":\"Produit local\",\"sku\":\"47916\",\"l2\":\"Soupe et bouillon\",\"sl\":\"melange-creme-de-poulet-rose-hill-47916\",\"sn\":\"\",\"idxP\":14},{\"mq\":\"Cacao Barry\",\"nm\":\"Chocolat noir pistoles St Domingue\",\"nme\":\"Santo Domingo Chocolate Pistoles 1 kg\",\"attr\":\"\",\"sku\":\"48238\",\"l2\":\"Ingr\u00E9dient de p\u00E2tisserie\",\"sl\":\"chocolat-noir-pistoles-st-domingue-cacao-barry-48238\",\"sn\":\"\",\"idxP\":57},{\"mq\":\"Rose Hill\",\"nm\":\"Assaisonnement pour poulet\",\"nme\":\"Chicken Seasoning\",\"attr\":\"Produit local\",\"sku\":\"46512\",\"l2\":\"\u00C9pice, sel et poivre\",\"sl\":\"assaisonnement-pour-poulet-rose-hill-46512\",\"sn\":\"\",\"idxP\":30},{\"mq\":\"Rose Hill\",\"nm\":\"M\u00E9lange cr\u00E8me d'asperge\",\"nme\":\"Asparagus Cream Soup Mix\",\"attr\":\"Produit local\",\"sku\":\"47915\",\"l2\":\"Soupe et bouillon\",\"sl\":\"melange-creme-dasperge-rose-hill-47915\",\"sn\":\"\",\"idxP\":14},{\"mq\":\"Rose Hill\",\"nm\":\"Assaisonnement style grec\",\"nme\":\"Greek Style Seasoning\",\"attr\":\"Produit local\",\"sku\":\"48394\",\"l2\":\"\u00C9pice, sel et poivre\",\"sl\":\"assaisonnement-style-grec-rose-hill-48394\",\"sn\":\"\",\"idxP\":39},{\"mq\":\"Rose Hill\",\"nm\":\"M\u00E9lange sauce hollandaise\",\"nme\":\"Hollandaise Sauce Mix\",\"attr\":\"Produit local\",\"sku\":\"47923\",\"l2\":\"Sauce\",\"sl\":\"melange-sauce-hollandaise-rose-hill-47923\",\"sn\":\"\",\"idxP\":47},{\"mq\":\"Rose Hill\",\"nm\":\"M\u00E9lange sauce poutine\",\"nme\":\"Poutine Sauce Mix\",\"attr\":\"Produit local\",\"sku\":\"47927\",\"l2\":\"Sauce\",\"sl\":\"melange-sauce-poutine-rose-hill-47927\",\"sn\":\"\",\"idxP\":26},{\"mq\":\"Rose Hill\",\"nm\":\"Assaisonnement citron et herbes\",\"nme\":\"Lemon and Herbs Seasoning\",\"attr\":\"Produit local\",\"sku\":\"48415\",\"l2\":\"\u00C9pice, sel et poivre\",\"sl\":\"assaisonnement-citron-et-herbes-rose-hill-48415\",\"sn\":\"citrons\",\"idxP\":24},{\"mq\":\"Berthelet\",\"nm\":\"Cr\u00E8me p\u00E2tissi\u00E8re\",\"nme\":\"Custard\",\"attr\":\"Produit local\",\"sku\":\"42933\",\"l2\":\"Ingr\u00E9dient de p\u00E2tisserie\",\"sl\":\"creme-patissiere-berthelet-42933\",\"sn\":\"\",\"idxP\":17},{\"mq\":\"Rose Hill\",\"nm\":\"M\u00E9lange sauce demi-glace\",\"nme\":\"Demi-Glace Sauce Mix\",\"attr\":\"Produit local\",\"sku\":\"47922\",\"l2\":\"Sauce\",\"sl\":\"melange-sauce-demi-glace-rose-hill-47922\",\"sn\":\"\",\"idxP\":42},{\"mq\":\"Rose Hill\",\"nm\":\"Estragon en flocon\",\"nme\":\"Tarragon Flakes\",\"attr\":\"Produit local\",\"sku\":\"41663\",\"l2\":\"\u00C9pice, sel et poivre\",\"sl\":\"estragon-en-flocon-rose-hill-41663\",\"sn\":\"\",\"idxP\":14},{\"mq\":\"Berthelet\",\"nm\":\"\u00C9pice pour tourti\u00E8re\",\"nme\":\"Meat Pie Spice\",\"attr\":\"Produit local\",\"sku\":\"46867\",\"l2\":\"\u00C9pice, sel et poivre\",\"sl\":\"epice-pour-tourtiere-berthelet-46867\",\"sn\":\"\",\"idxP\":16},{\"mq\":\"Pastene\",\"nm\":\"P\u00E2te de tomates\",\"nme\":\"Tomato Paste\",\"attr\":\"\",\"sku\":\"00271\",\"l2\":\"Tomate en conserve\",\"sl\":\"pate-de-tomates-pastene-00271\",\"sn\":\"tomates\",\"idxP\":100},{\"mq\":\"Rose Hill\",\"nm\":\"Assaisonnement pomme terre maison\",\"nme\":\"Home Fry Potato Seasoning\",\"attr\":\"Produit local\",\"sku\":\"48417\",\"l2\":\"\u00C9pice, sel et poivre\",\"sl\":\"assaisonnement-pomme-terre-maison-rose-hill-48417\",\"sn\":\"pommes\",\"idxP\":32},{\"mq\":\"Kraft\",\"nm\":\"Mayonnaise en portion x200\",\"nme\":\"Mayonnaise Portion\",\"attr\":\"\",\"sku\":\"00900\",\"l2\":\"Condiment\",\"sl\":\"mayonnaise-en-portion-x200-kraft-00900\",\"sn\":\"mayonnaise\",\"idxP\":16},{\"mq\":\"Italia\",\"nm\":\"Huile de grignon d'olive\",\"nme\":\"Pomace Olive Oil\",\"attr\":\"\",\"sku\":\"02377\",\"l2\":\"Huile et vinaigre\",\"sl\":\"huile-de-grignon-dolive-italia-02377\",\"sn\":\"\",\"idxP\":100},{\"mq\":\"Barilla\",\"nm\":\"P\u00E2tes farfalle\",\"nme\":\"Farfalle Pasta\",\"attr\":\"\",\"sku\":\"02395\",\"l2\":\"P\u00E2tes\",\"sl\":\"pates-farfalle-barilla-02395\",\"sn\":\"\",\"idxP\":94},{\"mq\":\"Rose Hill\",\"nm\":\"Assaisonnement cajun\",\"nme\":\"Cajun Seasoning\",\"attr\":\"Produit local\",\"sku\":\"48416\",\"l2\":\"\u00C9pice, sel et poivre\",\"sl\":\"assaisonnement-cajun-rose-hill-48416\",\"sn\":\"\",\"idxP\":28},{\"mq\":\"Barilla\",\"nm\":\"P\u00E2tes penne rigate #72\",\"nme\":\"Penne Rigate #72 Pasta\",\"attr\":\"\",\"sku\":\"02397\",\"l2\":\"P\u00E2tes\",\"sl\":\"pates-penne-rigate-72-barilla-02397\",\"sn\":\"\",\"idxP\":100},{\"mq\":\"ADM\",\"nm\":\"Farine enrichie Bakers Roses\",\"nme\":\"Enriched flour Bakers Roses\",\"attr\":\"Produit local\",\"sku\":\"04807\",\"l2\":\"Farine, semoule et chapelure\",\"sl\":\"farine-enrichie-bakers-roses-adm-04807\",\"sn\":\"\",\"idxP\":100},{\"mq\":\"Heinz\",\"nm\":\"Ketchup en conserve\",\"nme\":\"Canned Ketchup\",\"attr\":\"\",\"sku\":\"00400\",\"l2\":\"Condiment\",\"sl\":\"ketchup-en-conserve-heinz-00400\",\"sn\":\"\",\"idxP\":98},{\"mq\":\"Nupak ou Dunya Harvest\",\"nm\":\"Riz \u00E0 grain long blanc\",\"nme\":\"Long Grain White Rice\",\"attr\":\"\",\"sku\":\"11333\",\"l2\":\"Riz et grain\",\"sl\":\"riz-a-grain-long-blanc-nupak-ou-dunya-harvest-11333\",\"sn\":\"\",\"idxP\":42},{\"mq\":\"Ardent Mills\",\"nm\":\"Farine pr\u00E9par\u00E9e\",\"nme\":\"Self Raising Flour\",\"attr\":\"\",\"sku\":\"17182\",\"l2\":\"Farine, semoule et chapelure\",\"sl\":\"farine-preparee-ardent-mills-17182\",\"sn\":\"raisins\",\"idxP\":85},{\"mq\":\"Kraft\",\"nm\":\"Beurre d'arachide en portion\",\"nme\":\"Peanut Butter Portion\",\"attr\":\"\",\"sku\":\"00909\",\"l2\":\"Confiture et tartinade\",\"sl\":\"beurre-darachide-en-portion-kraft-00909\",\"sn\":\"\",\"idxP\":44},{\"mq\":\"Dubon\",\"nm\":\"Huile de canola carton\",\"nme\":\"Canola Oil box\",\"attr\":\"\",\"sku\":\"07576\",\"l2\":\"Huile et vinaigre\",\"sl\":\"huile-de-canola-carton-dubon-07576\",\"sn\":\"\",\"idxP\":95},{\"mq\":\"Belcolade\",\"nm\":\"Chocolat noir mi-amer 55% pistole\",\"nme\":\"Bittersweet Chocolate 55% Pistole\",\"attr\":\"\",\"sku\":\"06432\",\"l2\":\"Ingr\u00E9dient de p\u00E2tisserie\",\"sl\":\"chocolat-noir-mi-amer-55-pistole-belcolade-06432\",\"sn\":\"\",\"idxP\":17},{\"mq\":\"Ardent Mills\",\"nm\":\"Farine tout usage Baker's Hand select\",\"nme\":\"All purpose flour Baker's Hand select\",\"attr\":\"\",\"sku\":\"13217\",\"l2\":\"Farine, semoule et chapelure\",\"sl\":\"farine-tout-usage-bakers-hand-select-ardent-mills-13217\",\"sn\":\"\",\"idxP\":89},{\"mq\":\"Belcolade\",\"nm\":\"Chocolat noir extra 70.5% pistole\",\"nme\":\"Extra Black Pistol Chocolate 70.5%\",\"attr\":\"\",\"sku\":\"14201\",\"l2\":\"Ingr\u00E9dient de p\u00E2tisserie\",\"sl\":\"chocolat-noir-extra-70.5-pistole-belcolade-14201\",\"sn\":\"croustille\",\"idxP\":27},{\"mq\":\"Good Morning\",\"nm\":\"Confiture de fraises en portion\",\"nme\":\"Strawberry Jam Portion\",\"attr\":\"\",\"sku\":\"20597\",\"l2\":\"Confiture et tartinade\",\"sl\":\"confiture-de-fraises-en-portion-good-morning-20597\",\"sn\":\"fraises\",\"idxP\":49},{\"mq\":\"Ardent Mills\",\"nm\":\"Farine tout usage Baker's Hand\",\"nme\":\"All purpose flour Baker's hand\",\"attr\":\"\",\"sku\":\"17183\",\"l2\":\"Farine, semoule et chapelure\",\"sl\":\"farine-tout-usage-bakers-hand-ardent-mills-17183\",\"sn\":\"\",\"idxP\":95},{\"mq\":\"San Marzano\",\"nm\":\"Tomates enti\u00E8res pel\u00E9es avec basilic\",\"nme\":\"Whole Peeled Tomatoes with basil\",\"attr\":\"\",\"sku\":\"21840\",\"l2\":\"Tomate en conserve\",\"sl\":\"tomates-entieres-pelees-avec-basilic-san-marzano-21840\",\"sn\":\"tomates\",\"idxP\":100},{\"mq\":\"Grisspasta\",\"nm\":\"P\u00E2te macaroni\",\"nme\":\"Macaroni Pasta\",\"attr\":\"Produit local\",\"sku\":\"26618\",\"l2\":\"P\u00E2tes\",\"sl\":\"pate-macaroni-grisspasta-26618\",\"sn\":\"\",\"idxP\":100},{\"mq\":\"San Marzano\",\"nm\":\"Coulis de tomate\",\"nme\":\"Strained Tomatoes\",\"attr\":\"\",\"sku\":\"37172\",\"l2\":\"Tomate en conserve\",\"sl\":\"coulis-de-tomate-san-marzano-37172\",\"sn\":\"tomates\",\"idxP\":100},{\"mq\":\"Sunbec\",\"nm\":\"Sucre blanc en sachets\",\"nme\":\"White Sugar Single Serve\",\"attr\":\"\",\"sku\":\"38506\",\"l2\":\"Sucre\",\"sl\":\"sucre-blanc-en-sachets-sunbec-38506\",\"sn\":\"\",\"idxP\":75},{\"mq\":\"Pastene\",\"nm\":\"Vinaigre de vin\",\"nme\":\"Wine Vinegar\",\"attr\":\"\",\"sku\":\"39317\",\"l2\":\"Huile et vinaigre\",\"sl\":\"vinaigre-de-vin-pastene-39317\",\"sn\":\"\",\"idxP\":100},{\"mq\":\"Pastene\",\"nm\":\"Chapelure italienne\",\"nme\":\"Italian Breadcrumbs\",\"attr\":\"\",\"sku\":\"39160\",\"l2\":\"Farine, semoule et chapelure\",\"sl\":\"chapelure-italienne-pastene-39160\",\"sn\":\"\",\"idxP\":88},{\"mq\":\"Par Excellence\",\"nm\":\"Riz \u00E9tuve naturel \u00E0 grains longs\",\"nme\":\"Parboiled Rice Natural Long Grain\",\"attr\":\"\",\"sku\":\"42962\",\"l2\":\"Riz et grain\",\"sl\":\"riz-etuve-naturel-a-grains-longs-par-excellence-42962\",\"sn\":\"\",\"idxP\":100},{\"mq\":\"Grisspasta\",\"nm\":\"Pate lasagne 10\\\"\",\"nme\":\"Lasagna Pasta 10\\\"\",\"attr\":\"Produit local\",\"sku\":\"35384\",\"l2\":\"P\u00E2tes\",\"sl\":\"pate-lasagne-10-grisspasta-35384\",\"sn\":\"\",\"idxP\":42},{\"mq\":\"Pastene\",\"nm\":\"Tomates en d\u00E9s\",\"nme\":\"Diced Tomatoes\",\"attr\":\"\",\"sku\":\"38360\",\"l2\":\"Tomate en conserve\",\"sl\":\"tomates-en-des-pastene-38360\",\"sn\":\"tomates\",\"idxP\":100},{\"mq\":\"Ardent Mills\",\"nm\":\"Farine \u00E0 pain fermentation rapide Rapido\",\"nme\":\"No time dough flour Rapido\",\"attr\":\"\",\"sku\":\"29703\",\"l2\":\"Farine, semoule et chapelure\",\"sl\":\"farine-a-pain-fermentation-rapide-rapido-ardent-mills-29703\",\"sn\":\"\",\"idxP\":47},{\"mq\":\"Sunbec\",\"nm\":\"Sucre brut\",\"nme\":\"Raw Sugar\",\"attr\":\"\",\"sku\":\"43824\",\"l2\":\"Sucre\",\"sl\":\"sucre-brut-sunbec-43824\",\"sn\":\"\",\"idxP\":47},{\"mq\":\"Agrofusion\",\"nm\":\"Haricots romano\",\"nme\":\"Romano Beans\",\"attr\":\"\",\"sku\":\"18469\",\"l2\":\"Riz et grain\",\"sl\":\"haricots-romano-agrofusion-18469\",\"sn\":\"\",\"idxP\":62},{\"mq\":\"Pringles\",\"nm\":\"Croustilles r\u00E9guli\u00E8res\",\"nme\":\"Regular Chips\",\"attr\":\"\",\"sku\":\"18370\",\"l2\":\"Croustille et grignotine\",\"sl\":\"croustilles-regulieres-pringles-18370\",\"sn\":\"croustille\",\"idxP\":22},{\"mq\":\"Loacker\",\"nm\":\"Gaufrettes cr\u00E8me noisette Quadratini\",\"nme\":\"Hazelnut Cream Wafer Quadratini\",\"attr\":\"\",\"sku\":\"00454\",\"l2\":\"Biscuit et craquelin\",\"sl\":\"gaufrettes-creme-noisette-quadratini-loacker-00454\",\"sn\":\"\",\"idxP\":24},{\"mq\":\"Balocco\",\"nm\":\"Biscuit novellini\",\"nme\":\"Novellini Cookie\",\"attr\":\"\",\"sku\":\"00519\",\"l2\":\"Biscuit et craquelin\",\"sl\":\"biscuit-novellini-balocco-00519\",\"sn\":\"\",\"idxP\":39},{\"mq\":\"Gadeshi\",\"nm\":\"Biscuits amaretti\",\"nme\":\"Amaretti Cookies\",\"attr\":\"\",\"sku\":\"07893\",\"l2\":\"Biscuit et craquelin\",\"sl\":\"biscuits-amaretti-gadeshi-07893\",\"sn\":\"\",\"idxP\":24},{\"mq\":\"Cibona\",\"nm\":\"C\u00E2pres marin\u00E9es\",\"nme\":\"Capucine Caper\",\"attr\":\"\",\"sku\":\"09654\",\"l2\":\"Marinade\",\"sl\":\"capres-marinees-cibona-09654\",\"sn\":\"\",\"idxP\":87},{\"mq\":\"Loacker\",\"nm\":\"Gaufrette espresso Quadratini\",\"nme\":\"Espresso Wafer Quadratini\",\"attr\":\"\",\"sku\":\"10868\",\"l2\":\"Biscuit et craquelin\",\"sl\":\"gaufrette-espresso-quadratini-loacker-10868\",\"sn\":\"\",\"idxP\":15},{\"mq\":\"Loacker\",\"nm\":\"Gaufrette cappucino Quadratini\",\"nme\":\"Cappucino Wafer  Quadratini\",\"attr\":\"\",\"sku\":\"00452\",\"l2\":\"Biscuit et craquelin\",\"sl\":\"gaufrette-cappucino-quadratini-loacker-00452\",\"sn\":\"\",\"idxP\":17},{\"mq\":\"Ritz\",\"nm\":\"Craquelins originaux\",\"nme\":\"Original Crackers\",\"attr\":\"\",\"sku\":\"28300\",\"l2\":\"Biscuit et craquelin\",\"sl\":\"craquelins-originaux-ritz-28300\",\"sn\":\"\",\"idxP\":98},{\"mq\":\"Premium Plus\",\"nm\":\"Craquelins sal\u00E9s\",\"nme\":\"Salted Crackers\",\"attr\":\"\",\"sku\":\"01771\",\"l2\":\"Biscuit et craquelin\",\"sl\":\"craquelins-sales-premium-plus-01771\",\"sn\":\"\",\"idxP\":53},{\"mq\":\"Sweet'n Low\",\"nm\":\"Substitut de sucre rose en sachets\",\"nme\":\"Pink Sugar Substitute Single Serve\",\"attr\":\"\",\"sku\":\"30933\",\"l2\":\"Sucre\",\"sl\":\"substitut-de-sucre-rose-en-sachets-sweetn-low-30933\",\"sn\":\"\",\"idxP\":71},{\"mq\":\"Cibona\",\"nm\":\"Olive reine\",\"nme\":\"Queen Olives\",\"attr\":\"\",\"sku\":\"34092\",\"l2\":\"Marinade\",\"sl\":\"olive-reine-cibona-34092\",\"sn\":\"\",\"idxP\":41},{\"mq\":\"Loacker\",\"nm\":\"Gaufrettes au cacao\",\"nme\":\"Cocoa Wafer Cookies\",\"attr\":\"\",\"sku\":\"49748\",\"l2\":\"Biscuit et craquelin\",\"sl\":\"gaufrettes-au-cacao-loacker-49748\",\"sn\":\"\",\"idxP\":39},{\"mq\":\"Christie\",\"nm\":\"Biscuit th\u00E9 social\",\"nme\":\"Social Tea Cookies\",\"attr\":\"\",\"sku\":\"17829\",\"l2\":\"Biscuit et craquelin\",\"sl\":\"biscuit-the-social-christie-17829\",\"sn\":\"\",\"idxP\":27},{\"mq\":\"Sugartwin\",\"nm\":\"Substitut de sucre jaune en sachets\",\"nme\":\"Yellow Sugar Substitute Single Serve\",\"attr\":\"\",\"sku\":\"33391\",\"l2\":\"Sucre\",\"sl\":\"substitut-de-sucre-jaune-en-sachets-sugartwin-33391\",\"sn\":\"\",\"idxP\":100},{\"mq\":\"Crespo\",\"nm\":\"Cornichons surs\",\"nme\":\"Sour Pickle Gherkins\",\"attr\":\"\",\"sku\":\"37793\",\"l2\":\"Marinade\",\"sl\":\"cornichons-surs-crespo-37793\",\"sn\":\"\",\"idxP\":49},{\"mq\":\"Maseca\",\"nm\":\"Farine de ma\u00EFs masa instantan\u00E9e sans gluten\",\"nme\":\"Gluten Free Instant Corn Masa Flour\",\"attr\":\"Sans gluten\",\"sku\":\"12947\",\"l2\":\"Farine, semoule et chapelure\",\"sl\":\"farine-de-mais-masa-instantanee-sans-gluten-maseca-12947\",\"sn\":\"\",\"idxP\":100},{\"mq\":\"Levante\",\"nm\":\"Huile d'olive extra-vierge\",\"nme\":\"Extra Virgin Olive Oil\",\"attr\":\"\",\"sku\":\"26444\",\"l2\":\"Huile et vinaigre\",\"sl\":\"huile-dolive-extra-vierge-levante-26444\",\"sn\":\"\",\"idxP\":54},{\"mq\":\"Knorr\",\"nm\":\"Base de soupe poulet r\u00F4ti en p\u00E2te\",\"nme\":\"Roasted Chicken Paste Soup Base\",\"attr\":\"\",\"sku\":\"26335\",\"l2\":\"Soupe et bouillon\",\"sl\":\"base-de-soupe-poulet-roti-en-pate-knorr-26335\",\"sn\":\"\",\"idxP\":23},{\"mq\":\"Sun Med\",\"nm\":\"Cocktail aux fruits dans un sirop l\u00E9ger\",\"nme\":\"Fruit Cocktail\",\"attr\":\"\",\"sku\":\"12231\",\"l2\":\"Fruit en conserve\",\"sl\":\"cocktail-aux-fruits-dans-un-sirop-leger-sun-med-12231\",\"sn\":\"\",\"idxP\":74},{\"mq\":\"Vachon\",\"nm\":\"G\u00E2teaux May West\",\"nme\":\"May West Sponge Cakes\",\"attr\":\"\",\"sku\":\"30869\",\"l2\":\"Biscuit et craquelin\",\"sl\":\"gateaux-may-west-vachon-30869\",\"sn\":\"\",\"idxP\":42},{\"mq\":\"Vachon\",\"nm\":\"G\u00E2teaux Jos Louis\",\"nme\":\"Jos Louis Sponge Cakes\",\"attr\":\"\",\"sku\":\"30860\",\"l2\":\"Biscuit et craquelin\",\"sl\":\"gateaux-jos-louis-vachon-30860\",\"sn\":\"\",\"idxP\":38},{\"mq\":\"Vachon\",\"nm\":\"G\u00E2teau Ah Caramel\",\"nme\":\"Ah Caramel Sponge Cake\",\"attr\":\"\",\"sku\":\"30865\",\"l2\":\"Biscuit et craquelin\",\"sl\":\"gateau-ah-caramel-vachon-30865\",\"sn\":\"\",\"idxP\":41},{\"mq\":\"Heinz\",\"nm\":\"Ketchup en sac volpak\",\"nme\":\"Ketchup Volpak\",\"attr\":\"\",\"sku\":\"00401\",\"l2\":\"Condiment\",\"sl\":\"ketchup-en-sac-volpak-heinz-00401\",\"sn\":\"\",\"idxP\":19},{\"mq\":\"Unico\",\"nm\":\"Thon p\u00E2le entier\",\"nme\":\"Whole White Tuna\",\"attr\":\"\",\"sku\":\"01060\",\"l2\":\"Poisson et viande en conserve\",\"sl\":\"thon-pale-entier-unico-01060\",\"sn\":\"\",\"idxP\":96},{\"mq\":\"Rose Hill\",\"nm\":\"M\u00E9lange pour sauce poutine 18kg\",\"nme\":\"Poutine Sauce Mix\",\"attr\":\"Produit local\",\"sku\":\"00008\",\"l2\":\"Sauce\",\"sl\":\"melange-pour-sauce-poutine-18kg-rose-hill-00008\",\"sn\":\"\",\"idxP\":20},{\"mq\":\"Unico\",\"nm\":\"Thon p\u00E2le entier\",\"nme\":\"Solid Light Tuna\",\"attr\":\"\",\"sku\":\"01062\",\"l2\":\"Poisson et viande en conserve\",\"sl\":\"thon-pale-entier-unico-01062\",\"sn\":\"\",\"idxP\":100},{\"mq\":\"Barilla\",\"nm\":\"P\u00E2tes spaghetti #5\",\"nme\":\"Spaghetti Pasta #5\",\"attr\":\"\",\"sku\":\"02396\",\"l2\":\"P\u00E2tes\",\"sl\":\"pates-spaghetti-5-barilla-02396\",\"sn\":\"\",\"idxP\":80},{\"mq\":\"Heinz\",\"nm\":\"Vinaigre en portion\",\"nme\":\"Vinegar Portion\",\"attr\":\"\",\"sku\":\"00403\",\"l2\":\"Huile et vinaigre\",\"sl\":\"vinaigre-en-portion-heinz-00403\",\"sn\":\"\",\"idxP\":7},{\"mq\":\"Fleischmann\",\"nm\":\"Levure s\u00E8che active\",\"nme\":\"Active Dry Yeast\",\"attr\":\"\",\"sku\":\"01500\",\"l2\":\"Ingr\u00E9dient de p\u00E2tisserie\",\"sl\":\"levure-seche-active-fleischmann-01500\",\"sn\":\"\",\"idxP\":100},{\"mq\":\"Pastene\",\"nm\":\"Tomates broy\u00E9es avec addition de pur\u00E9e\",\"nme\":\"Ground Tomatoes with Added Puree\",\"attr\":\"\",\"sku\":\"00270\",\"l2\":\"Tomate en conserve\",\"sl\":\"tomates-broyees-avec-addition-de-puree-pastene-00270\",\"sn\":\"tomates\",\"idxP\":100},{\"mq\":\"Kraft\",\"nm\":\"Vinaigrettes Italiennes en portions\",\"nme\":\"Italian Salad Dressing Portions\",\"attr\":\"\",\"sku\":\"00901\",\"l2\":\"Vinaigrette et Cro\u00FBton\",\"sl\":\"vinaigrettes-italiennes-en-portions-kraft-00901\",\"sn\":\"\",\"idxP\":28},{\"mq\":\"Gattuso\",\"nm\":\"Sauce \u00E0 spaghetti\",\"nme\":\"Spaghetti Sauce\",\"attr\":\"\",\"sku\":\"04883\",\"l2\":\"Sauce\",\"sl\":\"sauce-a-spaghetti-gattuso-04883\",\"sn\":\"\",\"idxP\":98},{\"mq\":\"Valli\",\"nm\":\"Thon p\u00E2le entier dans l'huile v\u00E9g\u00E9tale\",\"nme\":\"Solid light Tuna in Vegetable Oil\",\"attr\":\"\",\"sku\":\"00253\",\"l2\":\"Poisson et viande en conserve\",\"sl\":\"thon-pale-entier-dans-lhuile-vegetale-valli-00253\",\"sn\":\"\",\"idxP\":82},{\"mq\":\"Barilla\",\"nm\":\"P\u00E2tes rigatoni #83\",\"nme\":\"Rigatoni #83 Pasta\",\"attr\":\"\",\"sku\":\"02398\",\"l2\":\"P\u00E2tes\",\"sl\":\"pates-rigatoni-83-barilla-02398\",\"sn\":\"\",\"idxP\":70},{\"mq\":\"Kraft\",\"nm\":\"Mayonnaise en portion sachet\",\"nme\":\"Mayonnaise Stick Pack Portion x210\",\"attr\":\"\",\"sku\":\"02788\",\"l2\":\"Condiment\",\"sl\":\"mayonnaise-en-portion-sachet-kraft-02788\",\"sn\":\"mayonnaise\",\"idxP\":57},{\"mq\":\"Grisspasta\",\"nm\":\"P\u00E2tes lasagnes au four\",\"nme\":\"Oven Lasagna Pasta\",\"attr\":\"Produit local\",\"sku\":\"06529\",\"l2\":\"P\u00E2tes\",\"sl\":\"pates-lasagnes-au-four-grisspasta-06529\",\"sn\":\"\",\"idxP\":22},{\"mq\":\"Gattuso\",\"nm\":\"Sauce \u00E0 pizza\",\"nme\":\"Pizza Sauce\",\"attr\":\"\",\"sku\":\"04882\",\"l2\":\"Sauce\",\"sl\":\"sauce-a-pizza-gattuso-04882\",\"sn\":\"\",\"idxP\":88},{\"mq\":\"Rio\",\"nm\":\"Cornet super #57\",\"nme\":\"Super ice cream cone #57\",\"attr\":\"\",\"sku\":\"16444\",\"l2\":\"Bar laitier\",\"sl\":\"cornet-super-57-rio-16444\",\"sn\":\"\",\"idxP\":72},{\"mq\":\"Grisspasta\",\"nm\":\"P\u00E2tes spaghettini\",\"nme\":\"Spaghettini Pasta\",\"attr\":\"Produit local\",\"sku\":\"28000\",\"l2\":\"P\u00E2tes\",\"sl\":\"pates-spaghettini-grisspasta-28000\",\"sn\":\"\",\"idxP\":11},{\"mq\":\"Aurora\",\"nm\":\"Riz superfino arborio\",\"nme\":\"Arborio Superfino Rice\",\"attr\":\"\",\"sku\":\"33936\",\"l2\":\"Riz et grain\",\"sl\":\"riz-superfino-arborio-aurora-33936\",\"sn\":\"\",\"idxP\":100},{\"mq\":\"Kraft\",\"nm\":\"Vinaigrette fran\u00E7aise en portions x200\",\"nme\":\"French Salad Dressing Portions\",\"attr\":\"\",\"sku\":\"00898\",\"l2\":\"Vinaigrette et Cro\u00FBton\",\"sl\":\"vinaigrette-francaise-en-portions-x200-kraft-00898\",\"sn\":\"\",\"idxP\":14},{\"mq\":\"Carvin\",\"nm\":\"Strudel aux pommes\",\"nme\":\"Apple Strudel\",\"attr\":\"\",\"sku\":\"14088\",\"l2\":\"Biscuit et craquelin\",\"sl\":\"strudel-aux-pommes-carvin-14088\",\"sn\":\"apples, pommes\",\"idxP\":47},{\"mq\":\"Dole\",\"nm\":\"Salade de fruits tropicaux dans du sirop l\u00E9ger\",\"nme\":\"Fruit Cocktail in Light Sirup\",\"attr\":\"\",\"sku\":\"34484\",\"l2\":\"Fruit en conserve\",\"sl\":\"salade-de-fruits-tropicaux-dans-du-sirop-leger-dole-34484\",\"sn\":\"\",\"idxP\":98},{\"mq\":\"Hostess\",\"nm\":\"Assortiment de croustilles\",\"nme\":\"Assorted Chips\",\"attr\":\"\",\"sku\":\"09287\",\"l2\":\"Croustille et grignotine\",\"sl\":\"assortiment-de-croustilles-hostess-09287\",\"sn\":\"croustille\",\"idxP\":45},{\"mq\":\"Agrofusion\",\"nm\":\"Haricots noirs\",\"nme\":\"Black Beans\",\"attr\":\"\",\"sku\":\"18468\",\"l2\":\"Riz et grain\",\"sl\":\"haricots-noirs-agrofusion-18468\",\"sn\":\"\",\"idxP\":71},{\"mq\":\"Rose Hill\",\"nm\":\"Feuilles basilic\",\"nme\":\"Basil Leaves\",\"attr\":\"Produit local\",\"sku\":\"38171\",\"l2\":\"\u00C9pice, sel et poivre\",\"sl\":\"feuilles-basilic-rose-hill-38171\",\"sn\":\"\",\"idxP\":22},{\"mq\":\"Nupak ou Dunya Harvest\",\"nm\":\"Pois chiche\",\"nme\":\"Chick Pea\",\"attr\":\"\",\"sku\":\"02337\",\"l2\":\"Riz et grain\",\"sl\":\"pois-chiche-nupak-ou-dunya-harvest-02337\",\"sn\":\"\",\"idxP\":44},{\"mq\":\"Heinz\",\"nm\":\"Ketchup en portion\",\"nme\":\"Ketchup Portion\",\"attr\":\"\",\"sku\":\"32203\",\"l2\":\"Condiment\",\"sl\":\"ketchup-en-portion-heinz-32203\",\"sn\":\"\",\"idxP\":20},{\"mq\":\"Aurora\",\"nm\":\"Thon p\u00E2le entier dans l'huile\",\"nme\":\"Solid Light Tuna in Oil\",\"attr\":\"\",\"sku\":\"03433\",\"l2\":\"Poisson et viande en conserve\",\"sl\":\"thon-pale-entier-dans-lhuile-aurora-03433\",\"sn\":\"\",\"idxP\":84},{\"mq\":\"Hellmann's\",\"nm\":\"Mayonnaise en portion\",\"nme\":\"Mayonnaise Portion\",\"attr\":\"\",\"sku\":\"32861\",\"l2\":\"Condiment\",\"sl\":\"mayonnaise-en-portion-hellmanns-32861\",\"sn\":\"mayonnaise\",\"idxP\":53},{\"mq\":\"Nupak ou Dunya Harvest\",\"nm\":\"Riz \u00E9tuv\u00E9 \u00E0 grain long\",\"nme\":\"Long Grain Parboiled Rice\",\"attr\":\"\",\"sku\":\"45734\",\"l2\":\"Riz et grain\",\"sl\":\"riz-etuve-a-grain-long-nupak-ou-dunya-harvest-45734\",\"sn\":\"\",\"idxP\":65},{\"mq\":\"Kraft\",\"nm\":\"Vinaigrette italienne piquante\",\"nme\":\"Spicy Italian Salad Dressing\",\"attr\":\"\",\"sku\":\"47276\",\"l2\":\"Vinaigrette et Cro\u00FBton\",\"sl\":\"vinaigrette-italienne-piquante-kraft-47276\",\"sn\":\"\",\"idxP\":24},{\"mq\":\"R.Fortin\",\"nm\":\"Cassonade dor\u00E9e\",\"nme\":\"Golden Yellow Sugar\",\"attr\":\"\",\"sku\":\"48356\",\"l2\":\"Sucre\",\"sl\":\"cassonade-doree-r.fortin-48356\",\"sn\":\"\",\"idxP\":88},{\"mq\":\"Kind\",\"nm\":\"Barres aux amandes sel de mer et chocolat noir\",\"nme\":\"Almond Sea Salt and Dark Chocolate Bars\",\"attr\":\"\",\"sku\":\"00811\",\"l2\":\"C\u00E9r\u00E9ales et barre\",\"sl\":\"barres-aux-amandes-sel-de-mer-et-chocolat-noir-kind-00811\",\"sn\":\"amandes\",\"idxP\":14},{\"mq\":\"Grisspasta\",\"nm\":\"P\u00E2tes lasagnes 20\\\"\",\"nme\":\"Lasagna Pasta 20\\\"\",\"attr\":\"Produit local\",\"sku\":\"31185\",\"l2\":\"P\u00E2tes\",\"sl\":\"pates-lasagnes-20-grisspasta-31185\",\"sn\":\"\",\"idxP\":28},{\"mq\":\"Berthelet\",\"nm\":\"M\u00E9lange pour sauce \u00E0 poutine\",\"nme\":\"Poutine Sauce Mix\",\"attr\":\"Produit local\",\"sku\":\"35866\",\"l2\":\"Sauce\",\"sl\":\"melange-pour-sauce-a-poutine-berthelet-35866\",\"sn\":\"\",\"idxP\":7},{\"mq\":\"Kraft\",\"nm\":\"Vinaigrette C\u00E9sar cr\u00E9meuse\",\"nme\":\"Creamy Caesar Salad Dressing\",\"attr\":\"\",\"sku\":\"47283\",\"l2\":\"Vinaigrette et Cro\u00FBton\",\"sl\":\"vinaigrette-cesar-cremeuse-kraft-47283\",\"sn\":\"\",\"idxP\":44},{\"mq\":\"Kraft\",\"nm\":\"Sauce tartare en portion\",\"nme\":\"Tartare Sauce Portion\",\"attr\":\"\",\"sku\":\"00907\",\"l2\":\"Condiment\",\"sl\":\"sauce-tartare-en-portion-kraft-00907\",\"sn\":\"\",\"idxP\":12},{\"mq\":\"Agrofusion\",\"nm\":\"Lentilles vertes laird\",\"nme\":\"Green Laird Lentils\",\"attr\":\"\",\"sku\":\"18466\",\"l2\":\"Riz et grain\",\"sl\":\"lentilles-vertes-laird-agrofusion-18466\",\"sn\":\"\",\"idxP\":52},{\"mq\":\"Agrofusion\",\"nm\":\"Haricot rose\",\"nme\":\"Pink Bean\",\"attr\":\"\",\"sku\":\"14630\",\"l2\":\"Riz et grain\",\"sl\":\"haricot-rose-agrofusion-14630\",\"sn\":\"\",\"idxP\":47},{\"mq\":\"Cibona\",\"nm\":\"Vinaigrette italienne dor\u00E9e\",\"nme\":\"Golden Italian Dressing\",\"attr\":\"\",\"sku\":\"34099\",\"l2\":\"Vinaigrette et Cro\u00FBton\",\"sl\":\"vinaigrette-italienne-doree-cibona-34099\",\"sn\":\"\",\"idxP\":34},{\"mq\":\"Kraft\",\"nm\":\"Vinaigrette salade de chou\",\"nme\":\"Coleslaw Salad Dressing\",\"attr\":\"\",\"sku\":\"47289\",\"l2\":\"Vinaigrette et Cro\u00FBton\",\"sl\":\"vinaigrette-salade-de-chou-kraft-47289\",\"sn\":\"\",\"idxP\":40},{\"mq\":\"Kraft\",\"nm\":\"Vinaigrette italienne\",\"nme\":\"Italian Salad Dressing\",\"attr\":\"\",\"sku\":\"47354\",\"l2\":\"Vinaigrette et Cro\u00FBton\",\"sl\":\"vinaigrette-italienne-kraft-47354\",\"sn\":\"\",\"idxP\":29},{\"mq\":\"Berthelet\",\"nm\":\"Pouding \u00E0 cuisson au chocolat\",\"nme\":\"Cooked Chocolate Pudding Mix\",\"attr\":\"Produit local\",\"sku\":\"05917\",\"l2\":\"Fruit en conserve\",\"sl\":\"pouding-a-cuisson-au-chocolat-berthelet-05917\",\"sn\":\"\",\"idxP\":15},{\"mq\":\"Pastene\",\"nm\":\"Tomates pel\u00E9es italiennes avec basilic\",\"nme\":\"Peeled Italian Tomatoes with Basil\",\"attr\":\"\",\"sku\":\"00269\",\"l2\":\"Tomate en conserve\",\"sl\":\"tomates-pelees-italiennes-avec-basilic-pastene-00269\",\"sn\":\"tomates\",\"idxP\":98},{\"mq\":\"Bakers Five Roses\",\"nm\":\"Farine blanche tout usage\",\"nme\":\"White All Purpose Flour\",\"attr\":\"Produit local\",\"sku\":\"01640\",\"l2\":\"Farine, semoule et chapelure\",\"sl\":\"farine-blanche-tout-usage-bakers-five-roses-01640\",\"sn\":\"\",\"idxP\":68},{\"mq\":\"Mr Noodle\",\"nm\":\"Nouilles instantan\u00E9es poulet\",\"nme\":\"Chicken Instant Noodles\",\"attr\":\"\",\"sku\":\"11536\",\"l2\":\"Soupe et bouillon\",\"sl\":\"nouilles-instantanees-poulet-mr-noodle-11536\",\"sn\":\"\",\"idxP\":100},{\"mq\":\"Agrofusion\",\"nm\":\"Lentilles vertes\",\"nme\":\"Green Lentils\",\"attr\":\"\",\"sku\":\"18465\",\"l2\":\"Riz et grain\",\"sl\":\"lentilles-vertes-agrofusion-18465\",\"sn\":\"\",\"idxP\":55},{\"mq\":\"Kraft\",\"nm\":\"Vinaigrette fran\u00E7aise\",\"nme\":\"French Salad Dressing\",\"attr\":\"\",\"sku\":\"47278\",\"l2\":\"Vinaigrette et Cro\u00FBton\",\"sl\":\"vinaigrette-francaise-kraft-47278\",\"sn\":\"\",\"idxP\":27},{\"mq\":\"French's\",\"nm\":\"Moutarde pr\u00E9par\u00E9e jaune classique\",\"nme\":\"Mustard Prepared\",\"attr\":\"\",\"sku\":\"06502\",\"l2\":\"Condiment\",\"sl\":\"moutarde-preparee-jaune-classique-frenchs-06502\",\"sn\":\"\",\"idxP\":39},{\"mq\":\"Grisspasta\",\"nm\":\"P\u00E2tes rigatoni\",\"nme\":\"Rigatoni Pasta\",\"attr\":\"Produit local\",\"sku\":\"20931\",\"l2\":\"P\u00E2tes\",\"sl\":\"pates-rigatoni-grisspasta-20931\",\"sn\":\"\",\"idxP\":83},{\"mq\":\"Pastene\",\"nm\":\"Chapelure assaisonn\u00E9e \u00E0 l'italienne\",\"nme\":\"Bread Crumbs With Italian Flavoured\",\"attr\":\"\",\"sku\":\"00266\",\"l2\":\"Farine, semoule et chapelure\",\"sl\":\"chapelure-assaisonnee-a-litalienne-pastene-00266\",\"sn\":\"\",\"idxP\":66},{\"mq\":\"La Perla\",\"nm\":\"Huile de canola\",\"nme\":\"Canola Oil\",\"attr\":\"\",\"sku\":\"32668\",\"l2\":\"Huile et vinaigre\",\"sl\":\"huile-de-canola-la-perla-32668\",\"sn\":\"\",\"idxP\":72},{\"mq\":\"Grisspasta\",\"nm\":\"P\u00E2tes acine di pepe\",\"nme\":\"Acine Di Pepe Pasta\",\"attr\":\"Produit local\",\"sku\":\"20933\",\"l2\":\"P\u00E2tes\",\"sl\":\"pates-acine-di-pepe-grisspasta-20933\",\"sn\":\"\",\"idxP\":61},{\"mq\":\"Heinz\",\"nm\":\"Ketchup\",\"nme\":\"Ketchup Big Red Bottle\",\"attr\":\"\",\"sku\":\"24973\",\"l2\":\"Condiment\",\"sl\":\"ketchup-heinz-24973\",\"sn\":\"\",\"idxP\":100},{\"mq\":\"Clover Leaf\",\"nm\":\"Thon p\u00E2le en morceaux dans l'eau\",\"nme\":\"Chunk Light Tuna In Water\",\"attr\":\"\",\"sku\":\"43488\",\"l2\":\"Poisson et viande en conserve\",\"sl\":\"thon-pale-en-morceaux-dans-leau-clover-leaf-43488\",\"sn\":\"\",\"idxP\":100},{\"mq\":\"De Cecco\",\"nm\":\"P\u00E2tes Fettucini no.233\",\"nme\":\"Fettucini No. 233 Pasta\",\"attr\":\"\",\"sku\":\"38867\",\"l2\":\"P\u00E2tes\",\"sl\":\"pates-fettucini-no.233-de-cecco-38867\",\"sn\":\"\",\"idxP\":82},{\"mq\":\"Lays\",\"nm\":\"Croustilles natures\",\"nme\":\"Plain Chips\",\"attr\":\"\",\"sku\":\"49499\",\"l2\":\"Croustille et grignotine\",\"sl\":\"croustilles-natures-lays-49499\",\"sn\":\"croustille\",\"idxP\":91},{\"mq\":\"McLean\",\"nm\":\"Base cerise pour barbotine RTU 5+1\",\"nme\":\"Cherry Slush Base\",\"attr\":\"\",\"sku\":\"47841\",\"l2\":\"Bar laitier\",\"sl\":\"base-cerise-pour-barbotine-rtu-51-mclean-47841\",\"sn\":\"slush\",\"idxP\":39},{\"mq\":\"Miracle Whip\",\"nm\":\"Sauce \u00E0 salade en portion\",\"nme\":\"Salad Dressing Portion\",\"attr\":\"\",\"sku\":\"00896\",\"l2\":\"Condiment\",\"sl\":\"sauce-a-salade-en-portion-miracle-whip-00896\",\"sn\":\"\",\"idxP\":2},{\"mq\":\"Pastene\",\"nm\":\"Olive noire tranch\u00E9e\",\"nme\":\"Sliced Black Olive\",\"attr\":\"\",\"sku\":\"15986\",\"l2\":\"Marinade\",\"sl\":\"olive-noire-tranchee-pastene-15986\",\"sn\":\"\",\"idxP\":99},{\"mq\":\"Nappe Blanche\",\"nm\":\"M\u00E9lange pour sauce demi-glace\",\"nme\":\"Demi-Glace Sauce Mix\",\"attr\":\"\",\"sku\":\"00685\",\"l2\":\"Sauce\",\"sl\":\"melange-pour-sauce-demi-glace-nappe-blanche-00685\",\"sn\":\"\",\"idxP\":7},{\"mq\":\"Kraft\",\"nm\":\"Vinaigrette Catalina\",\"nme\":\"Catalina Salad Dressing\",\"attr\":\"\",\"sku\":\"47285\",\"l2\":\"Vinaigrette et Cro\u00FBton\",\"sl\":\"vinaigrette-catalina-kraft-47285\",\"sn\":\"\",\"idxP\":22},{\"mq\":\"Sunbec\",\"nm\":\"Sel en portion x1000\",\"nme\":\"Portion salt\",\"attr\":\"\",\"sku\":\"47900\",\"l2\":\"\u00C9pice, sel et poivre\",\"sl\":\"sel-en-portion-x1000-sunbec-47900\",\"sn\":\"\",\"idxP\":53},{\"mq\":\"Heinz\",\"nm\":\"P\u00E2te de tomates\",\"nme\":\"Tomato Paste\",\"attr\":\"\",\"sku\":\"00406\",\"l2\":\"Tomate en conserve\",\"sl\":\"pate-de-tomates-heinz-00406\",\"sn\":\"tomates\",\"idxP\":94},{\"mq\":\"Aurora\",\"nm\":\"P\u00E2tes aux oeufs tagliatelle\",\"nme\":\"Tagliatelle Egg Pasta\",\"attr\":\"\",\"sku\":\"16331\",\"l2\":\"P\u00E2tes\",\"sl\":\"pates-aux-oeufs-tagliatelle-aurora-16331\",\"sn\":\"oeufs\",\"idxP\":94},{\"mq\":\"Cibona\",\"nm\":\"Vinaigrette C\u00E9sar\",\"nme\":\"Caesar Salad Dressing\",\"attr\":\"\",\"sku\":\"34093\",\"l2\":\"Vinaigrette et Cro\u00FBton\",\"sl\":\"vinaigrette-cesar-cibona-34093\",\"sn\":\"\",\"idxP\":26}], [{\"mq\":\"Supreme\",\"nm\":\"Cornichons aneth tranch\u00E9s sandwich\",\"nme\":\"Sandwich sliced ??dill pickles\",\"attr\":\"\",\"sku\":\"35412\",\"l2\":\"Marinade\",\"sl\":\"cornichons-aneth-tranches-sandwich-supreme-35412\",\"sn\":\"\",\"idxP\":61},{\"mq\":\"Kraft\",\"nm\":\"Vinaigrette C\u00E9sar cr\u00E9meuse en portions\",\"nme\":\"Creamy Caesar Salad Dressing Portions\",\"attr\":\"\",\"sku\":\"34591\",\"l2\":\"Vinaigrette et Cro\u00FBton\",\"sl\":\"vinaigrette-cesar-cremeuse-en-portions-kraft-34591\",\"sn\":\"\",\"idxP\":17},{\"mq\":\"Heinz\",\"nm\":\"Moutarde en portion\",\"nme\":\"Mustard Portion x500\",\"attr\":\"\",\"sku\":\"25229\",\"l2\":\"Condiment\",\"sl\":\"moutarde-en-portion-heinz-25229\",\"sn\":\"\",\"idxP\":57},{\"mq\":\"La Perla\",\"nm\":\"Huile canola\",\"nme\":\"Canola Oil\",\"attr\":\"\",\"sku\":\"35600\",\"l2\":\"Huile et vinaigre\",\"sl\":\"huile-canola-la-perla-35600\",\"sn\":\"\",\"idxP\":100},{\"mq\":\"Elephant\",\"nm\":\"Riz basmati indien pur\",\"nme\":\"Pure Indian Basmati Rice\",\"attr\":\"\",\"sku\":\"49956\",\"l2\":\"Riz et grain\",\"sl\":\"riz-basmati-indien-pur-elephant-49956\",\"sn\":\"\",\"idxP\":68},{\"mq\":\"Crisco\",\"nm\":\"Shortening v\u00E9g\u00E9tal\",\"nme\":\"Shortening\",\"attr\":\"\",\"sku\":\"00981\",\"l2\":\"Ingr\u00E9dient de p\u00E2tisserie\",\"sl\":\"shortening-vegetal-crisco-00981\",\"sn\":\"\",\"idxP\":86},{\"mq\":\"Lea and Perrins\",\"nm\":\"Sauce Worcestershire\",\"nme\":\"Worcestershire Sauce\",\"attr\":\"\",\"sku\":\"03066\",\"l2\":\"Condiment\",\"sl\":\"sauce-worcestershire-lea-and-perrins-03066\",\"sn\":\"\",\"idxP\":97},{\"mq\":\"Berthelet\",\"nm\":\"Pouding instantan\u00E9 noix de coco\",\"nme\":\"Coconut Instant Pudding\",\"attr\":\"Produit local\",\"sku\":\"05913\",\"l2\":\"Fruit en conserve\",\"sl\":\"pouding-instantane-noix-de-coco-berthelet-05913\",\"sn\":\"\",\"idxP\":15},{\"mq\":\"Nutella\",\"nm\":\"Tartinade chocolat noisette\",\"nme\":\"Chocolate and Hazelnut Spread\",\"attr\":\"\",\"sku\":\"30370\",\"l2\":\"Confiture et tartinade\",\"sl\":\"tartinade-chocolat-noisette-nutella-30370\",\"sn\":\"\",\"idxP\":100},{\"mq\":\"Uncle Ben's\",\"nm\":\"Riz naturel \u00E0 longs grains\",\"nme\":\"Long Grain Natural Rice\",\"attr\":\"\",\"sku\":\"02099\",\"l2\":\"Riz et grain\",\"sl\":\"riz-naturel-a-longs-grains-uncle-bens-02099\",\"sn\":\"\",\"idxP\":52},{\"mq\":\"La Costena\",\"nm\":\"Chipotles sauce adobo\",\"nme\":\"Chipotles Peppers in Adobo Sauce\",\"attr\":\"\",\"sku\":\"12672\",\"l2\":\"Marinade\",\"sl\":\"chipotles-sauce-adobo-la-costena-12672\",\"sn\":\"\",\"idxP\":54},{\"mq\":\"Kraft\",\"nm\":\"Sauce barbecue poulet et c\u00F4tes lev\u00E9es\",\"nme\":\"Chicken and Ribs BBQ Sauce\",\"attr\":\"\",\"sku\":\"47288\",\"l2\":\"Condiment\",\"sl\":\"sauce-barbecue-poulet-et-cotes-levees-kraft-47288\",\"sn\":\"BBQ\",\"idxP\":41},{\"mq\":\"Berthelet\",\"nm\":\"Pouding instantan\u00E9 moka suisse\",\"nme\":\"Swiss Mocha Instant Pudding\",\"attr\":\"Produit local\",\"sku\":\"05908\",\"l2\":\"Fruit en conserve\",\"sl\":\"pouding-instantane-moka-suisse-berthelet-05908\",\"sn\":\"\",\"idxP\":15},{\"mq\":\"Dora\",\"nm\":\"Coulis au chocolat\",\"nme\":\"Chocolate Coulis\",\"attr\":\"Produit local\",\"sku\":\"17089\",\"l2\":\"Bar laitier\",\"sl\":\"coulis-au-chocolat-dora-17089\",\"sn\":\"\",\"idxP\":64},{\"mq\":\"Kraft\",\"nm\":\"Sauce barbecue originale\",\"nme\":\"Original BBQ Sauce\",\"attr\":\"\",\"sku\":\"47287\",\"l2\":\"Condiment\",\"sl\":\"sauce-barbecue-originale-kraft-47287\",\"sn\":\"BBQ\",\"idxP\":25},{\"mq\":\"Clif\",\"nm\":\"Barres fudge chocolat amande\",\"nme\":\"Chocolate Almond Fudge Bars\",\"attr\":\"\",\"sku\":\"13303\",\"l2\":\"C\u00E9r\u00E9ales et barre\",\"sl\":\"barres-fudge-chocolat-amande-clif-13303\",\"sn\":\"amandes\",\"idxP\":59},{\"mq\":\"Robin Hood\",\"nm\":\"Farine tout usage\",\"nme\":\"All Purpose Flour\",\"attr\":\"\",\"sku\":\"02823\",\"l2\":\"Farine, semoule et chapelure\",\"sl\":\"farine-tout-usage-robin-hood-02823\",\"sn\":\"\",\"idxP\":63},{\"mq\":\"Brodie XXX\",\"nm\":\"Farine pr\u00E9par\u00E9e pour g\u00E2teaux et p\u00E2tisseries 2,5 kg\",\"nme\":\"Self-raising Cake and Pastry Flour\",\"attr\":\"\",\"sku\":\"02831\",\"l2\":\"Farine, semoule et chapelure\",\"sl\":\"farine-preparee-pour-gateaux-et-patisseries-25-kg-brodie-xxx-02831\",\"sn\":\"raisins\",\"idxP\":87},{\"mq\":\"Mr Noodle\",\"nm\":\"Nouilles instantan\u00E9es poulet \u00E9pic\u00E9\",\"nme\":\"Spicy Chicken Instant Noodles\",\"attr\":\"\",\"sku\":\"08566\",\"l2\":\"Soupe et bouillon\",\"sl\":\"nouilles-instantanees-poulet-epice-mr-noodle-08566\",\"sn\":\"\",\"idxP\":77},{\"mq\":\"Clif\",\"nm\":\"Barres gruau raisin noix de Grenoble\",\"nme\":\"Oatmeal Raisin Walnut Bars\",\"attr\":\"\",\"sku\":\"13298\",\"l2\":\"C\u00E9r\u00E9ales et barre\",\"sl\":\"barres-gruau-raisin-noix-de-grenoble-clif-13298\",\"sn\":\"raisins\",\"idxP\":48},{\"mq\":\"Dunya Harvest\",\"nm\":\"Sel de mer\",\"nme\":\"Sea Salt\",\"attr\":\"\",\"sku\":\"23649\",\"l2\":\"\u00C9pice, sel et poivre\",\"sl\":\"sel-de-mer-nupak-ou-dunya-harvest-23649\",\"sn\":\"\",\"idxP\":46},{\"mq\":\"Nutrivrac\",\"nm\":\"Bonbon menthe glaciale\",\"nme\":\"Winterfresh Mint Candy\",\"attr\":\"\",\"sku\":\"24463\",\"l2\":\"Confiserie\",\"sl\":\"bonbon-menthe-glaciale-nutrivrac-24463\",\"sn\":\"\",\"idxP\":34},{\"mq\":\"French's\",\"nm\":\"Ketchup en bouteille renvers\u00E9e\",\"nme\":\"TableTop Ketchup\",\"attr\":\"\",\"sku\":\"24896\",\"l2\":\"Condiment\",\"sl\":\"ketchup-en-bouteille-renversee-frenchs-24896\",\"sn\":\"\",\"idxP\":99},{\"mq\":\"Rose Hill\",\"nm\":\"Ail granul\u00E9\",\"nme\":\"Granulated Garlic\",\"attr\":\"Produit local\",\"sku\":\"38168\",\"l2\":\"\u00C9pice, sel et poivre\",\"sl\":\"ail-granule-rose-hill-38168\",\"sn\":\"\",\"idxP\":32},{\"mq\":\"Kalas\",\"nm\":\"Sel de mer iod\u00E9\",\"nme\":\"Iodized Sea Salt\",\"attr\":\"\",\"sku\":\"46214\",\"l2\":\"\u00C9pice, sel et poivre\",\"sl\":\"sel-de-mer-iode-kalas-46214\",\"sn\":\"\",\"idxP\":81},{\"mq\":\"Livia\",\"nm\":\"Aubergine piquante marin\u00E9e\",\"nme\":\"Hot Marinated Eggplant\",\"attr\":\"\",\"sku\":\"48434\",\"l2\":\"Marinade\",\"sl\":\"aubergine-piquante-marinee-livia-48434\",\"sn\":\"aubergines\",\"idxP\":42},{\"mq\":\"Antica Bont\u00E0\",\"nm\":\"Vinaigre balsamique de Modena\",\"nme\":\"Balsamic Vinegar of Modena\",\"attr\":\"\",\"sku\":\"14813\",\"l2\":\"Huile et vinaigre\",\"sl\":\"vinaigre-balsamique-de-modena-antica-bonta-14813\",\"sn\":\"\",\"idxP\":26},{\"mq\":\"ADM\",\"nm\":\"Farine Harvest Queen sans ADA\",\"nme\":\"Harvest Queen no ADA flour\",\"attr\":\"\",\"sku\":\"25047\",\"l2\":\"Farine, semoule et chapelure\",\"sl\":\"farine-harvest-queen-sans-ada-adm-25047\",\"sn\":\"\",\"idxP\":68},{\"mq\":\"Rio Mare\",\"nm\":\"Salade de ma\u00EFs et thon p\u00E2le\",\"nme\":\"Corn and Light Tuna Salad\",\"attr\":\"\",\"sku\":\"46681\",\"l2\":\"Poisson et viande en conserve\",\"sl\":\"salade-de-mais-et-thon-pale-rio-mare-46681\",\"sn\":\"\",\"idxP\":65},{\"mq\":\"Parador\",\"nm\":\"Bouillon concentr\u00E9 de poulet\",\"nme\":\"Chicken Broth Concentrate\",\"attr\":\"Produit local\",\"sku\":\"23955\",\"l2\":\"Soupe et bouillon\",\"sl\":\"bouillon-concentre-de-poulet-parador-23955\",\"sn\":\"\",\"idxP\":75},{\"mq\":\"Hunt's\",\"nm\":\"Sauce tomate\",\"nme\":\"Tomato Sauce\",\"attr\":\"\",\"sku\":\"25088\",\"l2\":\"Tomate en conserve\",\"sl\":\"sauce-tomate-hunts-25088\",\"sn\":\"tomates\",\"idxP\":52},{\"mq\":\"Aurora\",\"nm\":\"P\u00E2tes aux oeufs pappardelle\",\"nme\":\"Pappardelle Egg Pasta\",\"attr\":\"\",\"sku\":\"16330\",\"l2\":\"P\u00E2tes\",\"sl\":\"pates-aux-oeufs-pappardelle-aurora-16330\",\"sn\":\"oeufs\",\"idxP\":99},{\"mq\":\"Embassy\",\"nm\":\"Extrait d'\u00E9rable naturel et artificiel\",\"nme\":\"Natural and Artificial Maple Extract\",\"attr\":\"\",\"sku\":\"28121\",\"l2\":\"Ingr\u00E9dient de p\u00E2tisserie\",\"sl\":\"extrait-derable-naturel-et-artificiel-embassy-28121\",\"sn\":\"\",\"idxP\":19},{\"mq\":\"Berthelet\",\"nm\":\"Poudre pour gel\u00E9e \u00E0 la p\u00EAche\",\"nme\":\"Peach Powder Jelly\",\"attr\":\"Produit local\",\"sku\":\"05922\",\"l2\":\"Fruit en conserve\",\"sl\":\"poudre-pour-gelee-a-la-peche-berthelet-05922\",\"sn\":\"\",\"idxP\":15},{\"mq\":\"Sunbec\",\"nm\":\"Sel de table\",\"nme\":\"Table Salt\",\"attr\":\"\",\"sku\":\"38504\",\"l2\":\"\u00C9pice, sel et poivre\",\"sl\":\"sel-de-table-sunbec-38504\",\"sn\":\"\",\"idxP\":96},{\"mq\":\"Diana\",\"nm\":\"Artichauts en quartier marin\u00E9s\",\"nme\":\"Marinated Quartered Artichokes\",\"attr\":\"\",\"sku\":\"47566\",\"l2\":\"Marinade\",\"sl\":\"artichauts-en-quartier-marines-diana-47566\",\"sn\":\"\",\"idxP\":84},{\"mq\":\"Grisspasta\",\"nm\":\"P\u00E2tes rotini\",\"nme\":\"Rotini Pasta\",\"attr\":\"Produit local\",\"sku\":\"04848\",\"l2\":\"P\u00E2tes\",\"sl\":\"pates-rotini-grisspasta-04848\",\"sn\":\"\",\"idxP\":82},{\"mq\":\"Parador\",\"nm\":\"Concentr\u00E9 de bouillon de b\u0153uf\",\"nme\":\"Beef Broth Concentrate\",\"attr\":\"Produit local\",\"sku\":\"23953\",\"l2\":\"Soupe et bouillon\",\"sl\":\"concentre-de-bouillon-de-buf-parador-23953\",\"sn\":\"\",\"idxP\":49},{\"mq\":\"Club House\",\"nm\":\"Extrait de vanille artificielle\",\"nme\":\"Artificial Vanilla Extract\",\"attr\":\"\",\"sku\":\"33074\",\"l2\":\"Ingr\u00E9dient de p\u00E2tisserie\",\"sl\":\"extrait-de-vanille-artificielle-club-house-33074\",\"sn\":\"\",\"idxP\":52},{\"mq\":\"Pastene\",\"nm\":\"Chapelure r\u00E9guli\u00E8re\",\"nme\":\"Regular Breadcrumbs 425 g\",\"attr\":\"\",\"sku\":\"26185\",\"l2\":\"Farine, semoule et chapelure\",\"sl\":\"chapelure-reguliere-pastene-26185\",\"sn\":\"\",\"idxP\":84},{\"mq\":\"Labont\u00E9\",\"nm\":\"Miel liquide nature\",\"nme\":\"Liquid Natural Honey\",\"attr\":\"\",\"sku\":\"32677\",\"l2\":\"Confiture et tartinade\",\"sl\":\"miel-liquide-nature-labonte-32677\",\"sn\":\"\",\"idxP\":58},{\"mq\":\"Sunbec\",\"nm\":\"Poivre en portion\",\"nme\":\"Pepper Portion\",\"attr\":\"\",\"sku\":\"47847\",\"l2\":\"\u00C9pice, sel et poivre\",\"sl\":\"poivre-en-portion-sunbec-47847\",\"sn\":\"\",\"idxP\":55},{\"mq\":\"Sunbec\",\"nm\":\"Sel de mer\",\"nme\":\"Sea Salt 1\",\"attr\":\"\",\"sku\":\"38505\",\"l2\":\"\u00C9pice, sel et poivre\",\"sl\":\"sel-de-mer-sunbec-38505\",\"sn\":\"\",\"idxP\":84},{\"mq\":\"Golosini\",\"nm\":\"Artichauts grill\u00E9s dans l'huile\",\"nme\":\"Grilled Artichokes in Oil\",\"attr\":\"\",\"sku\":\"07731\",\"l2\":\"Marinade\",\"sl\":\"artichauts-grilles-dans-lhuile-golosini-07731\",\"sn\":\"\",\"idxP\":12},{\"mq\":\"Agrofusion\",\"nm\":\"Pois jaunes entiers\",\"nme\":\"Whole Yellow Peas\",\"attr\":\"\",\"sku\":\"21843\",\"l2\":\"Riz et grain\",\"sl\":\"pois-jaunes-entiers-agrofusion-21843\",\"sn\":\"\",\"idxP\":45},{\"mq\":\"Unico\",\"nm\":\"Huile v\u00E9g\u00E9tale\",\"nme\":\"Vegetal Oil\",\"attr\":\"\",\"sku\":\"28536\",\"l2\":\"Huile et vinaigre\",\"sl\":\"huile-vegetale-unico-28536\",\"sn\":\"\",\"idxP\":100},{\"mq\":\"Applesnax\",\"nm\":\"Pur\u00E9e de pommes genre maison\",\"nme\":\"Homestyle Applesauce\",\"attr\":\"\",\"sku\":\"34748\",\"l2\":\"Fruit en conserve\",\"sl\":\"puree-de-pommes-genre-maison-applesnax-34748\",\"sn\":\"apples, pommes\",\"idxP\":95},{\"mq\":\"Tabasco\",\"nm\":\"Sauce originale au piment rouge\",\"nme\":\"Original Red Pepper Sauce\",\"attr\":\"\",\"sku\":\"01720\",\"l2\":\"Condiment\",\"sl\":\"sauce-originale-au-piment-rouge-tabasco-01720\",\"sn\":\"piments\",\"idxP\":89},{\"mq\":\"San Marzano\",\"nm\":\"Tomates pel\u00E9es italiennes au basilic\",\"nme\":\"Italian Peeled Tomatoes with Basil\",\"attr\":\"\",\"sku\":\"37296\",\"l2\":\"Tomate en conserve\",\"sl\":\"tomates-pelees-italiennes-au-basilic-san-marzano-37296\",\"sn\":\"tomates\",\"idxP\":100},{\"mq\":\"Querico\",\"nm\":\"Bonbon anis\",\"nme\":\"Anise Candy\",\"attr\":\"\",\"sku\":\"39592\",\"l2\":\"Confiserie\",\"sl\":\"bonbon-anis-querico-39592\",\"sn\":\"\",\"idxP\":41},{\"mq\":\"R.Fortin\",\"nm\":\"Sucre \u00E0 glacer\",\"nme\":\"Icing Sugar\",\"attr\":\"\",\"sku\":\"48357\",\"l2\":\"Sucre\",\"sl\":\"sucre-a-glacer-r.fortin-48357\",\"sn\":\"\",\"idxP\":51},{\"mq\":\"Grisspasta\",\"nm\":\"P\u00E2tes rotini aux l\u00E9gumes\",\"nme\":\"Vegetable Rotini Pasta\",\"attr\":\"Produit local\",\"sku\":\"21977\",\"l2\":\"P\u00E2tes\",\"sl\":\"pates-rotini-aux-legumes-grisspasta-21977\",\"sn\":\"\",\"idxP\":67},{\"mq\":\"Berthelet\",\"nm\":\"M\u00E9lange pour sauce \u00E0 la dinde\",\"nme\":\"Turkey Gravy Sauce Mix\",\"attr\":\"Produit local\",\"sku\":\"00668\",\"l2\":\"Sauce\",\"sl\":\"melange-pour-sauce-a-la-dinde-berthelet-00668\",\"sn\":\"\",\"idxP\":27},{\"mq\":\"Divella\",\"nm\":\"P\u00E2tes cocciolini #59\",\"nme\":\"Cocciolini #59 Pasta\",\"attr\":\"\",\"sku\":\"43427\",\"l2\":\"P\u00E2tes\",\"sl\":\"pates-cocciolini-59-divella-43427\",\"sn\":\"\",\"idxP\":78},{\"mq\":\"Grisspasta\",\"nm\":\"P\u00E2tes tubetti\",\"nme\":\"Tubetti Pasta\",\"attr\":\"Produit local\",\"sku\":\"49979\",\"l2\":\"P\u00E2tes\",\"sl\":\"pates-tubetti-grisspasta-49979\",\"sn\":\"\",\"idxP\":26},{\"mq\":\"Ardent Mills\",\"nm\":\"Farine de bl\u00E9 entier All-O-Wheat select\",\"nme\":\"Whole Wheat Flour All-O-Wheat select\",\"attr\":\"\",\"sku\":\"19961\",\"l2\":\"Farine, semoule et chapelure\",\"sl\":\"farine-de-ble-entier-all-o-wheat-select-ardent-mills-19961\",\"sn\":\"\",\"idxP\":90},{\"mq\":\"Rose Hill\",\"nm\":\"Sel d'ail\",\"nme\":\"Garlic Salt\",\"attr\":\"Produit local\",\"sku\":\"38334\",\"l2\":\"\u00C9pice, sel et poivre\",\"sl\":\"sel-dail-rose-hill-38334\",\"sn\":\"\",\"idxP\":18},{\"mq\":\"Aurora\",\"nm\":\"Gros sel de mer m\u00E9diterran\u00E9en\",\"nme\":\"Coarse Mediterranean Sea Salt\",\"attr\":\"\",\"sku\":\"41802\",\"l2\":\"\u00C9pice, sel et poivre\",\"sl\":\"gros-sel-de-mer-mediterraneen-aurora-41802\",\"sn\":\"\",\"idxP\":85},{\"mq\":\"Rose Hill\",\"nm\":\"Base pour soupe aux l\u00E9gumes 5kg\",\"nme\":\"Vegetables Soup Base\",\"attr\":\"Produit local\",\"sku\":\"36343\",\"l2\":\"Soupe et bouillon\",\"sl\":\"base-pour-soupe-aux-legumes-5kg-rose-hill-36343\",\"sn\":\"\",\"idxP\":21},{\"mq\":\"Aurora\",\"nm\":\"Sel de mer fin m\u00E9diterran\u00E9en\",\"nme\":\"Fine Mediterranean Sea Salt\",\"attr\":\"\",\"sku\":\"41803\",\"l2\":\"\u00C9pice, sel et poivre\",\"sl\":\"sel-de-mer-fin-mediterraneen-aurora-41803\",\"sn\":\"\",\"idxP\":80},{\"mq\":\"Sun Med\",\"nm\":\"Olives kalamata enti\u00E8res\",\"nme\":\"Whole Kalamata Olives\",\"attr\":\"\",\"sku\":\"34180\",\"l2\":\"Marinade\",\"sl\":\"olives-kalamata-entieres-sun-med-34180\",\"sn\":\"\",\"idxP\":83},{\"mq\":\"Tiger Pop\",\"nm\":\"Su\u00E7on assorti\",\"nme\":\"Assorted Lollipop\",\"attr\":\"\",\"sku\":\"39373\",\"l2\":\"Confiserie\",\"sl\":\"sucon-assorti-tiger-pop-39373\",\"sn\":\"\",\"idxP\":76},{\"mq\":\"Bovril\",\"nm\":\"Concentr\u00E9 de bouillon de b\u0153uf\",\"nme\":\"Beef Broth Concentrate\",\"attr\":\"\",\"sku\":\"24935\",\"l2\":\"Soupe et bouillon\",\"sl\":\"concentre-de-bouillon-de-buf-bovril-24935\",\"sn\":\"\",\"idxP\":7},{\"mq\":\"Aurora\",\"nm\":\"P\u00E2te de tomates\",\"nme\":\"Tomato Paste\",\"attr\":\"\",\"sku\":\"33913\",\"l2\":\"Tomate en conserve\",\"sl\":\"pate-de-tomates-aurora-33913\",\"sn\":\"tomates\",\"idxP\":100},{\"mq\":\"Cheez Whiz\",\"nm\":\"Tartinade de fromage\",\"nme\":\"Cheese Spread\",\"attr\":\"\",\"sku\":\"11668\",\"l2\":\"Confiture et tartinade\",\"sl\":\"tartinade-de-fromage-cheez-whiz-11668\",\"sn\":\"fromages\",\"idxP\":8},{\"mq\":\"Elara\",\"nm\":\"Olive reine nature\",\"nme\":\"Queen Plain Olive\",\"attr\":\"\",\"sku\":\"26515\",\"l2\":\"Marinade\",\"sl\":\"olive-reine-nature-elara-26515\",\"sn\":\"\",\"idxP\":18},{\"mq\":\"Elara\",\"nm\":\"Olive verte tranch\u00E9e\",\"nme\":\"Sliced Green Olives\",\"attr\":\"\",\"sku\":\"26514\",\"l2\":\"Marinade\",\"sl\":\"olive-verte-tranchee-elara-26514\",\"sn\":\"\",\"idxP\":42},{\"mq\":\"Elara\",\"nm\":\"Olive manzanilla\",\"nme\":\"Manzanilla Olives\",\"attr\":\"\",\"sku\":\"26516\",\"l2\":\"Marinade\",\"sl\":\"olive-manzanilla-elara-26516\",\"sn\":\"\",\"idxP\":22},{\"mq\":\"Labont\u00E9\",\"nm\":\"Miel nature ambr\u00E9\",\"nme\":\"Amber Natural Honey\",\"attr\":\"\",\"sku\":\"26545\",\"l2\":\"Confiture et tartinade\",\"sl\":\"miel-nature-ambre-labonte-26545\",\"sn\":\"\",\"idxP\":48},{\"mq\":\"Knorr\",\"nm\":\"Concentr\u00E9 de bouillon de l\u00E9gumes\",\"nme\":\"Vegetable Broth Concentrate\",\"attr\":\"\",\"sku\":\"26640\",\"l2\":\"Soupe et bouillon\",\"sl\":\"concentre-de-bouillon-de-legumes-knorr-26640\",\"sn\":\"\",\"idxP\":12},{\"mq\":\"Cacao Barry\",\"nm\":\"P\u00E2te \u00E0 glacer brune\",\"nme\":\"Compound Coating Brown\",\"attr\":\"\",\"sku\":\"47905\",\"l2\":\"Ingr\u00E9dient de p\u00E2tisserie\",\"sl\":\"pate-a-glacer-brune-cacao-barry-47905\",\"sn\":\"\",\"idxP\":11},{\"mq\":\"Applesnax\",\"nm\":\"Pur\u00E9e de pommes non sucr\u00E9e\",\"nme\":\"Unsweetened Applesauce\",\"attr\":\"\",\"sku\":\"45194\",\"l2\":\"Fruit en conserve\",\"sl\":\"puree-de-pommes-non-sucree-applesnax-45194\",\"sn\":\"apples, pommes\",\"idxP\":100},{\"mq\":\"Pastene\",\"nm\":\"Tomates italiennes\",\"nme\":\"Italian Tomatoes\",\"attr\":\"\",\"sku\":\"00254\",\"l2\":\"Tomate en conserve\",\"sl\":\"tomates-italiennes-pastene-00254\",\"sn\":\"tomates\",\"idxP\":77},{\"mq\":\"Certo\",\"nm\":\"Pectine liquide aux fruits\",\"nme\":\"Fruit Liquid Pectin\",\"attr\":\"\",\"sku\":\"00595\",\"l2\":\"Ingr\u00E9dient de p\u00E2tisserie\",\"sl\":\"pectine-liquide-aux-fruits-certo-00595\",\"sn\":\"\",\"idxP\":48},{\"mq\":\"Pastene\",\"nm\":\"Tomates broy\u00E9es\",\"nme\":\"Crushed Tomatoes\",\"attr\":\"\",\"sku\":\"00255\",\"l2\":\"Tomate en conserve\",\"sl\":\"tomates-broyees-pastene-00255\",\"sn\":\"tomates\",\"idxP\":84},{\"mq\":\"Kraft\",\"nm\":\"Beurre d'arachide cr\u00E9meux\",\"nme\":\"Smooth Peanut Butter\",\"attr\":\"\",\"sku\":\"00823\",\"l2\":\"Confiture et tartinade\",\"sl\":\"beurre-darachide-cremeux-kraft-00823\",\"sn\":\"\",\"idxP\":100},{\"mq\":\"Kraft\",\"nm\":\"Beurre d'arachide cr\u00E9meux\",\"nme\":\"Smooth Peanut Butter\",\"attr\":\"\",\"sku\":\"00820\",\"l2\":\"Confiture et tartinade\",\"sl\":\"beurre-darachide-cremeux-kraft-00820\",\"sn\":\"\",\"idxP\":81},{\"mq\":\"Habitant\",\"nm\":\"Soupe aux pois\",\"nme\":\"Peas Soup\",\"attr\":\"\",\"sku\":\"01672\",\"l2\":\"Soupe et bouillon\",\"sl\":\"soupe-aux-pois-habitant-01672\",\"sn\":\"\",\"idxP\":37},{\"mq\":\"Dare\",\"nm\":\"Craquelins Grissol toast melba\",\"nme\":\"Melba Toast 2 x 400\",\"attr\":\"\",\"sku\":\"02220\",\"l2\":\"Biscuit et craquelin\",\"sl\":\"craquelins-grissol-toast-melba-dare-02220\",\"sn\":\"\",\"idxP\":9},{\"mq\":\"Lipton\",\"nm\":\"M\u00E9lange poulet et nouilles\",\"nme\":\"Chicken Noodles\",\"attr\":\"\",\"sku\":\"01216\",\"l2\":\"Soupe et bouillon\",\"sl\":\"melange-poulet-et-nouilles-lipton-01216\",\"sn\":\"\",\"idxP\":72},{\"mq\":\"Bakers Five Roses\",\"nm\":\"Farine blanche tout usage\",\"nme\":\"White All Purpose Flour\",\"attr\":\"Produit local\",\"sku\":\"01636\",\"l2\":\"Farine, semoule et chapelure\",\"sl\":\"farine-blanche-tout-usage-bakers-five-roses-01636\",\"sn\":\"\",\"idxP\":97},{\"mq\":\"Pastene\",\"nm\":\"P\u00E2te de tomates\",\"nme\":\"Tomato Paste\",\"attr\":\"\",\"sku\":\"00259\",\"l2\":\"Tomate en conserve\",\"sl\":\"pate-de-tomates-pastene-00259\",\"sn\":\"tomates\",\"idxP\":100},{\"mq\":\"Toblerone\",\"nm\":\"Barres de chocolat au lait\",\"nme\":\"Toblerone Milk Chocolate Bar\",\"attr\":\"\",\"sku\":\"01884\",\"l2\":\"Confiserie\",\"sl\":\"barres-de-chocolat-au-lait-toblerone-01884\",\"sn\":\"\",\"idxP\":45},{\"mq\":\"Cadbury\",\"nm\":\"Barres de chocolat Mr.Big\",\"nme\":\"Mr.Big Chocolate Bars\",\"attr\":\"\",\"sku\":\"02188\",\"l2\":\"Confiserie\",\"sl\":\"barres-de-chocolat-mr.big-cadbury-02188\",\"sn\":\"\",\"idxP\":12},{\"mq\":\"Nonna Annunziata\",\"nm\":\"Biscuits cantucci aux amandes\",\"nme\":\"Almond Cantucci Cookies\",\"attr\":\"\",\"sku\":\"02368\",\"l2\":\"Biscuit et craquelin\",\"sl\":\"biscuits-cantucci-aux-amandes-nonna-annunziata-02368\",\"sn\":\"amandes\",\"idxP\":34},{\"mq\":\"Barilla\",\"nm\":\"P\u00E2tes linguine 13\\\"\",\"nme\":\"Linguine 13\\\" Pasta\",\"attr\":\"\",\"sku\":\"02399\",\"l2\":\"P\u00E2tes\",\"sl\":\"pates-linguine-13-barilla-02399\",\"sn\":\"\",\"idxP\":55},{\"mq\":\"Nupak ou Dunya Harvest\",\"nm\":\"Pois jaune concass\u00E9\",\"nme\":\"Yellow Split Peas\",\"attr\":\"\",\"sku\":\"02848\",\"l2\":\"Riz et grain\",\"sl\":\"pois-jaune-concasse-nupak-ou-dunya-harvest-02848\",\"sn\":\"\",\"idxP\":17},{\"mq\":\"Knox\",\"nm\":\"G\u00E9latine\",\"nme\":\"Gelatin\",\"attr\":\"\",\"sku\":\"01233\",\"l2\":\"Fruit en conserve\",\"sl\":\"gelatine-knox-01233\",\"sn\":\"\",\"idxP\":82},{\"mq\":\"Gattuso\",\"nm\":\"Sauce \u00E0 pizza\",\"nme\":\"Pizza Sauce\",\"attr\":\"\",\"sku\":\"02125\",\"l2\":\"Sauce\",\"sl\":\"sauce-a-pizza-gattuso-02125\",\"sn\":\"\",\"idxP\":100},{\"mq\":\"Bakers Five Roses\",\"nm\":\"Farine blanche tout usage\",\"nme\":\"White All Purpose Flour\",\"attr\":\"Produit local\",\"sku\":\"01637\",\"l2\":\"Farine, semoule et chapelure\",\"sl\":\"farine-blanche-tout-usage-bakers-five-roses-01637\",\"sn\":\"\",\"idxP\":100},{\"mq\":\"Toblerone\",\"nm\":\"Barres chocolat\",\"nme\":\"Chocolate Bars\",\"attr\":\"\",\"sku\":\"01882\",\"l2\":\"Confiserie\",\"sl\":\"barres-chocolat-toblerone-01882\",\"sn\":\"\",\"idxP\":5},{\"mq\":\"Knorr\",\"nm\":\"Bouillon cubes b\u0153uf\",\"nme\":\"Beef Broth Cubes x6\",\"attr\":\"\",\"sku\":\"01933\",\"l2\":\"Soupe et bouillon\",\"sl\":\"bouillon-cubes-buf-knorr-01933\",\"sn\":\"\",\"idxP\":29},{\"mq\":\"Dare\",\"nm\":\"Craquelins Grissol toast melba original\",\"nme\":\"Original Grissol Melba Toast\",\"attr\":\"\",\"sku\":\"02199\",\"l2\":\"Biscuit et craquelin\",\"sl\":\"craquelins-grissol-toast-melba-original-dare-02199\",\"sn\":\"\",\"idxP\":49},{\"mq\":\"Knorr\",\"nm\":\"Bouillon cubes poulet\",\"nme\":\"Chicken Broth Cubes x6\",\"attr\":\"\",\"sku\":\"01932\",\"l2\":\"Soupe et bouillon\",\"sl\":\"bouillon-cubes-poulet-knorr-01932\",\"sn\":\"\",\"idxP\":65},{\"mq\":\"Balocco\",\"nm\":\"Biscuit Cruschelle\",\"nme\":\"Cruschelle Cookie\",\"attr\":\"\",\"sku\":\"02391\",\"l2\":\"Biscuit et craquelin\",\"sl\":\"biscuit-cruschelle-balocco-02391\",\"sn\":\"\",\"idxP\":51},{\"mq\":\"Petite Abeille\",\"nm\":\"Chapelure\",\"nme\":\"Bread Crumb\",\"attr\":\"\",\"sku\":\"01796\",\"l2\":\"Farine, semoule et chapelure\",\"sl\":\"chapelure-petite-abeille-01796\",\"sn\":\"\",\"idxP\":60},{\"mq\":\"Nupak ou Dunya Harvest\",\"nm\":\"Lentille rouge\",\"nme\":\"Red Lentil\",\"attr\":\"\",\"sku\":\"02311\",\"l2\":\"Riz et grain\",\"sl\":\"lentille-rouge-nupak-ou-dunya-harvest-02311\",\"sn\":\"\",\"idxP\":25},{\"mq\":\"Campbell\",\"nm\":\"Cr\u00E8me de champignons\",\"nme\":\"Mushroom Cream\",\"attr\":\"\",\"sku\":\"04849\",\"l2\":\"Soupe et bouillon\",\"sl\":\"creme-de-champignons-campbell-04849\",\"sn\":\"\",\"idxP\":100},{\"mq\":\"Robin Hood\",\"nm\":\"Farine tout usage\",\"nme\":\"All Purpose Flour\",\"attr\":\"\",\"sku\":\"02826\",\"l2\":\"Farine, semoule et chapelure\",\"sl\":\"farine-tout-usage-robin-hood-02826\",\"sn\":\"\",\"idxP\":82},{\"mq\":\"Nupak ou Dunya Harvest\",\"nm\":\"Haricot rognon rouge p\u00E2le\",\"nme\":\"Light Red Kidney Beans\",\"attr\":\"\",\"sku\":\"02857\",\"l2\":\"Riz et grain\",\"sl\":\"haricot-rognon-rouge-pale-nupak-ou-dunya-harvest-02857\",\"sn\":\"\",\"idxP\":55},{\"mq\":\"Valli\",\"nm\":\"Gnocchi\",\"nme\":\"Gnocchi Pasta\",\"attr\":\"\",\"sku\":\"02357\",\"l2\":\"P\u00E2tes\",\"sl\":\"gnocchi-valli-02357\",\"sn\":\"\",\"idxP\":83},{\"mq\":\"Balocco\",\"nm\":\"Biscuits Zuppole\",\"nme\":\"Zuppole Cookies\",\"attr\":\"\",\"sku\":\"02393\",\"l2\":\"Biscuit et craquelin\",\"sl\":\"biscuits-zuppole-balocco-02393\",\"sn\":\"\",\"idxP\":55},{\"mq\":\"Aurora\",\"nm\":\"Thon p\u00E2le entier dans l'huile\",\"nme\":\"Solid Light Tuna in Oil\",\"attr\":\"\",\"sku\":\"03434\",\"l2\":\"Poisson et viande en conserve\",\"sl\":\"thon-pale-entier-dans-lhuile-aurora-03434\",\"sn\":\"\",\"idxP\":87},{\"mq\":\"Robin Hood\",\"nm\":\"Farine tout usage\",\"nme\":\"All Purpose Flour\",\"attr\":\"\",\"sku\":\"02827\",\"l2\":\"Farine, semoule et chapelure\",\"sl\":\"farine-tout-usage-robin-hood-02827\",\"sn\":\"\",\"idxP\":87},{\"mq\":\"Aylmer\",\"nm\":\"Soupe aux tomates\",\"nme\":\"Tomato Soup\",\"attr\":\"\",\"sku\":\"02966\",\"l2\":\"Soupe et bouillon\",\"sl\":\"soupe-aux-tomates-aylmer-02966\",\"sn\":\"tomates\",\"idxP\":95},{\"mq\":\"Nupak ou Dunya Harvest\",\"nm\":\"Riz jasmin\",\"nme\":\"Jasmine Rice\",\"attr\":\"\",\"sku\":\"03269\",\"l2\":\"Riz et grain\",\"sl\":\"riz-jasmin-nupak-ou-dunya-harvest-03269\",\"sn\":\"\",\"idxP\":43},{\"mq\":\"Clover Leaf\",\"nm\":\"Saumon rose sauvage du Pacifique\",\"nme\":\"Wild Pacific Pink Salmon\",\"attr\":\"\",\"sku\":\"03197\",\"l2\":\"Poisson et viande en conserve\",\"sl\":\"saumon-rose-sauvage-du-pacifique-clover-leaf-03197\",\"sn\":\"\",\"idxP\":84},{\"mq\":\"Barilla\",\"nm\":\"P\u00E2tes rotini #81\",\"nme\":\"Rotini #81 Pasta\",\"attr\":\"\",\"sku\":\"02400\",\"l2\":\"P\u00E2tes\",\"sl\":\"pates-rotini-81-barilla-02400\",\"sn\":\"\",\"idxP\":86},{\"mq\":\"Tenderflake\",\"nm\":\"Saindoux pur\",\"nme\":\"Pure Saindoux\",\"attr\":\"\",\"sku\":\"03429\",\"l2\":\"Ingr\u00E9dient de p\u00E2tisserie\",\"sl\":\"saindoux-pur-tenderflake-03429\",\"sn\":\"\",\"idxP\":64},{\"mq\":\"Campbell\",\"nm\":\"Soupe condens\u00E9e cr\u00E8me de c\u00E9leri\",\"nme\":\"Celery Cream Condensed Soup\",\"attr\":\"\",\"sku\":\"04856\",\"l2\":\"Soupe et bouillon\",\"sl\":\"soupe-condensee-creme-de-celeri-campbell-04856\",\"sn\":\"\",\"idxP\":67},{\"mq\":\"Campbell\",\"nm\":\"Soupe condens\u00E9e cr\u00E8me d'asperges\",\"nme\":\"Asparagus Cream Condensed Soup\",\"attr\":\"\",\"sku\":\"04855\",\"l2\":\"Soupe et bouillon\",\"sl\":\"soupe-condensee-creme-dasperges-campbell-04855\",\"sn\":\"\",\"idxP\":54},{\"mq\":\"Mazola\",\"nm\":\"Huile de ma\u00EFs\",\"nme\":\"Corn Oil\",\"attr\":\"\",\"sku\":\"04872\",\"l2\":\"Huile et vinaigre\",\"sl\":\"huile-de-mais-mazola-04872\",\"sn\":\"\",\"idxP\":81},{\"mq\":\"Uncle Ben's\",\"nm\":\"Riz naturel \u00E0 longs grains\",\"nme\":\"Natural Long Grain Rice\",\"attr\":\"\",\"sku\":\"02096\",\"l2\":\"Riz et grain\",\"sl\":\"riz-naturel-a-longs-grains-uncle-bens-02096\",\"sn\":\"\",\"idxP\":18},{\"mq\":\"Loacker\",\"nm\":\"Gaufrette tiramisu Quadratini\",\"nme\":\"Tiramisu Wafer Quadratini\",\"attr\":\"\",\"sku\":\"03108\",\"l2\":\"Biscuit et craquelin\",\"sl\":\"gaufrette-tiramisu-quadratini-loacker-03108\",\"sn\":\"\",\"idxP\":18},{\"mq\":\"Hunt's\",\"nm\":\"Sauce tomate\",\"nme\":\"Tomato Sauce\",\"attr\":\"\",\"sku\":\"03188\",\"l2\":\"Tomate en conserve\",\"sl\":\"sauce-tomate-hunts-03188\",\"sn\":\"tomates\",\"idxP\":81},{\"mq\":\"Campbell\",\"nm\":\"Bouillon consomm\u00E9 de boeuf\",\"nme\":\"Beef Consomme Broth\",\"attr\":\"\",\"sku\":\"04857\",\"l2\":\"Soupe et bouillon\",\"sl\":\"bouillon-consomme-de-boeuf-campbell-04857\",\"sn\":\"oeufs\",\"idxP\":58},{\"mq\":\"Kind\",\"nm\":\"Barres aux amandes caramel et sel de mer\",\"nme\":\"Almond Caramel and Sea Salt Bars\",\"attr\":\"\",\"sku\":\"00814\",\"l2\":\"C\u00E9r\u00E9ales et barre\",\"sl\":\"barres-aux-amandes-caramel-et-sel-de-mer-kind-00814\",\"sn\":\"amandes\",\"idxP\":14},{\"mq\":\"Grisspasta\",\"nm\":\"P\u00E2tes coquillettes\",\"nme\":\"Small Shell Pasta\",\"attr\":\"Produit local\",\"sku\":\"04847\",\"l2\":\"P\u00E2tes\",\"sl\":\"pates-coquillettes-grisspasta-04847\",\"sn\":\"\",\"idxP\":70},{\"mq\":\"Eagle Brand\",\"nm\":\"Lait condens\u00E9 sucr\u00E9\",\"nme\":\"Condensed Sweet Milk\",\"attr\":\"\",\"sku\":\"04270\",\"l2\":\"Ingr\u00E9dient de p\u00E2tisserie\",\"sl\":\"lait-condense-sucre-eagle-brand-04270\",\"sn\":\"\",\"idxP\":94},{\"mq\":\"Campbell\",\"nm\":\"Soupe condens\u00E9e cr\u00E8me de poulet\",\"nme\":\"Chicken Cream Condensed Soup\",\"attr\":\"\",\"sku\":\"04861\",\"l2\":\"Soupe et bouillon\",\"sl\":\"soupe-condensee-creme-de-poulet-campbell-04861\",\"sn\":\"\",\"idxP\":64},{\"mq\":\"Kind\",\"nm\":\"Barres aux cerises noix de cajou et chocolat noir\",\"nme\":\"Cherry Cashew and Dark Chocolate Bars\",\"attr\":\"\",\"sku\":\"00815\",\"l2\":\"C\u00E9r\u00E9ales et barre\",\"sl\":\"barres-aux-cerises-noix-de-cajou-et-chocolat-noir-kind-00815\",\"sn\":\"\",\"idxP\":10},{\"mq\":\"Grisspasta\",\"nm\":\"P\u00E2tes alphabet\",\"nme\":\"Alphabet Pasta\",\"attr\":\"Produit local\",\"sku\":\"04576\",\"l2\":\"P\u00E2tes\",\"sl\":\"pates-alphabet-grisspasta-04576\",\"sn\":\"\",\"idxP\":68},{\"mq\":\"Bonne Maman\",\"nm\":\"Confiture d'abricots\",\"nme\":\"Apricot Jam\",\"attr\":\"\",\"sku\":\"05782\",\"l2\":\"Confiture et tartinade\",\"sl\":\"confiture-dabricots-bonne-maman-05782\",\"sn\":\"\",\"idxP\":53},{\"mq\":\"Wafu\",\"nm\":\"Vinaigrette japonaise originale au s\u00E9same\",\"nme\":\"Original Sesame Japanese Dressing\",\"attr\":\"\",\"sku\":\"07020\",\"l2\":\"Vinaigrette et Cro\u00FBton\",\"sl\":\"vinaigrette-japonaise-originale-au-sesame-wafu-07020\",\"sn\":\"\",\"idxP\":87},{\"mq\":\"Agrofusion\",\"nm\":\"Ma\u00EFs granul\u00E9 #400\",\"nme\":\"Corn Grits #400\",\"attr\":\"\",\"sku\":\"03115\",\"l2\":\"Riz et grain\",\"sl\":\"mais-granule-400-agrofusion-03115\",\"sn\":\"\",\"idxP\":41},{\"mq\":\"Major Gourmet\",\"nm\":\"Tartinade chocolat noisette\",\"nme\":\"Chocolate and Hazelnut Spread\",\"attr\":\"\",\"sku\":\"05988\",\"l2\":\"Confiture et tartinade\",\"sl\":\"tartinade-chocolat-noisette-major-gourmet-05988\",\"sn\":\"\",\"idxP\":40},{\"mq\":\"Campbell\",\"nm\":\"Soupe aux tomates condens\u00E9e\",\"nme\":\"Condensed Tomato Soup\",\"attr\":\"\",\"sku\":\"04854\",\"l2\":\"Soupe et bouillon\",\"sl\":\"soupe-aux-tomates-condensee-campbell-04854\",\"sn\":\"tomates\",\"idxP\":100},{\"mq\":\"Misura\",\"nm\":\"Biscuits privolat\",\"nme\":\"Privolat Cookie\",\"attr\":\"\",\"sku\":\"02033\",\"l2\":\"Biscuit et craquelin\",\"sl\":\"biscuits-privolat-misura-02033\",\"sn\":\"\",\"idxP\":28},{\"mq\":\"Lee Kum Kee\",\"nm\":\"Sauce hoisin\",\"nme\":\"Hoisin Sauce\",\"attr\":\"\",\"sku\":\"07040\",\"l2\":\"Condiment\",\"sl\":\"sauce-hoisin-lee-kum-kee-07040\",\"sn\":\"\",\"idxP\":61},{\"mq\":\"Loacker\",\"nm\":\"Gaufrette citron Quadratini\",\"nme\":\"Lemon Wafer Quadratini\",\"attr\":\"\",\"sku\":\"03109\",\"l2\":\"Biscuit et craquelin\",\"sl\":\"gaufrette-citron-quadratini-loacker-03109\",\"sn\":\"citrons\",\"idxP\":28},{\"mq\":\"Robin Hood\",\"nm\":\"Farine \u00E0 pain blanc\",\"nme\":\"White Bread Flour\",\"attr\":\"\",\"sku\":\"06092\",\"l2\":\"Farine, semoule et chapelure\",\"sl\":\"farine-a-pain-blanc-robin-hood-06092\",\"sn\":\"\",\"idxP\":45},{\"mq\":\"Kimphat\",\"nm\":\"Riz parfum\u00E9 au jasmin\",\"nme\":\"Jasmine White Scented Rice\",\"attr\":\"\",\"sku\":\"07055\",\"l2\":\"Riz et grain\",\"sl\":\"riz-parfume-au-jasmin-kimphat-07055\",\"sn\":\"\",\"idxP\":71},{\"mq\":\"Maggi\",\"nm\":\"Sauce ar\u00F4me\",\"nme\":\"Seasoning Sauce\",\"attr\":\"\",\"sku\":\"07036\",\"l2\":\"Condiment\",\"sl\":\"sauce-arome-maggi-07036\",\"sn\":\"\",\"idxP\":64},{\"mq\":\"Bonne Maman\",\"nm\":\"Confiture de framboises\",\"nme\":\"Raspberry Jam\",\"attr\":\"\",\"sku\":\"05781\",\"l2\":\"Confiture et tartinade\",\"sl\":\"confiture-de-framboises-bonne-maman-05781\",\"sn\":\"framboises\",\"idxP\":49},{\"mq\":\"La Costena\",\"nm\":\"Haricots noirs frits\",\"nme\":\"Refried Black Beans\",\"attr\":\"\",\"sku\":\"06054\",\"l2\":\"L\u00E9gume en conserve\",\"sl\":\"haricots-noirs-frits-la-costena-06054\",\"sn\":\"\",\"idxP\":29},{\"mq\":\"Kadoya\",\"nm\":\"Huile de s\u00E9same pure\",\"nme\":\"Pure Sesame Oil\",\"attr\":\"\",\"sku\":\"07053\",\"l2\":\"Huile et vinaigre\",\"sl\":\"huile-de-sesame-pure-kadoya-07053\",\"sn\":\"\",\"idxP\":85},{\"mq\":\"Aurora\",\"nm\":\"Asperges vertes assaisonn\u00E9es\",\"nme\":\"Seasoned Green Asparagus\",\"attr\":\"\",\"sku\":\"03067\",\"l2\":\"Marinade\",\"sl\":\"asperges-vertes-assaisonnees-aurora-03067\",\"sn\":\"\",\"idxP\":32},{\"mq\":\"Sportsman\",\"nm\":\"Sirop de ma\u00EFs\",\"nme\":\"Corn Syrup\",\"attr\":\"\",\"sku\":\"10629\",\"l2\":\"Confiture et tartinade\",\"sl\":\"sirop-de-mais-sportsman-10629\",\"sn\":\"\",\"idxP\":76},{\"mq\":\"La Milanaise\",\"nm\":\"Farine bl\u00E9 entier \u00E0 pain biologique\",\"nme\":\"Organic Whole Wheat Bread Flour\",\"attr\":\"Biologique\",\"sku\":\"10785\",\"l2\":\"Farine, semoule et chapelure\",\"sl\":\"farine-ble-entier-a-pain-biologique-la-milanaise-10785\",\"sn\":\"biologique, bio, organic, organique\",\"idxP\":15},{\"mq\":\"La Milanaise\",\"nm\":\"Farine d'\u00E9peautre enti\u00E8re biologique\",\"nme\":\"Organic Whole Spelt Flour\",\"attr\":\"Biologique\",\"sku\":\"10795\",\"l2\":\"Farine, semoule et chapelure\",\"sl\":\"farine-depeautre-entiere-biologique-la-milanaise-10795\",\"sn\":\"biologique, bio, organic, organique\",\"idxP\":37},{\"mq\":\"La Milanaise\",\"nm\":\"Farine de pain int\u00E9gral biologique\",\"nme\":\"Organic Integral Bread Flour\",\"attr\":\"\",\"sku\":\"10813\",\"l2\":\"Farine, semoule et chapelure\",\"sl\":\"farine-de-pain-integral-biologique-la-milanaise-10813\",\"sn\":\"biologique, bio, organic, organique\",\"idxP\":23},{\"mq\":\"La Milanaise\",\"nm\":\"Farine tout usage biologique\",\"nme\":\"Organic All Purpose Flour\",\"attr\":\"\",\"sku\":\"10793\",\"l2\":\"Farine, semoule et chapelure\",\"sl\":\"farine-tout-usage-biologique-la-milanaise-10793\",\"sn\":\"biologique, bio, organic, organique\",\"idxP\":58},{\"mq\":\"La Milanaise\",\"nm\":\"Farine \u00E0 p\u00E2tisserie blanche\",\"nme\":\"White Pastry Flour\",\"attr\":\"Biologique\",\"sku\":\"10798\",\"l2\":\"Farine, semoule et chapelure\",\"sl\":\"farine-a-patisserie-blanche-la-milanaise-10798\",\"sn\":\"biologique, bio, organic, organique\",\"idxP\":30},{\"mq\":\"La Milanaise\",\"nm\":\"Farine tout usage biologique\",\"nme\":\"Organic All Purpose Flour\",\"attr\":\"Biologique\",\"sku\":\"10788\",\"l2\":\"Farine, semoule et chapelure\",\"sl\":\"farine-tout-usage-biologique-la-milanaise-10788\",\"sn\":\"biologique, bio, organic, organique\",\"idxP\":36},{\"mq\":\"La Milanaise\",\"nm\":\"Farine \u00E0 p\u00E2tisserie tamis\u00E9e biologique\",\"nme\":\"Organic Sifted Pastry Flour\",\"attr\":\"Biologique\",\"sku\":\"10816\",\"l2\":\"Farine, semoule et chapelure\",\"sl\":\"farine-a-patisserie-tamisee-biologique-la-milanaise-10816\",\"sn\":\"biologique, bio, organic, organique\",\"idxP\":19},{\"mq\":\"La Milanaise\",\"nm\":\"Farine biologique de bl\u00E9 entier \u00E0 pain\",\"nme\":\"Organic Whole Wheat Bread Flour\",\"attr\":\"Biologique\",\"sku\":\"10814\",\"l2\":\"Farine, semoule et chapelure\",\"sl\":\"farine-biologique-de-ble-entier-a-pain-la-milanaise-10814\",\"sn\":\"biologique, bio, organic, organique\",\"idxP\":30},{\"mq\":\"La Milanaise\",\"nm\":\"Farine bl\u00E9 entier \u00E0 p\u00E2tisserie\",\"nme\":\"Whole Wheat Pastry Flour\",\"attr\":\"Biologique\",\"sku\":\"10784\",\"l2\":\"Farine, semoule et chapelure\",\"sl\":\"farine-ble-entier-a-patisserie-la-milanaise-10784\",\"sn\":\"biologique, bio, organic, organique\",\"idxP\":16},{\"mq\":\"La Milanaise\",\"nm\":\"Farine khorasan enti\u00E8re biologique\",\"nme\":\"Organic Whole Khorasan Flour\",\"attr\":\"Biologique\",\"sku\":\"10799\",\"l2\":\"Farine, semoule et chapelure\",\"sl\":\"farine-khorasan-entiere-biologique-la-milanaise-10799\",\"sn\":\"biologique, bio, organic, organique\",\"idxP\":18},{\"mq\":\"Nutella\",\"nm\":\"Tartinade chocolat noisette\",\"nme\":\"Chocolate and Hazelnut Spread\",\"attr\":\"\",\"sku\":\"15828\",\"l2\":\"Confiture et tartinade\",\"sl\":\"tartinade-chocolat-noisette-nutella-15828\",\"sn\":\"\",\"idxP\":91},{\"mq\":\"Jet-Puffed\",\"nm\":\"Guimauve jumbo\",\"nme\":\"Maxi Marshmallow\",\"attr\":\"\",\"sku\":\"00847\",\"l2\":\"Confiserie\",\"sl\":\"guimauve-jumbo-jet-puffed-00847\",\"sn\":\"\",\"idxP\":88},{\"mq\":\"Querico\",\"nm\":\"Bonbon vers n\u00E9on\",\"nme\":\"Neon Worm Candy\",\"attr\":\"\",\"sku\":\"02999\",\"l2\":\"Confiserie\",\"sl\":\"bonbon-vers-neon-querico-02999\",\"sn\":\"\",\"idxP\":22},{\"mq\":\"Mignon\",\"nm\":\"Bonbon m\u00E9lange mini bala\",\"nme\":\"Mini Bala Mix Candy\",\"attr\":\"\",\"sku\":\"16175\",\"l2\":\"Confiserie\",\"sl\":\"bonbon-melange-mini-bala-mignon-16175\",\"sn\":\"\",\"idxP\":38},{\"mq\":\"Querico\",\"nm\":\"Bonbons aux fruits farcis\",\"nme\":\"Stuffed Fruit Candy\",\"attr\":\"\",\"sku\":\"24465\",\"l2\":\"Confiserie\",\"sl\":\"bonbons-aux-fruits-farcis-querico-24465\",\"sn\":\"\",\"idxP\":76},{\"mq\":\"Dora\",\"nm\":\"Confiture de fraises avec pectine\",\"nme\":\"Strawberry Jam\",\"attr\":\"Produit local\",\"sku\":\"20510\",\"l2\":\"Confiture et tartinade\",\"sl\":\"confiture-de-fraises-avec-pectine-dora-20510\",\"sn\":\"fraises\",\"idxP\":16},{\"mq\":\"Mignon\",\"nm\":\"Bonbon mini fruit nacr\u00E9\",\"nme\":\"Mini Fruit Candy\",\"attr\":\"\",\"sku\":\"16174\",\"l2\":\"Confiserie\",\"sl\":\"bonbon-mini-fruit-nacre-mignon-16174\",\"sn\":\"\",\"idxP\":49},{\"mq\":\"Querico\",\"nm\":\"Ourson en gel\u00E9e multicolore\",\"nme\":\"Multi Coloured Gummi Teddy Bear\",\"attr\":\"\",\"sku\":\"22519\",\"l2\":\"Confiserie\",\"sl\":\"ourson-en-gelee-multicolore-querico-22519\",\"sn\":\"\",\"idxP\":64},{\"mq\":\"Querico\",\"nm\":\"Bonbon su\u00E7on assorti\",\"nme\":\"Assorted Lillipop\",\"attr\":\"\",\"sku\":\"24468\",\"l2\":\"Confiserie\",\"sl\":\"bonbon-sucon-assorti-querico-24468\",\"sn\":\"\",\"idxP\":47},{\"mq\":\"Querico\",\"nm\":\"Grosses gommes balloune\",\"nme\":\"Big gum ball\",\"attr\":\"\",\"sku\":\"22648\",\"l2\":\"Confiserie\",\"sl\":\"grosses-gommes-balloune-querico-22648\",\"sn\":\"\",\"idxP\":37},{\"mq\":\"Sweet Sixteen\",\"nm\":\"Bonbon g\u00E9latine et jujube\",\"nme\":\"Juby and Gummy Candy\",\"attr\":\"\",\"sku\":\"23695\",\"l2\":\"Confiserie\",\"sl\":\"bonbon-gelatine-et-jujube-sweet-sixteen-23695\",\"sn\":\"\",\"idxP\":48},{\"mq\":\"Querico\",\"nm\":\"Jujubes\",\"nme\":\"Jujubes\",\"attr\":\"\",\"sku\":\"23711\",\"l2\":\"Confiserie\",\"sl\":\"jujubes-querico-23711\",\"sn\":\"\",\"idxP\":71},{\"mq\":\"Querico\",\"nm\":\"Bonbon r\u00E9glisse ruban fraise\",\"nme\":\"Strawberry Sweet Licorice Ribbon\",\"attr\":\"\",\"sku\":\"21499\",\"l2\":\"Confiserie\",\"sl\":\"bonbon-reglisse-ruban-fraise-querico-21499\",\"sn\":\"fraises\",\"idxP\":29},{\"mq\":\"Querico\",\"nm\":\"Bonbon caramel au beurre\",\"nme\":\"Toffee Candy\",\"attr\":\"\",\"sku\":\"24467\",\"l2\":\"Confiserie\",\"sl\":\"bonbon-caramel-au-beurre-querico-24467\",\"sn\":\"\",\"idxP\":40},{\"mq\":\"Querico\",\"nm\":\"Bonbon cerise\",\"nme\":\"Cherry Candy\",\"attr\":\"\",\"sku\":\"33669\",\"l2\":\"Confiserie\",\"sl\":\"bonbon-cerise-querico-33669\",\"sn\":\"\",\"idxP\":53},{\"mq\":\"Camargue\",\"nm\":\"Fleur de sel de Camargue bo\u00EEte\",\"nme\":\"Salt Flower\",\"attr\":\"\",\"sku\":\"32208\",\"l2\":\"\u00C9pice, sel et poivre\",\"sl\":\"fleur-de-sel-de-camargue-boite-camargue-32208\",\"sn\":\"\",\"idxP\":76},{\"mq\":\"Sweet Sixteen\",\"nm\":\"Bonbon jujube sucr\u00E9 suret\",\"nme\":\"Sweet Sour Gummy Candy\",\"attr\":\"\",\"sku\":\"23699\",\"l2\":\"Confiserie\",\"sl\":\"bonbon-jujube-sucre-suret-sweet-sixteen-23699\",\"sn\":\"\",\"idxP\":49},{\"mq\":\"Nutrivrac\",\"nm\":\"Bonbon fraise rouge\",\"nme\":\"Red Strawberry Candy\",\"attr\":\"\",\"sku\":\"33435\",\"l2\":\"Confiserie\",\"sl\":\"bonbon-fraise-rouge-nutrivrac-33435\",\"sn\":\"fraises\",\"idxP\":53},{\"mq\":\"Querico\",\"nm\":\"Bonbon r\u00E9glisse ruban arc-en-ciel\",\"nme\":\"Licorice Ribbon Rainbow Candy\",\"attr\":\"\",\"sku\":\"21498\",\"l2\":\"Confiserie\",\"sl\":\"bonbon-reglisse-ruban-arc-en-ciel-querico-21498\",\"sn\":\"\",\"idxP\":72},{\"mq\":\"Querico\",\"nm\":\"Bonbon fruits assortis\",\"nme\":\"Assorted Fruits Candy\",\"attr\":\"\",\"sku\":\"24464\",\"l2\":\"Confiserie\",\"sl\":\"bonbon-fruits-assortis-querico-24464\",\"sn\":\"\",\"idxP\":49},{\"mq\":\"Querico\",\"nm\":\"Bonbon melon d'eau tranch\u00E9\",\"nme\":\"Sliced Watermelon Candy\",\"attr\":\"\",\"sku\":\"37350\",\"l2\":\"Confiserie\",\"sl\":\"bonbon-melon-deau-tranche-querico-37350\",\"sn\":\"\",\"idxP\":56},{\"mq\":\"Querico\",\"nm\":\"Bonbon bouteille Coca Cola\",\"nme\":\"Coca Cola Bottle Candy\",\"attr\":\"\",\"sku\":\"33680\",\"l2\":\"Confiserie\",\"sl\":\"bonbon-bouteille-coca-cola-querico-33680\",\"sn\":\"\",\"idxP\":35},{\"mq\":\"Querico\",\"nm\":\"Bonbon \u00E9toile de mer\",\"nme\":\"Starfish Candy\",\"attr\":\"\",\"sku\":\"33681\",\"l2\":\"Confiserie\",\"sl\":\"bonbon-etoile-de-mer-querico-33681\",\"sn\":\"\",\"idxP\":46},{\"mq\":\"Querico\",\"nm\":\"Tortue g\u00E9latine\",\"nme\":\"Gummy Turtle\",\"attr\":\"\",\"sku\":\"37451\",\"l2\":\"Confiserie\",\"sl\":\"tortue-gelatine-querico-37451\",\"sn\":\"\",\"idxP\":35},{\"mq\":\"Querico\",\"nm\":\"Bonbon anneau p\u00EAche\",\"nme\":\"Peach Ring Candy\",\"attr\":\"\",\"sku\":\"36063\",\"l2\":\"Confiserie\",\"sl\":\"bonbon-anneau-peche-querico-36063\",\"sn\":\"\",\"idxP\":43},{\"mq\":\"Querico\",\"nm\":\"Bonbon ours n\u00E9on\",\"nme\":\"Neon Sour Bear Candy\",\"attr\":\"\",\"sku\":\"37843\",\"l2\":\"Confiserie\",\"sl\":\"bonbon-ours-neon-querico-37843\",\"sn\":\"\",\"idxP\":24},{\"mq\":\"Querico\",\"nm\":\"Bonbon vers\",\"nme\":\"Fluo Worm Candy\",\"attr\":\"\",\"sku\":\"49720\",\"l2\":\"Confiserie\",\"sl\":\"bonbon-vers-querico-49720\",\"sn\":\"\",\"idxP\":50},{\"mq\":\"Querico\",\"nm\":\"Bonbon requin bleu\",\"nme\":\"Blue Shark Candy\",\"attr\":\"\",\"sku\":\"49618\",\"l2\":\"Confiserie\",\"sl\":\"bonbon-requin-bleu-querico-49618\",\"sn\":\"\",\"idxP\":34},{\"mq\":\"Dare\",\"nm\":\"Craquelins Grissol tomate et basilic\",\"nme\":\"Tomato and Basil Crackers\",\"attr\":\"\",\"sku\":\"10853\",\"l2\":\"Biscuit et craquelin\",\"sl\":\"craquelins-grissol-tomate-et-basilic-dare-10853\",\"sn\":\"tomates\",\"idxP\":65},{\"mq\":\"Verona\",\"nm\":\"Biscuit Cantuccini chocolat\",\"nme\":\"Chocolate Cantuccini Cookies\",\"attr\":\"\",\"sku\":\"11729\",\"l2\":\"Biscuit et craquelin\",\"sl\":\"biscuit-cantuccini-chocolat-verona-11729\",\"sn\":\"\",\"idxP\":40},{\"mq\":\"Querico\",\"nm\":\"Bonbon grenouille\",\"nme\":\"Frog Candy\",\"attr\":\"\",\"sku\":\"49616\",\"l2\":\"Confiserie\",\"sl\":\"bonbon-grenouille-querico-49616\",\"sn\":\"\",\"idxP\":46},{\"mq\":\"Verona\",\"nm\":\"Biscuit Cantuccini amande\",\"nme\":\"Almond Cantuccini Cookies\",\"attr\":\"\",\"sku\":\"11730\",\"l2\":\"Biscuit et craquelin\",\"sl\":\"biscuit-cantuccini-amande-verona-11730\",\"sn\":\"amandes\",\"idxP\":84},{\"mq\":\"Rio\",\"nm\":\"Cornet gaufr\u00E9s moyen #60\",\"nme\":\"Ice Cream Cone Medium #60\",\"attr\":\"\",\"sku\":\"15993\",\"l2\":\"Bar laitier\",\"sl\":\"cornet-gaufres-moyen-60-rio-15993\",\"sn\":\"\",\"idxP\":66},{\"mq\":\"Reko\",\"nm\":\"Gaufrette Pizzelle au citron\",\"nme\":\"Lemon Pizzelle Wafer Cookie\",\"attr\":\"\",\"sku\":\"02177\",\"l2\":\"Biscuit et craquelin\",\"sl\":\"gaufrette-pizzelle-au-citron-reko-02177\",\"sn\":\"citrons\",\"idxP\":30},{\"mq\":\"Triscuit\",\"nm\":\"Craquelins originaux\",\"nme\":\"Original Cracker\",\"attr\":\"\",\"sku\":\"10834\",\"l2\":\"Biscuit et craquelin\",\"sl\":\"craquelins-originaux-triscuit-10834\",\"sn\":\"\",\"idxP\":35},{\"mq\":\"Querico\",\"nm\":\"Bonbon crocodile\",\"nme\":\"Crocodile Candy\",\"attr\":\"\",\"sku\":\"33682\",\"l2\":\"Confiserie\",\"sl\":\"bonbon-crocodile-querico-33682\",\"sn\":\"\",\"idxP\":61},{\"mq\":\"Premium Plus\",\"nm\":\"Craquelins non saupoudr\u00E9s de sel\",\"nme\":\"Unsalted Top Crackers\",\"attr\":\"\",\"sku\":\"01772\",\"l2\":\"Biscuit et craquelin\",\"sl\":\"craquelins-non-saupoudres-de-sel-premium-plus-01772\",\"sn\":\"\",\"idxP\":49},{\"mq\":\"Rio\",\"nm\":\"Cornet gobelet #59\",\"nme\":\"Ice Cream Cup Cone #59\",\"attr\":\"\",\"sku\":\"16446\",\"l2\":\"Bar laitier\",\"sl\":\"cornet-gobelet-59-rio-16446\",\"sn\":\"\",\"idxP\":76},{\"mq\":\"Querico\",\"nm\":\"Bonbon mini menthe\",\"nme\":\"Mini Mint Candy\",\"attr\":\"\",\"sku\":\"38604\",\"l2\":\"Confiserie\",\"sl\":\"bonbon-mini-menthe-querico-38604\",\"sn\":\"\",\"idxP\":25},{\"mq\":\"Les D\u00E9lices DL\",\"nm\":\"Biscotti amande et canneberge\",\"nme\":\"Almond and Cranberry Biscotti\",\"attr\":\"\",\"sku\":\"00564\",\"l2\":\"Biscuit et craquelin\",\"sl\":\"biscotti-amande-et-canneberge-les-delices-dl-00564\",\"sn\":\"croustille, amandes\",\"idxP\":100},{\"mq\":\"Premium Plus\",\"nm\":\"Craquelins de bl\u00E9 entier\",\"nme\":\"Whole Wheat Crackers\",\"attr\":\"\",\"sku\":\"23064\",\"l2\":\"Biscuit et craquelin\",\"sl\":\"craquelins-de-ble-entier-premium-plus-23064\",\"sn\":\"\",\"idxP\":23},{\"mq\":\"Christie\",\"nm\":\"Biscuits Chips Ahoy avec morceaux de chocolat\",\"nme\":\"Chips Ahoy Chocolate Bites Cookies\",\"attr\":\"\",\"sku\":\"21402\",\"l2\":\"Biscuit et craquelin\",\"sl\":\"biscuits-chips-ahoy-avec-morceaux-de-chocolat-christie-21402\",\"sn\":\"croustille\",\"idxP\":36},{\"mq\":\"Carr's\",\"nm\":\"Craquelins \u00E0 l'eau\",\"nme\":\"Table Water Crackers\",\"attr\":\"\",\"sku\":\"29012\",\"l2\":\"Biscuit et craquelin\",\"sl\":\"craquelins-a-leau-carrs-29012\",\"sn\":\"\",\"idxP\":84},{\"mq\":\"Wasa\",\"nm\":\"Croustipain seigle l\u00E9ger\",\"nme\":\"Light Rye Crispbreads\",\"attr\":\"\",\"sku\":\"16778\",\"l2\":\"Biscuit et craquelin\",\"sl\":\"croustipain-seigle-leger-wasa-16778\",\"sn\":\"\",\"idxP\":17},{\"mq\":\"Verona\",\"nm\":\"Biscuits S\",\"nme\":\"S Cookies\",\"attr\":\"\",\"sku\":\"20879\",\"l2\":\"Biscuit et craquelin\",\"sl\":\"biscuits-s-verona-20879\",\"sn\":\"\",\"idxP\":83},{\"mq\":\"Premium Plus\",\"nm\":\"Craquelins non sal\u00E9\",\"nme\":\"Unsalted Crackers\",\"attr\":\"\",\"sku\":\"34213\",\"l2\":\"Biscuit et craquelin\",\"sl\":\"craquelins-non-sale-premium-plus-34213\",\"sn\":\"\",\"idxP\":27},{\"mq\":\"Triscuit\",\"nm\":\"Craquelins \u00E0 faible teneur en sodium\",\"nme\":\"Low Sodium Crackers\",\"attr\":\"\",\"sku\":\"10832\",\"l2\":\"Biscuit et craquelin\",\"sl\":\"craquelins-a-faible-teneur-en-sodium-triscuit-10832\",\"sn\":\"\",\"idxP\":27},{\"mq\":\"Verona\",\"nm\":\"Biscuits Albert\",\"nme\":\"Albert Cookies\",\"attr\":\"\",\"sku\":\"26262\",\"l2\":\"Biscuit et craquelin\",\"sl\":\"biscuits-albert-verona-26262\",\"sn\":\"\",\"idxP\":74},{\"mq\":\"Les D\u00E9lices DL\",\"nm\":\"Biscotti mangue et noix coco\",\"nme\":\"Mango Coconut biscotti\",\"attr\":\"\",\"sku\":\"30725\",\"l2\":\"Biscuit et craquelin\",\"sl\":\"biscotti-mangue-et-noix-coco-les-delices-dl-30725\",\"sn\":\"croustille, mangues\",\"idxP\":84},{\"mq\":\"Wasa\",\"nm\":\"Croustipain multigrain\",\"nme\":\"Multi Grain Crispbread\",\"attr\":\"\",\"sku\":\"16776\",\"l2\":\"Biscuit et craquelin\",\"sl\":\"croustipain-multigrain-wasa-16776\",\"sn\":\"\",\"idxP\":23},{\"mq\":\"Elledi\",\"nm\":\"Biscuits boudoirs doigts de f\u00E9e Savoiardi\",\"nme\":\"Lady Fingers Cookies Savoiardi\",\"attr\":\"\",\"sku\":\"20914\",\"l2\":\"Biscuit et craquelin\",\"sl\":\"biscuits-boudoirs-doigts-de-fee-savoiardi-elledi-20914\",\"sn\":\"\",\"idxP\":100},{\"mq\":\"Balocco\",\"nm\":\"Gaufrette \u00E0 la cr\u00E8me de noisette\",\"nme\":\"Hazelnut Cream Waffle Cookie\",\"attr\":\"\",\"sku\":\"32424\",\"l2\":\"Biscuit et craquelin\",\"sl\":\"gaufrette-a-la-creme-de-noisette-balocco-32424\",\"sn\":\"\",\"idxP\":43},{\"mq\":\"Jet-Puffed\",\"nm\":\"Mini guimauve blanche\",\"nme\":\"White Mini Marshmallow\",\"attr\":\"\",\"sku\":\"30503\",\"l2\":\"Confiserie\",\"sl\":\"mini-guimauve-blanche-jet-puffed-30503\",\"sn\":\"\",\"idxP\":87},{\"mq\":\"Dare\",\"nm\":\"Craquelins Grissol au sel de mer\",\"nme\":\"Grissol Sea Salt Crackers\",\"attr\":\"\",\"sku\":\"10854\",\"l2\":\"Biscuit et craquelin\",\"sl\":\"craquelins-grissol-au-sel-de-mer-dare-10854\",\"sn\":\"\",\"idxP\":74},{\"mq\":\"Dad's\",\"nm\":\"Biscuits \u00E0 la farine d'avoine\",\"nme\":\"Oatmeal Biscuit\",\"attr\":\"\",\"sku\":\"21400\",\"l2\":\"Biscuit et craquelin\",\"sl\":\"biscuits-a-la-farine-davoine-dads-21400\",\"sn\":\"\",\"idxP\":27},{\"mq\":\"Petite Abeille\",\"nm\":\"Biscuits graham\",\"nme\":\"Honey Maid Wafers\",\"attr\":\"\",\"sku\":\"31098\",\"l2\":\"Biscuit et craquelin\",\"sl\":\"biscuits-graham-petite-abeille-31098\",\"sn\":\"\",\"idxP\":88},{\"mq\":\"Balocco\",\"nm\":\"Gaufrette \u00E0 la vanille\",\"nme\":\"Vanilla Wafer Cookie\",\"attr\":\"\",\"sku\":\"32425\",\"l2\":\"Biscuit et craquelin\",\"sl\":\"gaufrette-a-la-vanille-balocco-32425\",\"sn\":\"\",\"idxP\":49},{\"mq\":\"Campiello\",\"nm\":\"Biscuit Frollini aux p\u00E9pites de chocolat\",\"nme\":\"Chocolate Chip Frollini Cookie 350 g\",\"attr\":\"\",\"sku\":\"34876\",\"l2\":\"Biscuit et craquelin\",\"sl\":\"biscuit-frollini-aux-pepites-de-chocolat-campiello-34876\",\"sn\":\"\",\"idxP\":16},{\"mq\":\"Campiello\",\"nm\":\"Biscuit Frollini cacao noisette\",\"nme\":\"Cocoa Hazelnut Frollini Cookie\",\"attr\":\"\",\"sku\":\"34873\",\"l2\":\"Biscuit et craquelin\",\"sl\":\"biscuit-frollini-cacao-noisette-campiello-34873\",\"sn\":\"\",\"idxP\":23},{\"mq\":\"Divella\",\"nm\":\"Biscuit Frollini cr\u00E8me cacao\",\"nme\":\"Cocoa Crema Frollini Biscuit\",\"attr\":\"\",\"sku\":\"34900\",\"l2\":\"Biscuit et craquelin\",\"sl\":\"biscuit-frollini-creme-cacao-divella-34900\",\"sn\":\"\",\"idxP\":31},{\"mq\":\"Reko\",\"nm\":\"Gaufrette Pizzelle au chocolat\",\"nme\":\"Chocolate Pizzelle Wafer Cookie\",\"attr\":\"\",\"sku\":\"37253\",\"l2\":\"Biscuit et craquelin\",\"sl\":\"gaufrette-pizzelle-au-chocolat-reko-37253\",\"sn\":\"\",\"idxP\":24},{\"mq\":\"Chips Ahoy\",\"nm\":\"Biscuits aux p\u00E9pites de chocolat\",\"nme\":\"Chocolate Chip Cookies\",\"attr\":\"\",\"sku\":\"21404\",\"l2\":\"Biscuit et craquelin\",\"sl\":\"biscuits-aux-pepites-de-chocolat-chips-ahoy-21404\",\"sn\":\"\",\"idxP\":44},{\"mq\":\"Campiello\",\"nm\":\"Biscuits Frollini au bl\u00E9 arielle\",\"nme\":\"Wheat Frollini Cookie\",\"attr\":\"\",\"sku\":\"34872\",\"l2\":\"Biscuit et craquelin\",\"sl\":\"biscuits-frollini-au-ble-arielle-campiello-34872\",\"sn\":\"\",\"idxP\":17},{\"mq\":\"Campiello\",\"nm\":\"Biscuit coeur\",\"nme\":\"Heart Cookie\",\"attr\":\"\",\"sku\":\"36186\",\"l2\":\"Biscuit et craquelin\",\"sl\":\"biscuit-coeur-campiello-36186\",\"sn\":\"\",\"idxP\":4},{\"mq\":\"Divella\",\"nm\":\"Biscuit Frollini au miel\",\"nme\":\"Honey Frollini Biscuit\",\"attr\":\"\",\"sku\":\"34901\",\"l2\":\"Biscuit et craquelin\",\"sl\":\"biscuit-frollini-au-miel-divella-34901\",\"sn\":\"\",\"idxP\":31},{\"mq\":\"Reko\",\"nm\":\"Gaufrette Pizzelle \u00E0 l'anis\",\"nme\":\"Anise Wafer Cookie\",\"attr\":\"\",\"sku\":\"37252\",\"l2\":\"Biscuit et craquelin\",\"sl\":\"gaufrette-pizzelle-a-lanis-reko-37252\",\"sn\":\"\",\"idxP\":24},{\"mq\":\"Balocco\",\"nm\":\"Gaufrette au cacao\",\"nme\":\"Cocoa Wafer Cookie\",\"attr\":\"\",\"sku\":\"32423\",\"l2\":\"Biscuit et craquelin\",\"sl\":\"gaufrette-au-cacao-balocco-32423\",\"sn\":\"\",\"idxP\":35},{\"mq\":\"Divella\",\"nm\":\"Biscuits Frollini aux p\u00E9pites de chocolat\",\"nme\":\"Chocolate Chips Frollini Biscuits\",\"attr\":\"\",\"sku\":\"34904\",\"l2\":\"Biscuit et craquelin\",\"sl\":\"biscuits-frollini-aux-pepites-de-chocolat-divella-34904\",\"sn\":\"croustille\",\"idxP\":31},{\"mq\":\"Papa Mesiti\",\"nm\":\"Biscuits stracetti\",\"nme\":\"Stracetti Cookies\",\"attr\":\"\",\"sku\":\"45410\",\"l2\":\"Biscuit et craquelin\",\"sl\":\"biscuits-stracetti-papa-mesiti-45410\",\"sn\":\"\",\"idxP\":17},{\"mq\":\"Vicenzi\",\"nm\":\"Biscuits Savoiardi\",\"nme\":\"Savoiardi Cookies\",\"attr\":\"\",\"sku\":\"38403\",\"l2\":\"Biscuit et craquelin\",\"sl\":\"biscuits-savoiardi-vicenzi-38403\",\"sn\":\"\",\"idxP\":56},{\"mq\":\"Balocco\",\"nm\":\"Biscuits Bastonci parfum citron\",\"nme\":\"Bastonci Lemon Scented Cookies\",\"attr\":\"\",\"sku\":\"46516\",\"l2\":\"Biscuit et craquelin\",\"sl\":\"biscuits-bastonci-parfum-citron-balocco-46516\",\"sn\":\"citrons\",\"idxP\":60},{\"mq\":\"Ducale\",\"nm\":\"Biscotti brisure de chocolat\",\"nme\":\"Chocolate Biscotti\",\"attr\":\"\",\"sku\":\"49848\",\"l2\":\"Biscuit et craquelin\",\"sl\":\"biscotti-brisure-de-chocolat-ducale-49848\",\"sn\":\"\",\"idxP\":21},{\"mq\":\"Papa Mesiti\",\"nm\":\"Biscuits stracetti bl\u00E9 entier\",\"nme\":\"Whole wheat stracetti cookies\",\"attr\":\"\",\"sku\":\"45409\",\"l2\":\"Biscuit et craquelin\",\"sl\":\"biscuits-stracetti-ble-entier-papa-mesiti-45409\",\"sn\":\"\",\"idxP\":18},{\"mq\":\"Balocco\",\"nm\":\"Biscuit Ciambelle\",\"nme\":\"Ciambelle Cookies\",\"attr\":\"\",\"sku\":\"46515\",\"l2\":\"Biscuit et craquelin\",\"sl\":\"biscuit-ciambelle-balocco-46515\",\"sn\":\"\",\"idxP\":64},{\"mq\":\"Dare\",\"nm\":\"Biscuits petit beurre\",\"nme\":\"Petit Beurre Cookies\",\"attr\":\"\",\"sku\":\"49566\",\"l2\":\"Biscuit et craquelin\",\"sl\":\"biscuits-petit-beurre-dare-49566\",\"sn\":\"\",\"idxP\":67},{\"mq\":\"Reko\",\"nm\":\"Gaufrettes Pizzelle \u00E0 la vanille\",\"nme\":\"Vanilla Italian Pizelle Wafer Cookies\",\"attr\":\"\",\"sku\":\"37255\",\"l2\":\"Biscuit et craquelin\",\"sl\":\"gaufrettes-pizzelle-a-la-vanille-reko-37255\",\"sn\":\"\",\"idxP\":53},{\"mq\":\"Papa Mesiti\",\"nm\":\"Biscuits ciambelle\",\"nme\":\"Ciambelle Cookies\",\"attr\":\"\",\"sku\":\"45408\",\"l2\":\"Biscuit et craquelin\",\"sl\":\"biscuits-ciambelle-papa-mesiti-45408\",\"sn\":\"\",\"idxP\":17},{\"mq\":\"Verona\",\"nm\":\"Biscuits S aux brisures de chocolat\",\"nme\":\"Chocolate Chip S Cookies\",\"attr\":\"\",\"sku\":\"44154\",\"l2\":\"Biscuit et craquelin\",\"sl\":\"biscuits-s-aux-brisures-de-chocolat-verona-44154\",\"sn\":\"\",\"idxP\":74},{\"mq\":\"Rio\",\"nm\":\"Cornet sucr\u00E9\",\"nme\":\"Ice Cream Sweet Cone\",\"attr\":\"\",\"sku\":\"38981\",\"l2\":\"Bar laitier\",\"sl\":\"cornet-sucre-rio-38981\",\"sn\":\"\",\"idxP\":49},{\"mq\":\"Reko\",\"nm\":\"Gaufrette Pizzelle \u00E0 l'\u00E9rable\",\"nme\":\"Maple Pizzelle Wafer Cookie\",\"attr\":\"\",\"sku\":\"37254\",\"l2\":\"Biscuit et craquelin\",\"sl\":\"gaufrette-pizzelle-a-lerable-reko-37254\",\"sn\":\"\",\"idxP\":27},{\"mq\":\"Balocco\",\"nm\":\"Biscuit cacao noisette\",\"nme\":\"Cocoa Hazelnut Cookie\",\"attr\":\"\",\"sku\":\"49600\",\"l2\":\"Biscuit et craquelin\",\"sl\":\"biscuit-cacao-noisette-balocco-49600\",\"sn\":\"\",\"idxP\":34},{\"mq\":\"Premium Plus\",\"nm\":\"Craquelins sal\u00E9s\",\"nme\":\"Salted Crackers\",\"attr\":\"\",\"sku\":\"34155\",\"l2\":\"Biscuit et craquelin\",\"sl\":\"craquelins-sales-premium-plus-34155\",\"sn\":\"\",\"idxP\":67},{\"mq\":\"Balocco\",\"nm\":\"Biscuit goutte cacao\",\"nme\":\"Cocoa Drop Cookie\",\"attr\":\"\",\"sku\":\"49601\",\"l2\":\"Biscuit et craquelin\",\"sl\":\"biscuit-goutte-cacao-balocco-49601\",\"sn\":\"\",\"idxP\":36},{\"mq\":\"Balocco\",\"nm\":\"Biscuits Pastefrolle\",\"nme\":\"Pastefrolle Cookies\",\"attr\":\"\",\"sku\":\"46517\",\"l2\":\"Biscuit et craquelin\",\"sl\":\"biscuits-pastefrolle-balocco-46517\",\"sn\":\"\",\"idxP\":43},{\"mq\":\"Agrofusion\",\"nm\":\"Orge perl\u00E9\",\"nme\":\"Pearled Barley\",\"attr\":\"\",\"sku\":\"08952\",\"l2\":\"Riz et grain\",\"sl\":\"orge-perle-agrofusion-08952\",\"sn\":\"\",\"idxP\":45},{\"mq\":\"Maille\",\"nm\":\"Vinaigre de vin blanc\",\"nme\":\"White Wine Vinegar\",\"attr\":\"\",\"sku\":\"19524\",\"l2\":\"Huile et vinaigre\",\"sl\":\"vinaigre-de-vin-blanc-maille-19524\",\"sn\":\"\",\"idxP\":37},{\"mq\":\"Cadbury\",\"nm\":\"Chocolat caramilk\",\"nme\":\"Cadbury Chocolate\",\"attr\":\"\",\"sku\":\"02987\",\"l2\":\"Confiserie\",\"sl\":\"chocolat-caramilk-cadbury-02987\",\"sn\":\"\",\"idxP\":36},{\"mq\":\"Maille\",\"nm\":\"Vinaigre de vin rouge\",\"nme\":\"Red Wine Vinegar\",\"attr\":\"\",\"sku\":\"19527\",\"l2\":\"Huile et vinaigre\",\"sl\":\"vinaigre-de-vin-rouge-maille-19527\",\"sn\":\"\",\"idxP\":43},{\"mq\":\"Agrofusion\",\"nm\":\"Quinoa rouge\",\"nme\":\"Red Quinoa\",\"attr\":\"Sans gluten\",\"sku\":\"30629\",\"l2\":\"Riz et grain\",\"sl\":\"quinoa-rouge-agrofusion-30629\",\"sn\":\"\",\"idxP\":19},{\"mq\":\"Agrofusion\",\"nm\":\"Quinoa blanc\",\"nme\":\"White Quinoa\",\"attr\":\"Sans gluten\",\"sku\":\"16891\",\"l2\":\"Riz et grain\",\"sl\":\"quinoa-blanc-agrofusion-16891\",\"sn\":\"\",\"idxP\":59},{\"mq\":\"Agrofusion\",\"nm\":\"Quinoa rouge et blanc\",\"nme\":\"Red and White Quinoa\",\"attr\":\"Sans gluten\",\"sku\":\"38992\",\"l2\":\"Riz et grain\",\"sl\":\"quinoa-rouge-et-blanc-agrofusion-38992\",\"sn\":\"\",\"idxP\":55},{\"mq\":\"Misura\",\"nm\":\"Biscuit sans sucre ajout\u00E9 \u00E0 l'avoine\",\"nme\":\"No Sugar Added Oat Cookie\",\"attr\":\"\",\"sku\":\"10900\",\"l2\":\"Biscuit et craquelin\",\"sl\":\"biscuit-sans-sucre-ajoute-a-lavoine-misura-10900\",\"sn\":\"\",\"idxP\":20},{\"mq\":\"Pastene\",\"nm\":\"Vinaigre de vin\",\"nme\":\"Wine Vinegar\",\"attr\":\"\",\"sku\":\"32606\",\"l2\":\"Huile et vinaigre\",\"sl\":\"vinaigre-de-vin-pastene-32606\",\"sn\":\"\",\"idxP\":66},{\"mq\":\"Pastene\",\"nm\":\"Filets de maquereaux dans l'huile d'olive\",\"nme\":\"Mackerel Fillets in Olive Oil\",\"attr\":\"\",\"sku\":\"19562\",\"l2\":\"Poisson et viande en conserve\",\"sl\":\"filets-de-maquereaux-dans-lhuile-dolive-pastene-19562\",\"sn\":\"\",\"idxP\":94},{\"mq\":\"Jif\",\"nm\":\"Beurre d'arachide cr\u00E9meux\",\"nme\":\"Creamy Peanut Butter\",\"attr\":\"\",\"sku\":\"23112\",\"l2\":\"Confiture et tartinade\",\"sl\":\"beurre-darachide-cremeux-jif-23112\",\"sn\":\"\",\"idxP\":93},{\"mq\":\"Midi\",\"nm\":\"G\u00E2teaux au tiramisu\",\"nme\":\"Tiramisu Biscuits\",\"attr\":\"\",\"sku\":\"49246\",\"l2\":\"Biscuit et craquelin\",\"sl\":\"gateaux-au-tiramisu-midi-49246\",\"sn\":\"\",\"idxP\":26},{\"mq\":\"Clif\",\"nm\":\"Barres croquantes au beurre d'arachide\",\"nme\":\"Crunchy Peanut Butter Bars\",\"attr\":\"\",\"sku\":\"13304\",\"l2\":\"C\u00E9r\u00E9ales et barre\",\"sl\":\"barres-croquantes-au-beurre-darachide-clif-13304\",\"sn\":\"\",\"idxP\":61},{\"mq\":\"Quaker\",\"nm\":\"Barre tendre brisure choco dip\",\"nme\":\"Chocolate Chips Chewy Bar\",\"attr\":\"\",\"sku\":\"35727\",\"l2\":\"C\u00E9r\u00E9ales et barre\",\"sl\":\"barre-tendre-brisure-choco-dip-quaker-35727\",\"sn\":\"croustille\",\"idxP\":62},{\"mq\":\"Balconi\",\"nm\":\"G\u00E2teau mix max\",\"nme\":\"Mix Max Cake\",\"attr\":\"\",\"sku\":\"49706\",\"l2\":\"Biscuit et craquelin\",\"sl\":\"gateau-mix-max-balconi-49706\",\"sn\":\"\",\"idxP\":41},{\"mq\":\"Clif\",\"nm\":\"Barres aux p\u00E9pites de chocolat\",\"nme\":\"Chocolate Chip Bar\",\"attr\":\"\",\"sku\":\"13301\",\"l2\":\"C\u00E9r\u00E9ales et barre\",\"sl\":\"barres-aux-pepites-de-chocolat-clif-13301\",\"sn\":\"\",\"idxP\":69},{\"mq\":\"Decacer\",\"nm\":\"Flocons d'\u00E9rable pur\",\"nme\":\"Pure Maple Flakes\",\"attr\":\"\",\"sku\":\"34109\",\"l2\":\"Sucre\",\"sl\":\"flocons-derable-pur-decacer-34109\",\"sn\":\"\",\"idxP\":59},{\"mq\":\"Ancestral\",\"nm\":\"Vinaigre de cidre\",\"nme\":\"Vinegar Cider\",\"attr\":\"\",\"sku\":\"11795\",\"l2\":\"Huile et vinaigre\",\"sl\":\"vinaigre-de-cidre-ancestral-11795\",\"sn\":\"\",\"idxP\":59},{\"mq\":\"Aurora\",\"nm\":\"M\u00E9lange bouillon au poulet\",\"nme\":\"Chicken Bouillon Mix\",\"attr\":\"\",\"sku\":\"07578\",\"l2\":\"Soupe et bouillon\",\"sl\":\"melange-bouillon-au-poulet-aurora-07578\",\"sn\":\"\",\"idxP\":60},{\"mq\":\"Midi\",\"nm\":\"G\u00E2teaux \u00E0 la noisette\",\"nme\":\"Hazelnut Cakes\",\"attr\":\"\",\"sku\":\"24816\",\"l2\":\"Biscuit et craquelin\",\"sl\":\"gateaux-a-la-noisette-midi-24816\",\"sn\":\"\",\"idxP\":33},{\"mq\":\"Maille\",\"nm\":\"Vinaigre de X\u00E9r\u00E8s\",\"nme\":\"Sherry Vinegar\",\"attr\":\"\",\"sku\":\"45603\",\"l2\":\"Huile et vinaigre\",\"sl\":\"vinaigre-de-xeres-maille-45603\",\"sn\":\"\",\"idxP\":29},{\"mq\":\"Midi\",\"nm\":\"G\u00E2teaux au chocolat\",\"nme\":\"Chocolate Cakes\",\"attr\":\"\",\"sku\":\"49247\",\"l2\":\"Biscuit et craquelin\",\"sl\":\"gateaux-au-chocolat-midi-49247\",\"sn\":\"\",\"idxP\":36},{\"mq\":\"Clif\",\"nm\":\"Barres chocolat blanc et noix de macadame\",\"nme\":\"White Chocolate Macadamia Nut Bars\",\"attr\":\"\",\"sku\":\"30907\",\"l2\":\"C\u00E9r\u00E9ales et barre\",\"sl\":\"barres-chocolat-blanc-et-noix-de-macadame-clif-30907\",\"sn\":\"\",\"idxP\":57},{\"mq\":\"Kikkoman\",\"nm\":\"Vinaigre de riz r\u00E9gulier\",\"nme\":\"Plain Rice Vinegar\",\"attr\":\"\",\"sku\":\"34997\",\"l2\":\"Huile et vinaigre\",\"sl\":\"vinaigre-de-riz-regulier-kikkoman-34997\",\"sn\":\"\",\"idxP\":84},{\"mq\":\"Bovril\",\"nm\":\"Concentr\u00E9 de bouillon de poulet\",\"nme\":\"Chicken Bouillon Concentrate\",\"attr\":\"\",\"sku\":\"25563\",\"l2\":\"Soupe et bouillon\",\"sl\":\"concentre-de-bouillon-de-poulet-bovril-25563\",\"sn\":\"\",\"idxP\":71},{\"mq\":\"Parador\",\"nm\":\"Concentr\u00E9 de bouillon de poulet\",\"nme\":\"Chicken Broth Concentrate\",\"attr\":\"Produit local\",\"sku\":\"31070\",\"l2\":\"Soupe et bouillon\",\"sl\":\"concentre-de-bouillon-de-poulet-parador-31070\",\"sn\":\"\",\"idxP\":79},{\"mq\":\"Loacker\",\"nm\":\"Gaufrette napolitaine\",\"nme\":\"Neapolitan Wafer Cookie\",\"attr\":\"\",\"sku\":\"49746\",\"l2\":\"Biscuit et craquelin\",\"sl\":\"gaufrette-napolitaine-loacker-49746\",\"sn\":\"\",\"idxP\":56},{\"mq\":\"Loacker\",\"nm\":\"Gaufrette vanille\",\"nme\":\"Vanilla Wafer Cookie\",\"attr\":\"\",\"sku\":\"49747\",\"l2\":\"Biscuit et craquelin\",\"sl\":\"gaufrette-vanille-loacker-49747\",\"sn\":\"\",\"idxP\":46},{\"mq\":\"Bovril\",\"nm\":\"Concentr\u00E9 de bouillon de b\u0153uf\",\"nme\":\"Beef Broth Concentrate\",\"attr\":\"\",\"sku\":\"18672\",\"l2\":\"Soupe et bouillon\",\"sl\":\"concentre-de-bouillon-de-buf-bovril-18672\",\"sn\":\"\",\"idxP\":58},{\"mq\":\"Knorr\",\"nm\":\"Bouillon cubes l\u00E9gumes\",\"nme\":\"Vegetable Broth Cubes\",\"attr\":\"\",\"sku\":\"12033\",\"l2\":\"Soupe et bouillon\",\"sl\":\"bouillon-cubes-legumes-knorr-12033\",\"sn\":\"\",\"idxP\":50},{\"mq\":\"Fedoro\",\"nm\":\"Drag\u00E9es blanches aux amandes\",\"nme\":\"White Sugared Almond\",\"attr\":\"\",\"sku\":\"13755\",\"l2\":\"Confiserie\",\"sl\":\"dragees-blanches-aux-amandes-fedoro-13755\",\"sn\":\"amandes\",\"idxP\":32},{\"mq\":\"Cibona\",\"nm\":\"Cornichons marin\u00E9s sucr\u00E9s\",\"nme\":\"Sweet Pickled Gherkins\",\"attr\":\"\",\"sku\":\"32838\",\"l2\":\"Marinade\",\"sl\":\"cornichons-marines-sucres-cibona-32838\",\"sn\":\"\",\"idxP\":85},{\"mq\":\"Aurora\",\"nm\":\"Cube bouillon b\u0153uf\",\"nme\":\"Beef Bouillon Cube\",\"attr\":\"\",\"sku\":\"48217\",\"l2\":\"Soupe et bouillon\",\"sl\":\"cube-bouillon-buf-aurora-48217\",\"sn\":\"\",\"idxP\":78},{\"mq\":\"Aurora\",\"nm\":\"Coulis de tomates\",\"nme\":\"Strained Crushed Tomatoes\",\"attr\":\"\",\"sku\":\"11021\",\"l2\":\"Tomate en conserve\",\"sl\":\"coulis-de-tomates-aurora-11021\",\"sn\":\"tomates\",\"idxP\":100},{\"mq\":\"Mutti\",\"nm\":\"Coulis de tomates\",\"nme\":\"Strained Tomatoes\",\"attr\":\"\",\"sku\":\"48046\",\"l2\":\"Tomate en conserve\",\"sl\":\"coulis-de-tomates-mutti-48046\",\"sn\":\"tomates\",\"idxP\":100},{\"mq\":\"Wolski\",\"nm\":\"Cornichons \u00E0 la polonaise\",\"nme\":\"Polish Dill Pickles\",\"attr\":\"\",\"sku\":\"18295\",\"l2\":\"Marinade\",\"sl\":\"cornichons-a-la-polonaise-wolski-18295\",\"sn\":\"\",\"idxP\":100},{\"mq\":\"Aurora\",\"nm\":\"M\u00E9lange bouillon l\u00E9gumes\",\"nme\":\"Vegetable Broth Mix\",\"attr\":\"\",\"sku\":\"48212\",\"l2\":\"Soupe et bouillon\",\"sl\":\"melange-bouillon-legumes-aurora-48212\",\"sn\":\"\",\"idxP\":81},{\"mq\":\"Aurora\",\"nm\":\"M\u00E9lange bouillon de poulet\",\"nme\":\"Chicken Bouillon Mix\",\"attr\":\"\",\"sku\":\"48216\",\"l2\":\"Soupe et bouillon\",\"sl\":\"melange-bouillon-de-poulet-aurora-48216\",\"sn\":\"\",\"idxP\":96},{\"mq\":\"Parador\",\"nm\":\"Concentr\u00E9 de bouillon de b\u0153uf\",\"nme\":\"Beef Broth Concentrate\",\"attr\":\"Produit local\",\"sku\":\"31069\",\"l2\":\"Soupe et bouillon\",\"sl\":\"concentre-de-bouillon-de-buf-parador-31069\",\"sn\":\"\",\"idxP\":63},{\"mq\":\"Econo\",\"nm\":\"M\u00E9lange \u00E0 soupe alphabets & l\u00E9gumes\",\"nme\":\"Alphabets & Vegetables Soup Mix\",\"attr\":\"\",\"sku\":\"21248\",\"l2\":\"Soupe et bouillon\",\"sl\":\"melange-a-soupe-alphabets-legumes-econo-21248\",\"sn\":\"\",\"idxP\":26},{\"mq\":\"Skittles\",\"nm\":\"Bonbon\",\"nme\":\"Candy\",\"attr\":\"\",\"sku\":\"23494\",\"l2\":\"Confiserie\",\"sl\":\"bonbon-skittles-23494\",\"sn\":\"\",\"idxP\":14},{\"mq\":\"Snickers\",\"nm\":\"Barre de chocolat Snickers\",\"nme\":\"Chocolate Bar Snickers x48\",\"attr\":\"\",\"sku\":\"03309\",\"l2\":\"Confiserie\",\"sl\":\"barre-de-chocolat-snickers-snickers-03309\",\"sn\":\"\",\"idxP\":10},{\"mq\":\"Kraft\",\"nm\":\"Sauce tartare\",\"nme\":\"Tartar Sauce\",\"attr\":\"\",\"sku\":\"47294\",\"l2\":\"Condiment\",\"sl\":\"sauce-tartare-kraft-47294\",\"sn\":\"\",\"idxP\":14},{\"mq\":\"Freddo\",\"nm\":\"Pastilles de chocolat au lait\",\"nme\":\"Milk Chocolate Chips\",\"attr\":\"\",\"sku\":\"04898\",\"l2\":\"Ingr\u00E9dient de p\u00E2tisserie\",\"sl\":\"pastilles-de-chocolat-au-lait-freddo-04898\",\"sn\":\"\",\"idxP\":100},{\"mq\":\"Kraft\",\"nm\":\"Vinaigrette au concombre cr\u00E9meuse\",\"nme\":\"Creamy Cucumber Salad Dressing\",\"attr\":\"\",\"sku\":\"47281\",\"l2\":\"Vinaigrette et Cro\u00FBton\",\"sl\":\"vinaigrette-au-concombre-cremeuse-kraft-47281\",\"sn\":\"concombres\",\"idxP\":16},{\"mq\":\"Kraft\",\"nm\":\"Vinaigrette Mille-\u00CEles\",\"nme\":\"Thousand Island Salad Dressing\",\"attr\":\"\",\"sku\":\"47274\",\"l2\":\"Vinaigrette et Cro\u00FBton\",\"sl\":\"vinaigrette-mille-iles-kraft-47274\",\"sn\":\"\",\"idxP\":18},{\"mq\":\"Kraft\",\"nm\":\"Vinaigrette campagne\",\"nme\":\"Rancher's Salad Dressing\",\"attr\":\"\",\"sku\":\"47284\",\"l2\":\"Vinaigrette et Cro\u00FBton\",\"sl\":\"vinaigrette-campagne-kraft-47284\",\"sn\":\"\",\"idxP\":18},{\"mq\":\"Kraft\",\"nm\":\"Mayonnaise en pot\",\"nme\":\"Mayonnaise in Jar\",\"attr\":\"\",\"sku\":\"47293\",\"l2\":\"Condiment\",\"sl\":\"mayonnaise-en-pot-kraft-47293\",\"sn\":\"mayonnaise\",\"idxP\":36},{\"mq\":\"Freddo\",\"nm\":\"Pastilles de chocolat noir\",\"nme\":\"Dark Chocolate Chips\",\"attr\":\"\",\"sku\":\"11085\",\"l2\":\"Ingr\u00E9dient de p\u00E2tisserie\",\"sl\":\"pastilles-de-chocolat-noir-freddo-11085\",\"sn\":\"croustille\",\"idxP\":100},{\"mq\":\"Heinz\",\"nm\":\"Relish en portions\",\"nme\":\"Relish Portion\",\"attr\":\"\",\"sku\":\"00402\",\"l2\":\"Condiment\",\"sl\":\"relish-en-portions-heinz-00402\",\"sn\":\"\",\"idxP\":13},{\"mq\":\"Heinz\",\"nm\":\"Ketchup en bouteille renvers\u00E9e\",\"nme\":\"Upside Down Ketchup Bottle\",\"attr\":\"\",\"sku\":\"06050\",\"l2\":\"Condiment\",\"sl\":\"ketchup-en-bouteille-renversee-heinz-06050\",\"sn\":\"\",\"idxP\":24},{\"mq\":\"Heinz\",\"nm\":\"Moutarde jaune en bouteille renvers\u00E9e\",\"nme\":\"Upside Down Bottle Yellow Mustard\",\"attr\":\"\",\"sku\":\"09273\",\"l2\":\"Condiment\",\"sl\":\"moutarde-jaune-en-bouteille-renversee-heinz-09273\",\"sn\":\"\",\"idxP\":83},{\"mq\":\"Kraft\",\"nm\":\"Beurre d'arachide cr\u00E9meux\",\"nme\":\"Smooth Peanut Butter\",\"attr\":\"\",\"sku\":\"11472\",\"l2\":\"Confiture et tartinade\",\"sl\":\"beurre-darachide-cremeux-kraft-11472\",\"sn\":\"\",\"idxP\":11},{\"mq\":\"Hellmann's\",\"nm\":\"Sauce sandwich chipotle \u00E9pic\u00E9\",\"nme\":\"Mayonnaise Spicy Chipotle\",\"attr\":\"\",\"sku\":\"13438\",\"l2\":\"Condiment\",\"sl\":\"sauce-sandwich-chipotle-epice-hellmanns-13438\",\"sn\":\"mayonnaise\",\"idxP\":49},{\"mq\":\"Hellmann's\",\"nm\":\"Mayonnaise l\u00E9g\u00E8re\",\"nme\":\"Light Mayonnaise\",\"attr\":\"\",\"sku\":\"00129\",\"l2\":\"Condiment\",\"sl\":\"mayonnaise-legere-hellmanns-00129\",\"sn\":\"mayonnaise\",\"idxP\":14},{\"mq\":\"Kraft\",\"nm\":\"Miel liquide portion\",\"nme\":\"Liquid Honey Portion\",\"attr\":\"\",\"sku\":\"17082\",\"l2\":\"Confiture et tartinade\",\"sl\":\"miel-liquide-portion-kraft-17082\",\"sn\":\"\",\"idxP\":26},{\"mq\":\"Heinz\",\"nm\":\"Soupe aux tomates\",\"nme\":\"Tomato Soup\",\"attr\":\"\",\"sku\":\"15694\",\"l2\":\"Soupe et bouillon\",\"sl\":\"soupe-aux-tomates-heinz-15694\",\"sn\":\"tomates\",\"idxP\":84},{\"mq\":\"Heinz\",\"nm\":\"Sauce \u00E0 pizza\",\"nme\":\"Pizza Sauce\",\"attr\":\"\",\"sku\":\"19434\",\"l2\":\"Sauce\",\"sl\":\"sauce-a-pizza-heinz-19434\",\"sn\":\"\",\"idxP\":56},{\"mq\":\"Heinz\",\"nm\":\"Relish en bouteille renvers\u00E9e\",\"nme\":\"Relish Upside Down\",\"attr\":\"\",\"sku\":\"16530\",\"l2\":\"Condiment\",\"sl\":\"relish-en-bouteille-renversee-heinz-16530\",\"sn\":\"\",\"idxP\":80},{\"mq\":\"Heinz\",\"nm\":\"Sauce Worcestershire\",\"nme\":\"Worcestershire Sauce\",\"attr\":\"\",\"sku\":\"37823\",\"l2\":\"Condiment\",\"sl\":\"sauce-worcestershire-heinz-37823\",\"sn\":\"\",\"idxP\":39},{\"mq\":\"Kraft\",\"nm\":\"Vinaigrette balsamique\",\"nme\":\"Balsamic Salad Dressing\",\"attr\":\"\",\"sku\":\"48950\",\"l2\":\"Vinaigrette et Cro\u00FBton\",\"sl\":\"vinaigrette-balsamique-kraft-48950\",\"sn\":\"\",\"idxP\":24},{\"mq\":\"Heinz\",\"nm\":\"Sauce au chili\",\"nme\":\"Chili Sauce\",\"attr\":\"\",\"sku\":\"00408\",\"l2\":\"Condiment\",\"sl\":\"sauce-au-chili-heinz-00408\",\"sn\":\"\",\"idxP\":100},{\"mq\":\"Kikkoman\",\"nm\":\"Sauce soya\",\"nme\":\"Soya Sauce\",\"attr\":\"\",\"sku\":\"09583\",\"l2\":\"Condiment\",\"sl\":\"sauce-soya-kikkoman-09583\",\"sn\":\"\",\"idxP\":79},{\"mq\":\"Kikkoman\",\"nm\":\"Sauce Teriyaki\",\"nme\":\"Teriyaki Sauce\",\"attr\":\"\",\"sku\":\"09597\",\"l2\":\"Condiment\",\"sl\":\"sauce-teriyaki-kikkoman-09597\",\"sn\":\"\",\"idxP\":64},{\"mq\":\"Heinz\",\"nm\":\"Sauce fruits de mer\",\"nme\":\"Seafood Sauce\",\"attr\":\"\",\"sku\":\"35532\",\"l2\":\"Condiment\",\"sl\":\"sauce-fruits-de-mer-heinz-35532\",\"sn\":\"\",\"idxP\":62},{\"mq\":\"Kraft\",\"nm\":\"Vinaigrette campagne en portions\",\"nme\":\"Rancher Salad Dressing Portions\",\"attr\":\"\",\"sku\":\"24883\",\"l2\":\"Vinaigrette et Cro\u00FBton\",\"sl\":\"vinaigrette-campagne-en-portions-kraft-24883\",\"sn\":\"\",\"idxP\":15},{\"mq\":\"Miracle Whip\",\"nm\":\"Sauce \u00E0 salade\",\"nme\":\"Salad Dressing\",\"attr\":\"\",\"sku\":\"47295\",\"l2\":\"Condiment\",\"sl\":\"sauce-a-salade-miracle-whip-47295\",\"sn\":\"\",\"idxP\":32},{\"mq\":\"Kikkoman\",\"nm\":\"Tempura \u00E0 la japonaise\",\"nme\":\"Tempura Frying Batter Mix\",\"attr\":\"\",\"sku\":\"09606\",\"l2\":\"Farine, semoule et chapelure\",\"sl\":\"tempura-a-la-japonaise-kikkoman-09606\",\"sn\":\"\",\"idxP\":28},{\"mq\":\"Kikkoman\",\"nm\":\"Sauce soya avec 37% de sodium en moins\",\"nme\":\"Soy Sauce 37% Less Sodium\",\"attr\":\"\",\"sku\":\"14180\",\"l2\":\"Condiment\",\"sl\":\"sauce-soya-avec-37-de-sodium-en-moins-kikkoman-14180\",\"sn\":\"\",\"idxP\":79},{\"mq\":\"Kikkoman\",\"nm\":\"Chapelure panko\",\"nme\":\"Panka Breadcrumb\",\"attr\":\"\",\"sku\":\"09599\",\"l2\":\"Farine, semoule et chapelure\",\"sl\":\"chapelure-panko-kikkoman-09599\",\"sn\":\"\",\"idxP\":50},{\"mq\":\"Aurora\",\"nm\":\"Huile de p\u00E9pins de raisin\",\"nme\":\"Pure Grapeseed Oil\",\"attr\":\"\",\"sku\":\"11912\",\"l2\":\"Huile et vinaigre\",\"sl\":\"huile-de-pepins-de-raisin-aurora-11912\",\"sn\":\"raisins\",\"idxP\":49},{\"mq\":\"Gallo\",\"nm\":\"Huile d'olive extra vierge\",\"nme\":\"Extra Virgin Olive Oil\",\"attr\":\"\",\"sku\":\"17676\",\"l2\":\"Huile et vinaigre\",\"sl\":\"huile-dolive-extra-vierge-gallo-17676\",\"sn\":\"\",\"idxP\":89},{\"mq\":\"Aurora\",\"nm\":\"Huile de p\u00E9pins de raisin\",\"nme\":\"Grapeseed Oil\",\"attr\":\"\",\"sku\":\"22556\",\"l2\":\"Huile et vinaigre\",\"sl\":\"huile-de-pepins-de-raisin-aurora-22556\",\"sn\":\"raisins\",\"idxP\":94},{\"mq\":\"French's\",\"nm\":\"Moutarde jaune bouteille \u00E0 presser\",\"nme\":\"Yellow Mustard Squeeze Bottle\",\"attr\":\"\",\"sku\":\"38804\",\"l2\":\"Condiment\",\"sl\":\"moutarde-jaune-bouteille-a-presser-frenchs-38804\",\"sn\":\"\",\"idxP\":49},{\"mq\":\"Levante\",\"nm\":\"Huile d'olive extra vierge\",\"nme\":\"Extra Virgin Olive Oil\",\"attr\":\"\",\"sku\":\"38955\",\"l2\":\"Huile et vinaigre\",\"sl\":\"huile-dolive-extra-vierge-levante-38955\",\"sn\":\"\",\"idxP\":65},{\"mq\":\"Aurora\",\"nm\":\"Huile d'olive extra vierge\",\"nme\":\"Extra Virgin Olive Oil\",\"attr\":\"\",\"sku\":\"48206\",\"l2\":\"Huile et vinaigre\",\"sl\":\"huile-dolive-extra-vierge-aurora-48206\",\"sn\":\"\",\"idxP\":100},{\"mq\":\"Kikkoman\",\"nm\":\"Sauce soya tamari\",\"nme\":\"Tamari Soya Sauce\",\"attr\":\"\",\"sku\":\"10302\",\"l2\":\"Condiment\",\"sl\":\"sauce-soya-tamari-kikkoman-10302\",\"sn\":\"\",\"idxP\":40},{\"mq\":\"La Milanaise\",\"nm\":\"Farine d'\u00E9peautre enti\u00E8re biologique\",\"nme\":\"Organic Whole Spelt Flour\",\"attr\":\"Biologique\",\"sku\":\"10801\",\"l2\":\"Farine, semoule et chapelure\",\"sl\":\"farine-depeautre-entiere-biologique-la-milanaise-10801\",\"sn\":\"biologique, bio, organic, organique\",\"idxP\":23},{\"mq\":\"Kikkoman\",\"nm\":\"Chapelure Panko non r\u00F4ti\",\"nme\":\"Panko not toasted Crumbs\",\"attr\":\"\",\"sku\":\"21643\",\"l2\":\"Farine, semoule et chapelure\",\"sl\":\"chapelure-panko-non-roti-kikkoman-21643\",\"sn\":\"\",\"idxP\":42},{\"mq\":\"Mazola\",\"nm\":\"Huile de ma\u00EFs\",\"nme\":\"Corn Oil\",\"attr\":\"\",\"sku\":\"25052\",\"l2\":\"Huile et vinaigre\",\"sl\":\"huile-de-mais-mazola-25052\",\"sn\":\"\",\"idxP\":72},{\"mq\":\"Delicia\",\"nm\":\"Coeurs de palmier entiers\",\"nme\":\"Hearts of Palm\",\"attr\":\"\",\"sku\":\"48284\",\"l2\":\"L\u00E9gume en conserve\",\"sl\":\"coeurs-de-palmier-entiers-delicia-48284\",\"sn\":\"\",\"idxP\":100},{\"mq\":\"Heinz\",\"nm\":\"Sauce aux tomates\",\"nme\":\"Tomato Sauce\",\"attr\":\"\",\"sku\":\"41883\",\"l2\":\"Tomate en conserve\",\"sl\":\"sauce-aux-tomates-heinz-41883\",\"sn\":\"tomates\",\"idxP\":52},{\"mq\":\"Kikkoman\",\"nm\":\"Sauce kotterin mirin\",\"nme\":\"Kotterin Mirin Sauce\",\"attr\":\"\",\"sku\":\"34740\",\"l2\":\"Condiment\",\"sl\":\"sauce-kotterin-mirin-kikkoman-34740\",\"sn\":\"\",\"idxP\":47},{\"mq\":\"Valli\",\"nm\":\"Farine de ma\u00EFs granul\u00E9e\",\"nme\":\"Granulated Corn Flour\",\"attr\":\"\",\"sku\":\"36916\",\"l2\":\"Farine, semoule et chapelure\",\"sl\":\"farine-de-mais-granulee-valli-36916\",\"sn\":\"\",\"idxP\":57},{\"mq\":\"Kikkoman\",\"nm\":\"Chapelure panko grill\u00E9e\",\"nme\":\"Panko toasted Bread Crumbs\",\"attr\":\"\",\"sku\":\"16792\",\"l2\":\"Farine, semoule et chapelure\",\"sl\":\"chapelure-panko-grillee-kikkoman-16792\",\"sn\":\"\",\"idxP\":39},{\"mq\":\"Aurora\",\"nm\":\"Polenta r\u00E9guli\u00E8re\",\"nme\":\"Regular Polenta\",\"attr\":\"\",\"sku\":\"32674\",\"l2\":\"Farine, semoule et chapelure\",\"sl\":\"polenta-reguliere-aurora-32674\",\"sn\":\"\",\"idxP\":41},{\"mq\":\"Valli\",\"nm\":\"Farine ma\u00EFs fine\",\"nme\":\"Fine Corn Flour\",\"attr\":\"\",\"sku\":\"36915\",\"l2\":\"Farine, semoule et chapelure\",\"sl\":\"farine-mais-fine-valli-36915\",\"sn\":\"\",\"idxP\":41},{\"mq\":\"Bakers Five Roses\",\"nm\":\"Farine de bl\u00E9 entier\",\"nme\":\"Whole Wheat\",\"attr\":\"Produit local\",\"sku\":\"12725\",\"l2\":\"Farine, semoule et chapelure\",\"sl\":\"farine-de-ble-entier-bakers-five-roses-12725\",\"sn\":\"\",\"idxP\":39},{\"mq\":\"Polselli\",\"nm\":\"Farine \u00E0 pizza de type 00\",\"nme\":\"Pizza Floor 00 Type\",\"attr\":\"\",\"sku\":\"33389\",\"l2\":\"Farine, semoule et chapelure\",\"sl\":\"farine-a-pizza-de-type-00-polselli-33389\",\"sn\":\"\",\"idxP\":100},{\"mq\":\"Maille\",\"nm\":\"Vinaigre balsamique de Mod\u00E8ne\",\"nme\":\"Balsamic Vinegar of Modena\",\"attr\":\"\",\"sku\":\"37964\",\"l2\":\"Huile et vinaigre\",\"sl\":\"vinaigre-balsamique-de-modene-maille-37964\",\"sn\":\"\",\"idxP\":29},{\"mq\":\"Maille\",\"nm\":\"Moutarde \u00E0 l'ancienne\",\"nme\":\"Old Style Mustard\",\"attr\":\"\",\"sku\":\"08964\",\"l2\":\"Condiment\",\"sl\":\"moutarde-a-lancienne-maille-08964\",\"sn\":\"\",\"idxP\":100},{\"mq\":\"Aurora\",\"nm\":\"Piments r\u00F4tis\",\"nme\":\"Roasted Peppers\",\"attr\":\"\",\"sku\":\"08876\",\"l2\":\"Marinade\",\"sl\":\"piments-rotis-aurora-08876\",\"sn\":\"piments\",\"idxP\":51},{\"mq\":\"Aurora\",\"nm\":\"P\u00E2te d'anchois\",\"nme\":\"Anchovy Paste\",\"attr\":\"\",\"sku\":\"11998\",\"l2\":\"Poisson et viande en conserve\",\"sl\":\"pate-danchois-aurora-11998\",\"sn\":\"\",\"idxP\":36},{\"mq\":\"Aurora\",\"nm\":\"C\u0153ur d'artichaut marin\u00E9\",\"nme\":\"Marinated Heart Artichoke\",\"attr\":\"\",\"sku\":\"06589\",\"l2\":\"Marinade\",\"sl\":\"cur-dartichaut-marine-aurora-06589\",\"sn\":\"\",\"idxP\":46},{\"mq\":\"Aurora\",\"nm\":\"Poivrons cerises piquants marin\u00E9s\",\"nme\":\"Hot Cherry Peppers Pickled\",\"attr\":\"\",\"sku\":\"08875\",\"l2\":\"Marinade\",\"sl\":\"poivrons-cerises-piquants-marines-aurora-08875\",\"sn\":\"\",\"idxP\":48}], [{\"mq\":\"Aurora\",\"nm\":\"Chou-fleur marin\u00E9 piquant dans l'huile\",\"nme\":\"Hot Oil Cauliflower\",\"attr\":\"\",\"sku\":\"09739\",\"l2\":\"Marinade\",\"sl\":\"chou-fleur-marine-piquant-dans-lhuile-aurora-09739\",\"sn\":\"\",\"idxP\":35},{\"mq\":\"Aurora\",\"nm\":\"Chapelure nature\",\"nme\":\"Plain Bread Crumbs\",\"attr\":\"\",\"sku\":\"23584\",\"l2\":\"Farine, semoule et chapelure\",\"sl\":\"chapelure-nature-aurora-23584\",\"sn\":\"\",\"idxP\":89},{\"mq\":\"Aurora\",\"nm\":\"Gnocchi\",\"nme\":\"Potato Gnocchi\",\"attr\":\"\",\"sku\":\"07976\",\"l2\":\"P\u00E2tes\",\"sl\":\"gnocchi-aurora-07976\",\"sn\":\"\",\"idxP\":83},{\"mq\":\"Aurora\",\"nm\":\"P\u00E2tes fettuccine aux oeufs\",\"nme\":\"Fettucine Egg Pasta\",\"attr\":\"\",\"sku\":\"16332\",\"l2\":\"P\u00E2tes\",\"sl\":\"pates-fettuccine-aux-oeufs-aurora-16332\",\"sn\":\"oeufs\",\"idxP\":85},{\"mq\":\"Aurora\",\"nm\":\"Piment fort tranch\u00E9\",\"nme\":\"Chili Pepper Sliced\",\"attr\":\"\",\"sku\":\"08874\",\"l2\":\"Marinade\",\"sl\":\"piment-fort-tranche-aurora-08874\",\"sn\":\"piments\",\"idxP\":46},{\"mq\":\"Aurora\",\"nm\":\"Piments forts en rondelles\",\"nme\":\"Hot Pepper Rings\",\"attr\":\"\",\"sku\":\"08873\",\"l2\":\"Marinade\",\"sl\":\"piments-forts-en-rondelles-aurora-08873\",\"sn\":\"piments\",\"idxP\":73},{\"mq\":\"Aurora\",\"nm\":\"Aubergine piquante dans l'huile\",\"nme\":\"Hot Pickled Eggplants\",\"attr\":\"\",\"sku\":\"16358\",\"l2\":\"Marinade\",\"sl\":\"aubergine-piquante-dans-lhuile-aurora-16358\",\"sn\":\"aubergines\",\"idxP\":64},{\"mq\":\"Aurora\",\"nm\":\"M\u00E9lange de l\u00E9gumes piquants dans l'huile\",\"nme\":\"Hot Mixed Vegetables in Oil\",\"attr\":\"\",\"sku\":\"08877\",\"l2\":\"Marinade\",\"sl\":\"melange-de-legumes-piquants-dans-lhuile-aurora-08877\",\"sn\":\"\",\"idxP\":58},{\"mq\":\"Aurora\",\"nm\":\"Taralli baresi piment fort\",\"nme\":\"Hot Pepper Baresi Taralli\",\"attr\":\"\",\"sku\":\"31055\",\"l2\":\"Biscuit et craquelin\",\"sl\":\"taralli-baresi-piment-fort-aurora-31055\",\"sn\":\"piments\",\"idxP\":74},{\"mq\":\"Maille\",\"nm\":\"Moutarde de Dijon originale\",\"nme\":\"Dijon Original Mustard\",\"attr\":\"\",\"sku\":\"36716\",\"l2\":\"Condiment\",\"sl\":\"moutarde-de-dijon-originale-maille-36716\",\"sn\":\"\",\"idxP\":100},{\"mq\":\"Aurora\",\"nm\":\"C\u00E2pres surfines\",\"nme\":\"Surfine Capers\",\"attr\":\"\",\"sku\":\"08880\",\"l2\":\"Marinade\",\"sl\":\"capres-surfines-aurora-08880\",\"sn\":\"\",\"idxP\":41},{\"mq\":\"Aurora\",\"nm\":\"Taralli basilic fenouil\",\"nme\":\"Basil Fennel Taralli\",\"attr\":\"\",\"sku\":\"31057\",\"l2\":\"Biscuit et craquelin\",\"sl\":\"taralli-basilic-fenouil-aurora-31057\",\"sn\":\"\",\"idxP\":92},{\"mq\":\"Aurora\",\"nm\":\"Filets de maquereau\",\"nme\":\"Mackerel Fillets\",\"attr\":\"\",\"sku\":\"36841\",\"l2\":\"Poisson et viande en conserve\",\"sl\":\"filets-de-maquereau-aurora-36841\",\"sn\":\"\",\"idxP\":84},{\"mq\":\"Belcolade\",\"nm\":\"Chocolat blanc 30% pistole\",\"nme\":\"White Pistol Chocolate 30%\",\"attr\":\"\",\"sku\":\"14199\",\"l2\":\"Ingr\u00E9dient de p\u00E2tisserie\",\"sl\":\"chocolat-blanc-30-pistole-belcolade-14199\",\"sn\":\"\",\"idxP\":63},{\"mq\":\"Belcolade\",\"nm\":\"Chocolat du Vietnam 73% pistole\",\"nme\":\"Vietnam Chocolate 73% Pistole\",\"attr\":\"\",\"sku\":\"34843\",\"l2\":\"Ingr\u00E9dient de p\u00E2tisserie\",\"sl\":\"chocolat-du-vietnam-73-pistole-belcolade-34843\",\"sn\":\"\",\"idxP\":21},{\"mq\":\"Belcolade\",\"nm\":\"Chocolat noir mi-amer 55,7%\",\"nme\":\"Bittersweet Black Chocolate 55.7%\",\"attr\":\"\",\"sku\":\"06433\",\"l2\":\"Ingr\u00E9dient de p\u00E2tisserie\",\"sl\":\"chocolat-noir-mi-amer-557-belcolade-06433\",\"sn\":\"\",\"idxP\":19},{\"mq\":\"Belcolade\",\"nm\":\"Chocolat du P\u00E9rou 64% pistole\",\"nme\":\"Peru Chocolate 64% Pistole\",\"attr\":\"\",\"sku\":\"16084\",\"l2\":\"Ingr\u00E9dient de p\u00E2tisserie\",\"sl\":\"chocolat-du-perou-64-pistole-belcolade-16084\",\"sn\":\"croustille\",\"idxP\":33},{\"mq\":\"Callebaut\",\"nm\":\"Chocolat de couverture fonc\u00E9e 811 53%\",\"nme\":\"Dark Chocolate Coating 53%\",\"attr\":\"\",\"sku\":\"09507\",\"l2\":\"Ingr\u00E9dient de p\u00E2tisserie\",\"sl\":\"chocolat-de-couverture-foncee-811-53-callebaut-09507\",\"sn\":\"\",\"idxP\":24},{\"mq\":\"Aurora\",\"nm\":\"Chapelure nature Panko\",\"nme\":\"Panko Plain Bread Crumbs\",\"attr\":\"\",\"sku\":\"33915\",\"l2\":\"Farine, semoule et chapelure\",\"sl\":\"chapelure-nature-panko-aurora-33915\",\"sn\":\"\",\"idxP\":61},{\"mq\":\"Aurora\",\"nm\":\"Tarallini au fenouil\",\"nme\":\"Fennel Tarallini\",\"attr\":\"\",\"sku\":\"49835\",\"l2\":\"Biscuit et craquelin\",\"sl\":\"tarallini-au-fenouil-aurora-49835\",\"sn\":\"\",\"idxP\":43},{\"mq\":\"Belcolade\",\"nm\":\"Chocolat au lait 35% pistole\",\"nme\":\"Milk Chocolate 35% Pistole\",\"attr\":\"\",\"sku\":\"06424\",\"l2\":\"Ingr\u00E9dient de p\u00E2tisserie\",\"sl\":\"chocolat-au-lait-35-pistole-belcolade-06424\",\"sn\":\"\",\"idxP\":43},{\"mq\":\"Belcolade\",\"nm\":\"Chocolat noir mi-amer 56% pistole\",\"nme\":\"Half-Bitter Dark Chocolate 56% Pistole\",\"attr\":\"\",\"sku\":\"14200\",\"l2\":\"Ingr\u00E9dient de p\u00E2tisserie\",\"sl\":\"chocolat-noir-mi-amer-56-pistole-belcolade-14200\",\"sn\":\"croustille\",\"idxP\":40},{\"mq\":\"Aurora\",\"nm\":\"Tarallini \u00E0 l'huile d'olive\",\"nme\":\"Olive Oil Tarallini\",\"attr\":\"\",\"sku\":\"49836\",\"l2\":\"Biscuit et craquelin\",\"sl\":\"tarallini-a-lhuile-dolive-aurora-49836\",\"sn\":\"\",\"idxP\":38},{\"mq\":\"Callebaut\",\"nm\":\"Chocolat au lait de couverture 823\",\"nme\":\"Milk Cover Chocolate 823\",\"attr\":\"\",\"sku\":\"09508\",\"l2\":\"Ingr\u00E9dient de p\u00E2tisserie\",\"sl\":\"chocolat-au-lait-de-couverture-823-callebaut-09508\",\"sn\":\"\",\"idxP\":38},{\"mq\":\"Aurora\",\"nm\":\"Taralli baresi nature\",\"nme\":\"Plain Baresi Taralli\",\"attr\":\"\",\"sku\":\"31056\",\"l2\":\"Biscuit et craquelin\",\"sl\":\"taralli-baresi-nature-aurora-31056\",\"sn\":\"\",\"idxP\":79},{\"mq\":\"Aurora\",\"nm\":\"Chapelure italienne\",\"nme\":\"Italian Breadcrumbs\",\"attr\":\"\",\"sku\":\"41630\",\"l2\":\"Farine, semoule et chapelure\",\"sl\":\"chapelure-italienne-aurora-41630\",\"sn\":\"\",\"idxP\":91},{\"mq\":\"Campbell\",\"nm\":\"Bouillon de poulet\",\"nme\":\"Chicken Broth\",\"attr\":\"\",\"sku\":\"21590\",\"l2\":\"Soupe et bouillon\",\"sl\":\"bouillon-de-poulet-campbell-21590\",\"sn\":\"\",\"idxP\":82},{\"mq\":\"Cheerios\",\"nm\":\"C\u00E9r\u00E9ales Cheerios multi-grain\",\"nme\":\"Multi-Grain Cheerio Cereals\",\"attr\":\"\",\"sku\":\"11819\",\"l2\":\"C\u00E9r\u00E9ales et barre\",\"sl\":\"cereales-cheerios-multi-grain-cheerios-11819\",\"sn\":\"\",\"idxP\":33},{\"mq\":\"Callebaut\",\"nm\":\"Mini perle de chocolat 3 couleurs\",\"nme\":\"3-Colour Chocolate Mini Pearls\",\"attr\":\"\",\"sku\":\"23140\",\"l2\":\"Ingr\u00E9dient de p\u00E2tisserie\",\"sl\":\"mini-perle-de-chocolat-3-couleurs-callebaut-23140\",\"sn\":\"\",\"idxP\":23},{\"mq\":\"Mona Lisa\",\"nm\":\"Perle de chocolat noir\",\"nme\":\"Dark Chocolate Pearl\",\"attr\":\"\",\"sku\":\"23146\",\"l2\":\"Ingr\u00E9dient de p\u00E2tisserie\",\"sl\":\"perle-de-chocolat-noir-mona-lisa-23146\",\"sn\":\"\",\"idxP\":15},{\"mq\":\"McLean\",\"nm\":\"Sauce caramel pour coupe glac\u00E9e\",\"nme\":\"Sundae Caramel Sauce Topping\",\"attr\":\"\",\"sku\":\"29887\",\"l2\":\"Bar laitier\",\"sl\":\"sauce-caramel-pour-coupe-glacee-mclean-29887\",\"sn\":\"\",\"idxP\":9},{\"mq\":\"Callebaut\",\"nm\":\"Chocolat lact\u00E9 \u00E0 fontaine\",\"nme\":\"Fountain Milky Chocolate\",\"attr\":\"\",\"sku\":\"29861\",\"l2\":\"Ingr\u00E9dient de p\u00E2tisserie\",\"sl\":\"chocolat-lacte-a-fontaine-callebaut-29861\",\"sn\":\"\",\"idxP\":34},{\"mq\":\"Belcolade\",\"nm\":\"Chocolat noir 60% pistole\",\"nme\":\"Dark Chocolate 60% Pistole\",\"attr\":\"\",\"sku\":\"37777\",\"l2\":\"Ingr\u00E9dient de p\u00E2tisserie\",\"sl\":\"chocolat-noir-60-pistole-belcolade-37777\",\"sn\":\"croustille\",\"idxP\":20},{\"mq\":\"Cheetos\",\"nm\":\"Grignotines au fromage\",\"nme\":\"Cheese Snacks\",\"attr\":\"\",\"sku\":\"09286\",\"l2\":\"Croustille et grignotine\",\"sl\":\"grignotines-au-fromage-cheetos-09286\",\"sn\":\"fromages\",\"idxP\":19},{\"mq\":\"McLean\",\"nm\":\"Garniture fudge chaud pour coupe glac\u00E9e\",\"nme\":\"Hot Chocolate Sundae Sauce\",\"attr\":\"\",\"sku\":\"29907\",\"l2\":\"Bar laitier\",\"sl\":\"garniture-fudge-chaud-pour-coupe-glacee-mclean-29907\",\"sn\":\"\",\"idxP\":9},{\"mq\":\"Chaperon Rouge\",\"nm\":\"Gel\u00E9e au cidre de glace\",\"nme\":\"Ice Cider Jelly\",\"attr\":\"\",\"sku\":\"33140\",\"l2\":\"Condiment\",\"sl\":\"gelee-au-cidre-de-glace-chaperon-rouge-33140\",\"sn\":\"\",\"idxP\":32},{\"mq\":\"Chaperon Rouge\",\"nm\":\"Confit d'oignon au whisky\",\"nme\":\"Candied Onion with Whisky\",\"attr\":\"\",\"sku\":\"33145\",\"l2\":\"Condiment\",\"sl\":\"confit-doignon-au-whisky-chaperon-rouge-33145\",\"sn\":\"onions, oignons\",\"idxP\":23},{\"mq\":\"Campbell\",\"nm\":\"Soupe condens\u00E9e poulet et nouilles\",\"nme\":\"Chicken Noodles Condensed Soup\",\"attr\":\"\",\"sku\":\"25138\",\"l2\":\"Soupe et bouillon\",\"sl\":\"soupe-condensee-poulet-et-nouilles-campbell-25138\",\"sn\":\"\",\"idxP\":56},{\"mq\":\"Chaperon Rouge\",\"nm\":\"Oignon caram\u00E9lis\u00E9\",\"nme\":\"Caramelized Onion\",\"attr\":\"\",\"sku\":\"33136\",\"l2\":\"Condiment\",\"sl\":\"oignon-caramelise-chaperon-rouge-33136\",\"sn\":\"onions, oignons\",\"idxP\":41},{\"mq\":\"Cheerios\",\"nm\":\"C\u00E9r\u00E9ales jumbo Cheerios\",\"nme\":\"Jumbo Cereals\",\"attr\":\"\",\"sku\":\"11954\",\"l2\":\"C\u00E9r\u00E9ales et barre\",\"sl\":\"cereales-jumbo-cheerios-cheerios-11954\",\"sn\":\"\",\"idxP\":44},{\"mq\":\"Chaperon Rouge\",\"nm\":\"Confit d'oignon au porto\",\"nme\":\"Candied Onion with Porto\",\"attr\":\"\",\"sku\":\"33135\",\"l2\":\"Condiment\",\"sl\":\"confit-doignon-au-porto-chaperon-rouge-33135\",\"sn\":\"onions, oignons\",\"idxP\":32},{\"mq\":\"Cheerios\",\"nm\":\"C\u00E9r\u00E9ales Cheerios\",\"nme\":\"Cheerios Cereals\",\"attr\":\"\",\"sku\":\"11817\",\"l2\":\"C\u00E9r\u00E9ales et barre\",\"sl\":\"cereales-cheerios-cheerios-11817\",\"sn\":\"\",\"idxP\":44},{\"mq\":\"Chaperon Rouge\",\"nm\":\"Gel\u00E9e de piment 125 ml\",\"nme\":\"Pepper Jelly\",\"attr\":\"\",\"sku\":\"33137\",\"l2\":\"Condiment\",\"sl\":\"gelee-de-piment-125-ml-chaperon-rouge-33137\",\"sn\":\"piments\",\"idxP\":38},{\"mq\":\"Chaperon Rouge\",\"nm\":\"Gel\u00E9e abricot jalapeno\",\"nme\":\"Apricot Jalapeno Jelly\",\"attr\":\"\",\"sku\":\"33141\",\"l2\":\"Condiment\",\"sl\":\"gelee-abricot-jalapeno-chaperon-rouge-33141\",\"sn\":\"\",\"idxP\":24},{\"mq\":\"Chaperon Rouge\",\"nm\":\"Gel\u00E9e de porto\",\"nme\":\"Port Wine Jelly\",\"attr\":\"\",\"sku\":\"33138\",\"l2\":\"Condiment\",\"sl\":\"gelee-de-porto-chaperon-rouge-33138\",\"sn\":\"\",\"idxP\":34},{\"mq\":\"Earth's choice\",\"nm\":\"Lait de coco biologique\",\"nme\":\"Organic Coconut Milk\",\"attr\":\"Biologique\",\"sku\":\"14365\",\"l2\":\"Ingr\u00E9dient de p\u00E2tisserie\",\"sl\":\"lait-de-coco-biologique-earths-choice-14365\",\"sn\":\"biologique, bio, organic, organique\",\"idxP\":85},{\"mq\":\"Agrofusion\",\"nm\":\"Poudre de cacao pure\",\"nme\":\"Pure Cocoa Powder\",\"attr\":\"\",\"sku\":\"32890\",\"l2\":\"Ingr\u00E9dient de p\u00E2tisserie\",\"sl\":\"poudre-de-cacao-pure-agrofusion-32890\",\"sn\":\"\",\"idxP\":39},{\"mq\":\"Bakemark\",\"nm\":\"P\u00E9pites au chocolat\",\"nme\":\"Chocolate Chips\",\"attr\":\"\",\"sku\":\"48960\",\"l2\":\"Ingr\u00E9dient de p\u00E2tisserie\",\"sl\":\"pepites-au-chocolat-bakemark-48960\",\"sn\":\"croustille\",\"idxP\":14},{\"mq\":\"Agrofusion\",\"nm\":\"P\u00E9pites de chocolat\",\"nme\":\"Chocolate Chips\",\"attr\":\"\",\"sku\":\"36326\",\"l2\":\"Ingr\u00E9dient de p\u00E2tisserie\",\"sl\":\"pepites-de-chocolat-agrofusion-36326\",\"sn\":\"croustille\",\"idxP\":53},{\"mq\":\"Golosini\",\"nm\":\"Olives vertes cerignola\",\"nme\":\"Cerignola Green Olives\",\"attr\":\"\",\"sku\":\"07728\",\"l2\":\"Marinade\",\"sl\":\"olives-vertes-cerignola-golosini-07728\",\"sn\":\"\",\"idxP\":41},{\"mq\":\"Kretschmer\",\"nm\":\"Germe de bl\u00E9\",\"nme\":\"Wheat Germ\",\"attr\":\"\",\"sku\":\"17669\",\"l2\":\"Riz et grain\",\"sl\":\"germe-de-ble-kretschmer-17669\",\"sn\":\"\",\"idxP\":24},{\"mq\":\"Agrofusion\",\"nm\":\"Orge perl\u00E9\",\"nme\":\"Pearled Barley\",\"attr\":\"\",\"sku\":\"15161\",\"l2\":\"Riz et grain\",\"sl\":\"orge-perle-agrofusion-15161\",\"sn\":\"\",\"idxP\":42},{\"mq\":\"Manitoba Harvest\",\"nm\":\"Graines de chanvre d\u00E9cortiqu\u00E9es\",\"nme\":\"Shelled Hemp Hearts\",\"attr\":\"\",\"sku\":\"38845\",\"l2\":\"Riz et grain\",\"sl\":\"graines-de-chanvre-decortiquees-manitoba-harvest-38845\",\"sn\":\"\",\"idxP\":31},{\"mq\":\"Agrofusion\",\"nm\":\"Riz m\u00E9lang\u00E9 \u00E9tuv\u00E9 sauvage\",\"nme\":\"Mixed Parboiled Wild Rice\",\"attr\":\"\",\"sku\":\"03359\",\"l2\":\"Riz et grain\",\"sl\":\"riz-melange-etuve-sauvage-agrofusion-03359\",\"sn\":\"\",\"idxP\":26},{\"mq\":\"Agrofusion\",\"nm\":\"Haricots rognons blancs\",\"nme\":\"White Kidney Beans\",\"attr\":\"\",\"sku\":\"11564\",\"l2\":\"Riz et grain\",\"sl\":\"haricots-rognons-blancs-agrofusion-11564\",\"sn\":\"\",\"idxP\":65},{\"mq\":\"Agrofusion\",\"nm\":\"Riz grain long sauvage assaisonn\u00E9\",\"nme\":\"Seasoned Long Grain Wild Rice\",\"attr\":\"\",\"sku\":\"38993\",\"l2\":\"Riz et grain\",\"sl\":\"riz-grain-long-sauvage-assaisonne-agrofusion-38993\",\"sn\":\"\",\"idxP\":22},{\"mq\":\"Agrofusion\",\"nm\":\"Son de bl\u00E9\",\"nme\":\"Bran Wheat\",\"attr\":\"\",\"sku\":\"05773\",\"l2\":\"Riz et grain\",\"sl\":\"son-de-ble-agrofusion-05773\",\"sn\":\"\",\"idxP\":36},{\"mq\":\"Agrofusion\",\"nm\":\"Ma\u00EFs granul\u00E9 #120\",\"nme\":\"Corn Grits #120\",\"attr\":\"\",\"sku\":\"49135\",\"l2\":\"Riz et grain\",\"sl\":\"mais-granule-120-agrofusion-49135\",\"sn\":\"\",\"idxP\":57},{\"mq\":\"Agrofusion\",\"nm\":\"Haricots noirs\",\"nme\":\"Black Beans\",\"attr\":\"\",\"sku\":\"34471\",\"l2\":\"Riz et grain\",\"sl\":\"haricots-noirs-agrofusion-34471\",\"sn\":\"\",\"idxP\":86},{\"mq\":\"Agrofusion\",\"nm\":\"Haricots oeil noir\",\"nme\":\"Black Eyes Bean\",\"attr\":\"\",\"sku\":\"08730\",\"l2\":\"Riz et grain\",\"sl\":\"haricots-oeil-noir-agrofusion-08730\",\"sn\":\"\",\"idxP\":13},{\"mq\":\"Agrofusion\",\"nm\":\"Haricots noirs\",\"nme\":\"Black Beans\",\"attr\":\"\",\"sku\":\"21844\",\"l2\":\"Riz et grain\",\"sl\":\"haricots-noirs-agrofusion-21844\",\"sn\":\"\",\"idxP\":62},{\"mq\":\"Agrofusion\",\"nm\":\"Riz sauvage\",\"nme\":\"Wild Rice\",\"attr\":\"\",\"sku\":\"15103\",\"l2\":\"Riz et grain\",\"sl\":\"riz-sauvage-agrofusion-15103\",\"sn\":\"\",\"idxP\":32},{\"mq\":\"Agrofusion\",\"nm\":\"Lentilles rouges\",\"nme\":\"Split Red Lentils\",\"attr\":\"\",\"sku\":\"15164\",\"l2\":\"Riz et grain\",\"sl\":\"lentilles-rouges-agrofusion-15164\",\"sn\":\"\",\"idxP\":56},{\"mq\":\"Agrofusion\",\"nm\":\"Ma\u00EFs granul\u00E9 #16\",\"nme\":\"Corn Grits #16\",\"attr\":\"\",\"sku\":\"49133\",\"l2\":\"Riz et grain\",\"sl\":\"mais-granule-16-agrofusion-49133\",\"sn\":\"\",\"idxP\":62},{\"mq\":\"Agrofusion\",\"nm\":\"Lentilles rouges\",\"nme\":\"Split Red Lentils\",\"attr\":\"\",\"sku\":\"15163\",\"l2\":\"Riz et grain\",\"sl\":\"lentilles-rouges-agrofusion-15163\",\"sn\":\"\",\"idxP\":29},{\"mq\":\"Agrofusion\",\"nm\":\"Haricot rose\",\"nme\":\"Pink Beans\",\"attr\":\"\",\"sku\":\"14629\",\"l2\":\"Riz et grain\",\"sl\":\"haricot-rose-agrofusion-14629\",\"sn\":\"\",\"idxP\":33},{\"mq\":\"Agrofusion\",\"nm\":\"Lentilles vertes\",\"nme\":\"Laird Green Lentils\",\"attr\":\"\",\"sku\":\"15165\",\"l2\":\"Riz et grain\",\"sl\":\"lentilles-vertes-agrofusion-15165\",\"sn\":\"\",\"idxP\":57},{\"mq\":\"Agrofusion\",\"nm\":\"Haricots romano\",\"nme\":\"Romano Beans\",\"attr\":\"\",\"sku\":\"24485\",\"l2\":\"Riz et grain\",\"sl\":\"haricots-romano-agrofusion-24485\",\"sn\":\"\",\"idxP\":34},{\"mq\":\"Dillon\",\"nm\":\"Sucre de canne liquide roux 70 cl\",\"nme\":\"Liquid Brown Cane Sugar 70 cl\",\"attr\":\"\",\"sku\":\"23552\",\"l2\":\"Confiture et tartinade\",\"sl\":\"sucre-de-canne-liquide-roux-70-cl-dillon-23552\",\"sn\":\"\",\"idxP\":52},{\"mq\":\"Crown Brand\",\"nm\":\"Sirop de ma\u00EFs\",\"nme\":\"Corn Syrup\",\"attr\":\"\",\"sku\":\"38596\",\"l2\":\"Confiture et tartinade\",\"sl\":\"sirop-de-mais-crown-brand-38596\",\"sn\":\"\",\"idxP\":92},{\"mq\":\"McLean\",\"nm\":\"Sauce chocolat pour coupe glac\u00E9e\",\"nme\":\"Chocolate Sundae Topping\",\"attr\":\"\",\"sku\":\"29893\",\"l2\":\"Bar laitier\",\"sl\":\"sauce-chocolat-pour-coupe-glacee-mclean-29893\",\"sn\":\"\",\"idxP\":8},{\"mq\":\"McLean\",\"nm\":\"Enrobage chocolat classique pour cornet\",\"nme\":\"Cone Classic Chocolate Dip\",\"attr\":\"\",\"sku\":\"29882\",\"l2\":\"Bar laitier\",\"sl\":\"enrobage-chocolat-classique-pour-cornet-mclean-29882\",\"sn\":\"\",\"idxP\":0},{\"mq\":\"Smuckers\",\"nm\":\"Sirop de table en portions\",\"nme\":\"Maple Syrup Portions\",\"attr\":\"\",\"sku\":\"37049\",\"l2\":\"Confiture et tartinade\",\"sl\":\"sirop-de-table-en-portions-smuckers-37049\",\"sn\":\"\",\"idxP\":16},{\"mq\":\"McLean\",\"nm\":\"Sirop lime pour barbotine\",\"nme\":\"Lime Slush Syrup\",\"attr\":\"\",\"sku\":\"36020\",\"l2\":\"Bar laitier\",\"sl\":\"sirop-lime-pour-barbotine-mclean-36020\",\"sn\":\"slush\",\"idxP\":18},{\"mq\":\"Granoro\",\"nm\":\"P\u00E2tes cavatelli #87\",\"nme\":\"Cavatelli Pasta #87\",\"attr\":\"\",\"sku\":\"06178\",\"l2\":\"P\u00E2tes\",\"sl\":\"pates-cavatelli-87-granoro-06178\",\"sn\":\"\",\"idxP\":52},{\"mq\":\"Gigi\",\"nm\":\"Olives vertes douces cerignola\",\"nme\":\"Cerignola Sweet Green Olives\",\"attr\":\"\",\"sku\":\"36482\",\"l2\":\"Marinade\",\"sl\":\"olives-vertes-douces-cerignola-gigi-36482\",\"sn\":\"\",\"idxP\":40},{\"mq\":\"Granoro\",\"nm\":\"P\u00E2tes strascina #92\",\"nme\":\"Strascina Pasta #92\",\"attr\":\"\",\"sku\":\"06180\",\"l2\":\"P\u00E2tes\",\"sl\":\"pates-strascina-92-granoro-06180\",\"sn\":\"\",\"idxP\":72},{\"mq\":\"Divella\",\"nm\":\"P\u00E2tes penne candela #28\",\"nme\":\"Penne Candela Pasta #28\",\"attr\":\"\",\"sku\":\"08442\",\"l2\":\"P\u00E2tes\",\"sl\":\"pates-penne-candela-28-divella-08442\",\"sn\":\"\",\"idxP\":75},{\"mq\":\"Le veneziane\",\"nm\":\"P\u00E2tes fettucce #28\",\"nme\":\"Fettucce Pasta #28\",\"attr\":\"Sans gluten\",\"sku\":\"46288\",\"l2\":\"P\u00E2tes\",\"sl\":\"pates-fettucce-28-le-veneziane-46288\",\"sn\":\"\",\"idxP\":38},{\"mq\":\"Le veneziane\",\"nm\":\"P\u00E2tes spaghetti au ma\u00EFs\",\"nme\":\"Corn Spaghetti Pasta\",\"attr\":\"Sans gluten\",\"sku\":\"47677\",\"l2\":\"P\u00E2tes\",\"sl\":\"pates-spaghetti-au-mais-le-veneziane-47677\",\"sn\":\"\",\"idxP\":66},{\"mq\":\"Gigi\",\"nm\":\"Olives m\u00E9lang\u00E9es\",\"nme\":\"Mixed Olives\",\"attr\":\"\",\"sku\":\"36483\",\"l2\":\"Marinade\",\"sl\":\"olives-melangees-gigi-36483\",\"sn\":\"\",\"idxP\":40},{\"mq\":\"Grisspasta\",\"nm\":\"P\u00E2tes spaghetti\",\"nme\":\"Spaghetti Pasta\",\"attr\":\"Produit local\",\"sku\":\"20934\",\"l2\":\"P\u00E2tes\",\"sl\":\"pates-spaghetti-grisspasta-20934\",\"sn\":\"\",\"idxP\":66},{\"mq\":\"Granoro\",\"nm\":\"P\u00E2tes trivella #45\",\"nme\":\"Trivella Pasta #45\",\"attr\":\"\",\"sku\":\"06173\",\"l2\":\"P\u00E2tes\",\"sl\":\"pates-trivella-45-granoro-06173\",\"sn\":\"\",\"idxP\":50},{\"mq\":\"Waiwai\",\"nm\":\"P\u00E2tes vermicelles riz fin\",\"nme\":\"Vermicelli Thin Rice Pasta\",\"attr\":\"\",\"sku\":\"06803\",\"l2\":\"P\u00E2tes\",\"sl\":\"pates-vermicelles-riz-fin-waiwai-06803\",\"sn\":\"\",\"idxP\":78},{\"mq\":\"Gigi\",\"nm\":\"M\u00E9lange de champignons\",\"nme\":\"Mixed Mushrooms\",\"attr\":\"\",\"sku\":\"36479\",\"l2\":\"Marinade\",\"sl\":\"melange-de-champignons-gigi-36479\",\"sn\":\"\",\"idxP\":34},{\"mq\":\"Grisspasta\",\"nm\":\"Nouille pour soupe\",\"nme\":\"Pasta Noodle Soup\",\"attr\":\"Produit local\",\"sku\":\"06286\",\"l2\":\"P\u00E2tes\",\"sl\":\"nouille-pour-soupe-grisspasta-06286\",\"sn\":\"\",\"idxP\":33},{\"mq\":\"Grisspasta\",\"nm\":\"P\u00E2tes boucles taille moyen\",\"nme\":\"Pasta Loops Medium Size 5 lb\",\"attr\":\"Produit local\",\"sku\":\"39624\",\"l2\":\"P\u00E2tes\",\"sl\":\"pates-boucles-taille-moyen-grisspasta-39624\",\"sn\":\"\",\"idxP\":52},{\"mq\":\"De Cecco\",\"nm\":\"P\u00E2tes linguine #7\",\"nme\":\"Linguine Pasta #7\",\"attr\":\"\",\"sku\":\"46129\",\"l2\":\"P\u00E2tes\",\"sl\":\"pates-linguine-7-de-cecco-46129\",\"sn\":\"\",\"idxP\":50},{\"mq\":\"Granoro\",\"nm\":\"P\u00E2tes pantace #125\",\"nme\":\"Pantace Pasta #125\",\"attr\":\"\",\"sku\":\"06175\",\"l2\":\"P\u00E2tes\",\"sl\":\"pates-pantace-125-granoro-06175\",\"sn\":\"\",\"idxP\":56},{\"mq\":\"Grisspasta\",\"nm\":\"P\u00E2tes fusilli\",\"nme\":\"Fusilli Pasta\",\"attr\":\"\",\"sku\":\"20929\",\"l2\":\"P\u00E2tes\",\"sl\":\"pates-fusilli-grisspasta-20929\",\"sn\":\"\",\"idxP\":94},{\"mq\":\"Divella\",\"nm\":\"P\u00E2tes penne zitoni #30\",\"nme\":\"Penne Zitoni Pasta #30\",\"attr\":\"\",\"sku\":\"20972\",\"l2\":\"P\u00E2tes\",\"sl\":\"pates-penne-zitoni-30-divella-20972\",\"sn\":\"\",\"idxP\":66},{\"mq\":\"Grisspasta\",\"nm\":\"P\u00E2tes spaghetti 20\\\"\",\"nme\":\"Spaghetti 20\\\" Pasta\",\"attr\":\"\",\"sku\":\"44424\",\"l2\":\"P\u00E2tes\",\"sl\":\"pates-spaghetti-20-grisspasta-44424\",\"sn\":\"\",\"idxP\":28},{\"mq\":\"Grisspasta\",\"nm\":\"P\u00E2tes orzo\",\"nme\":\"Orzo Pasta\",\"attr\":\"Produit local\",\"sku\":\"46015\",\"l2\":\"P\u00E2tes\",\"sl\":\"pates-orzo-grisspasta-46015\",\"sn\":\"\",\"idxP\":59},{\"mq\":\"Granoro\",\"nm\":\"P\u00E2tes tripolines #6\",\"nme\":\"Tripoline Pasta #6\",\"attr\":\"\",\"sku\":\"06171\",\"l2\":\"P\u00E2tes\",\"sl\":\"pates-tripolines-6-granoro-06171\",\"sn\":\"\",\"idxP\":64},{\"mq\":\"Barilla\",\"nm\":\"P\u00E2tes lasagnes ondul\u00E9es\",\"nme\":\"Waved Lasagne Pasta\",\"attr\":\"\",\"sku\":\"10143\",\"l2\":\"P\u00E2tes\",\"sl\":\"pates-lasagnes-ondulees-barilla-10143\",\"sn\":\"\",\"idxP\":100},{\"mq\":\"Grisspasta\",\"nm\":\"P\u00E2tes fusilli aux l\u00E9gumes\",\"nme\":\"Vegetable Fusili Pasta\",\"attr\":\"Produit local\",\"sku\":\"21976\",\"l2\":\"P\u00E2tes\",\"sl\":\"pates-fusilli-aux-legumes-grisspasta-21976\",\"sn\":\"\",\"idxP\":95},{\"mq\":\"Divella\",\"nm\":\"P\u00E2tes margheritine #60\",\"nme\":\"Margheritine Pasta #60\",\"attr\":\"\",\"sku\":\"38734\",\"l2\":\"P\u00E2tes\",\"sl\":\"pates-margheritine-60-divella-38734\",\"sn\":\"\",\"idxP\":86},{\"mq\":\"Bakemark\",\"nm\":\"Sucre \u00E0 confiserie en grains\",\"nme\":\"Bakery Sugar Grains\",\"attr\":\"\",\"sku\":\"09312\",\"l2\":\"Sucre\",\"sl\":\"sucre-a-confiserie-en-grains-bakemark-09312\",\"sn\":\"\",\"idxP\":12},{\"mq\":\"Divella\",\"nm\":\"P\u00E2tes pennoni rigate #29\",\"nme\":\"Pennoni Rigate Pasta #29\",\"attr\":\"\",\"sku\":\"38728\",\"l2\":\"P\u00E2tes\",\"sl\":\"pates-pennoni-rigate-29-divella-38728\",\"sn\":\"\",\"idxP\":79},{\"mq\":\"Divella\",\"nm\":\"P\u00E2tes stelline #74\",\"nme\":\"Stelline #74 Pasta\",\"attr\":\"\",\"sku\":\"38739\",\"l2\":\"P\u00E2tes\",\"sl\":\"pates-stelline-74-divella-38739\",\"sn\":\"\",\"idxP\":85},{\"mq\":\"Divella\",\"nm\":\"P\u00E2tes filini #79\",\"nme\":\"Filini Pasta #79\",\"attr\":\"\",\"sku\":\"43429\",\"l2\":\"P\u00E2tes\",\"sl\":\"pates-filini-79-divella-43429\",\"sn\":\"\",\"idxP\":93},{\"mq\":\"Le veneziane\",\"nm\":\"P\u00E2tes rigatoni au ma\u00EFs\",\"nme\":\"Corn Rigatoni Pasta\",\"attr\":\"Sans gluten\",\"sku\":\"10329\",\"l2\":\"P\u00E2tes\",\"sl\":\"pates-rigatoni-au-mais-le-veneziane-10329\",\"sn\":\"\",\"idxP\":36},{\"mq\":\"De Cecco\",\"nm\":\"P\u00E2tes spaghettini #11\",\"nme\":\"Spaghettini Pasta #11\",\"attr\":\"\",\"sku\":\"46131\",\"l2\":\"P\u00E2tes\",\"sl\":\"pates-spaghettini-11-de-cecco-46131\",\"sn\":\"\",\"idxP\":48},{\"mq\":\"De Cecco\",\"nm\":\"P\u00E2tes fettucelle #6\",\"nme\":\"Fettucelle Pasta #6\",\"attr\":\"\",\"sku\":\"46915\",\"l2\":\"P\u00E2tes\",\"sl\":\"pates-fettucelle-6-de-cecco-46915\",\"sn\":\"\",\"idxP\":57},{\"mq\":\"Le veneziane\",\"nm\":\"P\u00E2tes eliche #134\",\"nme\":\"Eliche Pasta #134\",\"attr\":\"Sans gluten\",\"sku\":\"46287\",\"l2\":\"P\u00E2tes\",\"sl\":\"pates-eliche-134-le-veneziane-46287\",\"sn\":\"\",\"idxP\":48},{\"mq\":\"De Cecco\",\"nm\":\"P\u00E2tes Pappardelle no. 201\",\"nme\":\"Pappardelle Pasta no. 201\",\"attr\":\"\",\"sku\":\"38866\",\"l2\":\"P\u00E2tes\",\"sl\":\"pates-pappardelle-no.-201-de-cecco-38866\",\"sn\":\"\",\"idxP\":93},{\"mq\":\"De Cecco\",\"nm\":\"P\u00E2tes fettucini aux oeufs no. 103\",\"nme\":\"Fettucini Egg Pasta no. 103\",\"attr\":\"\",\"sku\":\"38869\",\"l2\":\"P\u00E2tes\",\"sl\":\"pates-fettucini-aux-oeufs-no.-103-de-cecco-38869\",\"sn\":\"oeufs\",\"idxP\":25},{\"mq\":\"Granoro\",\"nm\":\"P\u00E2tes zitoni 189\",\"nme\":\"Zitoni Pasta #189\",\"attr\":\"\",\"sku\":\"06177\",\"l2\":\"P\u00E2tes\",\"sl\":\"pates-zitoni-189-granoro-06177\",\"sn\":\"\",\"idxP\":81},{\"mq\":\"Le veneziane\",\"nm\":\"P\u00E2tes penne rigate #122\",\"nme\":\"Penne Rigate Pasta #122\",\"attr\":\"Sans gluten\",\"sku\":\"46286\",\"l2\":\"P\u00E2tes\",\"sl\":\"pates-penne-rigate-122-le-veneziane-46286\",\"sn\":\"\",\"idxP\":32},{\"mq\":\"Divella\",\"nm\":\"P\u00E2tes bucatini #6\",\"nme\":\"Bucatini Pasta #6\",\"attr\":\"\",\"sku\":\"38720\",\"l2\":\"P\u00E2tes\",\"sl\":\"pates-bucatini-6-divella-38720\",\"sn\":\"\",\"idxP\":87},{\"mq\":\"Gigi\",\"nm\":\"Olive \u00E9cras\u00E9e calabrese\",\"nme\":\"Crushed Calabrese Olive\",\"attr\":\"\",\"sku\":\"39184\",\"l2\":\"Marinade\",\"sl\":\"olive-ecrasee-calabrese-gigi-39184\",\"sn\":\"\",\"idxP\":26},{\"mq\":\"Grisspasta\",\"nm\":\"P\u00E2te penne rigate\",\"nme\":\"Penne Rigate Pasta\",\"attr\":\"Produit local\",\"sku\":\"11690\",\"l2\":\"P\u00E2tes\",\"sl\":\"pate-penne-rigate-grisspasta-11690\",\"sn\":\"\",\"idxP\":92},{\"mq\":\"De Cecco\",\"nm\":\"P\u00E2tes spaghetti #12\",\"nme\":\"Spaghetti Pasta #12\",\"attr\":\"\",\"sku\":\"46132\",\"l2\":\"P\u00E2tes\",\"sl\":\"pates-spaghetti-12-de-cecco-46132\",\"sn\":\"\",\"idxP\":68},{\"mq\":\"Grisspasta\",\"nm\":\"P\u00E2tes spaghettini 5 lb\",\"nme\":\"Spaghettini Pasta\",\"attr\":\"Produit local\",\"sku\":\"12567\",\"l2\":\"P\u00E2tes\",\"sl\":\"pates-spaghettini-5-lb-grisspasta-12567\",\"sn\":\"\",\"idxP\":70},{\"mq\":\"De Cecco\",\"nm\":\"P\u00E2tes tagliatelle no. 203\",\"nme\":\"Tagliatelle Pasta no. 203\",\"attr\":\"\",\"sku\":\"38865\",\"l2\":\"P\u00E2tes\",\"sl\":\"pates-tagliatelle-no.-203-de-cecco-38865\",\"sn\":\"\",\"idxP\":83},{\"mq\":\"Divella\",\"nm\":\"P\u00E2tes regine #36\",\"nme\":\"Regine Pasta #36\",\"attr\":\"\",\"sku\":\"38731\",\"l2\":\"P\u00E2tes\",\"sl\":\"pates-regine-36-divella-38731\",\"sn\":\"\",\"idxP\":57},{\"mq\":\"Bakemark\",\"nm\":\"Fondant rouler blanc\",\"nme\":\"White Rolled Fondant\",\"attr\":\"\",\"sku\":\"17077\",\"l2\":\"Ingr\u00E9dient de p\u00E2tisserie\",\"sl\":\"fondant-rouler-blanc-bakemark-17077\",\"sn\":\"\",\"idxP\":27},{\"mq\":\"Divella\",\"nm\":\"P\u00E2tes ditali #61\",\"nme\":\"Ditali Pasta #61\",\"attr\":\"\",\"sku\":\"38735\",\"l2\":\"P\u00E2tes\",\"sl\":\"pates-ditali-61-divella-38735\",\"sn\":\"\",\"idxP\":83},{\"mq\":\"Divella\",\"nm\":\"P\u00E2tes ziti tagli #33\",\"nme\":\"Ziti Tagli Pasta #33\",\"attr\":\"\",\"sku\":\"43426\",\"l2\":\"P\u00E2tes\",\"sl\":\"pates-ziti-tagli-33-divella-43426\",\"sn\":\"\",\"idxP\":81},{\"mq\":\"Divella\",\"nm\":\"P\u00E2tes penne mezze rigate #23\",\"nme\":\"Penne Mezze Rigate Pasta #23\",\"attr\":\"\",\"sku\":\"43428\",\"l2\":\"P\u00E2tes\",\"sl\":\"pates-penne-mezze-rigate-23-divella-43428\",\"sn\":\"\",\"idxP\":81},{\"mq\":\"Divella\",\"nm\":\"P\u00E2tes spaghetti int\u00E9grales #8\",\"nme\":\"Spaghetti Integral Pasta #8\",\"attr\":\"\",\"sku\":\"49667\",\"l2\":\"P\u00E2tes\",\"sl\":\"pates-spaghetti-integrales-8-divella-49667\",\"sn\":\"\",\"idxP\":64},{\"mq\":\"Divella\",\"nm\":\"P\u00E2tes acini di pepe #78\",\"nme\":\"Acini Di Pepe Pasta #78\",\"attr\":\"\",\"sku\":\"38740\",\"l2\":\"P\u00E2tes\",\"sl\":\"pates-acini-di-pepe-78-divella-38740\",\"sn\":\"\",\"idxP\":75},{\"mq\":\"Sifto\",\"nm\":\"Gros sel \u00E0 marinade #8\",\"nme\":\"Marinade Coarse Salt #8\",\"attr\":\"\",\"sku\":\"04910\",\"l2\":\"\u00C9pice, sel et poivre\",\"sl\":\"gros-sel-a-marinade-8-sifto-04910\",\"sn\":\"\",\"idxP\":33},{\"mq\":\"Divella\",\"nm\":\"P\u00E2tes h\u00E9lico\u00EFdales #22\",\"nme\":\"Helicoidal Pasta #22\",\"attr\":\"\",\"sku\":\"38726\",\"l2\":\"P\u00E2tes\",\"sl\":\"pates-helicoidales-22-divella-38726\",\"sn\":\"\",\"idxP\":81},{\"mq\":\"Rose Hill\",\"nm\":\"Poivre de cayenne\",\"nme\":\"Cayenne Pepper\",\"attr\":\"Produit local\",\"sku\":\"39164\",\"l2\":\"\u00C9pice, sel et poivre\",\"sl\":\"poivre-de-cayenne-rose-hill-39164\",\"sn\":\"\",\"idxP\":43},{\"mq\":\"Moulin\",\"nm\":\"Poivre vert de Madagascar au naturel\",\"nme\":\"Green Brine Peppercorn\",\"attr\":\"\",\"sku\":\"10337\",\"l2\":\"\u00C9pice, sel et poivre\",\"sl\":\"poivre-vert-de-madagascar-au-naturel-moulin-10337\",\"sn\":\"\",\"idxP\":95},{\"mq\":\"V-H\",\"nm\":\"Sauce soya l\u00E9g\u00E8re\",\"nme\":\"Light Soya Sauce\",\"attr\":\"\",\"sku\":\"27207\",\"l2\":\"Condiment\",\"sl\":\"sauce-soya-legere-v-h-27207\",\"sn\":\"\",\"idxP\":64},{\"mq\":\"Rose Hill\",\"nm\":\"Poivre blanc moulu\",\"nme\":\"Ground White Pepper\",\"attr\":\"Produit local\",\"sku\":\"38347\",\"l2\":\"\u00C9pice, sel et poivre\",\"sl\":\"poivre-blanc-moulu-rose-hill-38347\",\"sn\":\"\",\"idxP\":48},{\"mq\":\"Deltasal\",\"nm\":\"Fleur de sel\",\"nme\":\"Salt Flower\",\"attr\":\"\",\"sku\":\"36628\",\"l2\":\"\u00C9pice, sel et poivre\",\"sl\":\"fleur-de-sel-deltasal-36628\",\"sn\":\"\",\"idxP\":22},{\"mq\":\"V-H\",\"nm\":\"Sauce soya\",\"nme\":\"Soy Sauce\",\"attr\":\"\",\"sku\":\"27206\",\"l2\":\"Condiment\",\"sl\":\"sauce-soya-v-h-27206\",\"sn\":\"\",\"idxP\":93},{\"mq\":\"Deltasal\",\"nm\":\"Sel de mer gros\",\"nme\":\"Coarse Sea Salt\",\"attr\":\"\",\"sku\":\"36599\",\"l2\":\"\u00C9pice, sel et poivre\",\"sl\":\"sel-de-mer-gros-deltasal-36599\",\"sn\":\"\",\"idxP\":78},{\"mq\":\"Deltasal\",\"nm\":\"Sel de mer fin\",\"nme\":\"Fine Sea Salt\",\"attr\":\"\",\"sku\":\"36598\",\"l2\":\"\u00C9pice, sel et poivre\",\"sl\":\"sel-de-mer-fin-deltasal-36598\",\"sn\":\"\",\"idxP\":72},{\"mq\":\"Fleischmann\",\"nm\":\"Levure \u00E0 pain\",\"nme\":\"Yeast Bread\",\"attr\":\"\",\"sku\":\"06274\",\"l2\":\"Ingr\u00E9dient de p\u00E2tisserie\",\"sl\":\"levure-a-pain-fleischmann-06274\",\"sn\":\"\",\"idxP\":68},{\"mq\":\"Rose Hill\",\"nm\":\"M\u00E9lange 5 poivres\",\"nme\":\"5 Peppers Mix\",\"attr\":\"Produit local\",\"sku\":\"38413\",\"l2\":\"\u00C9pice, sel et poivre\",\"sl\":\"melange-5-poivres-rose-hill-38413\",\"sn\":\"\",\"idxP\":38},{\"mq\":\"Casanova\",\"nm\":\"Vinaigre balsamique blanc 3 ans\",\"nme\":\"White Balsamic Vinegar 3 years\",\"attr\":\"\",\"sku\":\"06625\",\"l2\":\"Huile et vinaigre\",\"sl\":\"vinaigre-balsamique-blanc-3-ans-casanova-06625\",\"sn\":\"\",\"idxP\":36},{\"mq\":\"Pilaros\",\"nm\":\"Feuilles de vigne farcies au riz\",\"nme\":\"Vine Leaves Stuffed with Rice\",\"attr\":\"\",\"sku\":\"07203\",\"l2\":\"Marinade\",\"sl\":\"feuilles-de-vigne-farcies-au-riz-pilaros-07203\",\"sn\":\"\",\"idxP\":38},{\"mq\":\"Mr Noodle\",\"nm\":\"Nouilles instantan\u00E9es boeuf\",\"nme\":\"Beef Instant Noodles\",\"attr\":\"\",\"sku\":\"11531\",\"l2\":\"Soupe et bouillon\",\"sl\":\"nouilles-instantanees-boeuf-mr-noodle-11531\",\"sn\":\"\",\"idxP\":92},{\"mq\":\"Fleischmann\",\"nm\":\"Poudre \u00E0 p\u00E2te\",\"nme\":\"Double Action Baking Powder\",\"attr\":\"\",\"sku\":\"09511\",\"l2\":\"Ingr\u00E9dient de p\u00E2tisserie\",\"sl\":\"poudre-a-pate-fleischmann-09511\",\"sn\":\"\",\"idxP\":54},{\"mq\":\"Pilaros\",\"nm\":\"Olives vertes kalamata d\u00E9noyaut\u00E9es\",\"nme\":\"Pitted Kalamata Green Olives\",\"attr\":\"\",\"sku\":\"12944\",\"l2\":\"Marinade\",\"sl\":\"olives-vertes-kalamata-denoyautees-pilaros-12944\",\"sn\":\"\",\"idxP\":78},{\"mq\":\"Casanova\",\"nm\":\"Vinaigre balsamique 12 ans\",\"nme\":\"Balsamic Vinegar 12 Years\",\"attr\":\"\",\"sku\":\"06623\",\"l2\":\"Huile et vinaigre\",\"sl\":\"vinaigre-balsamique-12-ans-casanova-06623\",\"sn\":\"\",\"idxP\":19},{\"mq\":\"Fruitsations\",\"nm\":\"Pur\u00E9e de pomme et de poire\",\"nme\":\"Apples Pears Puree\",\"attr\":\"\",\"sku\":\"12959\",\"l2\":\"Fruit en conserve\",\"sl\":\"puree-de-pomme-et-de-poire-fruitsations-12959\",\"sn\":\"apples, poires, pommes\",\"idxP\":56},{\"mq\":\"Mr Noodle\",\"nm\":\"Nouilles instantan\u00E9es poulet \u00E9pic\u00E9\",\"nme\":\"Spicy Chicken Flavoured Noodles\",\"attr\":\"\",\"sku\":\"14306\",\"l2\":\"Soupe et bouillon\",\"sl\":\"nouilles-instantanees-poulet-epice-mr-noodle-14306\",\"sn\":\"\",\"idxP\":59},{\"mq\":\"Pilaros\",\"nm\":\"Olives vertes farcies \u00E0 l'ail\",\"nme\":\"Green Olives Stuffed With Garlic\",\"attr\":\"\",\"sku\":\"46221\",\"l2\":\"Marinade\",\"sl\":\"olives-vertes-farcies-a-lail-pilaros-46221\",\"sn\":\"\",\"idxP\":69},{\"mq\":\"Fruitsations\",\"nm\":\"Pur\u00E9e de bleuets sans sucre\",\"nme\":\"Unsweetened Blueberry Puree\",\"attr\":\"\",\"sku\":\"12960\",\"l2\":\"Fruit en conserve\",\"sl\":\"puree-de-bleuets-sans-sucre-fruitsations-12960\",\"sn\":\"\",\"idxP\":56},{\"mq\":\"Mr Noodle\",\"nm\":\"Nouilles instantan\u00E9es b\u0153uf en bol\",\"nme\":\"Beef Flavour Soup\",\"attr\":\"\",\"sku\":\"14305\",\"l2\":\"Soupe et bouillon\",\"sl\":\"nouilles-instantanees-buf-en-bol-mr-noodle-14305\",\"sn\":\"\",\"idxP\":48},{\"mq\":\"Fleischmann\",\"nm\":\"F\u00E9cule de ma\u00EFs\",\"nme\":\"Corn Starch\",\"attr\":\"\",\"sku\":\"36403\",\"l2\":\"Ingr\u00E9dient de p\u00E2tisserie\",\"sl\":\"fecule-de-mais-fleischmann-36403\",\"sn\":\"\",\"idxP\":68},{\"mq\":\"Pilaros\",\"nm\":\"Olives vertes \u00E9pic\u00E9es d\u00E9noyaut\u00E9es\",\"nme\":\"Spicy Pitted Green Olives\",\"attr\":\"\",\"sku\":\"12945\",\"l2\":\"Marinade\",\"sl\":\"olives-vertes-epicees-denoyautees-pilaros-12945\",\"sn\":\"\",\"idxP\":49},{\"mq\":\"Pilaros\",\"nm\":\"Olives vertes farcies aux amandes\",\"nme\":\"Green Olives Stuffed with Almonds\",\"attr\":\"\",\"sku\":\"46222\",\"l2\":\"Marinade\",\"sl\":\"olives-vertes-farcies-aux-amandes-pilaros-46222\",\"sn\":\"amandes\",\"idxP\":87},{\"mq\":\"Fleischmann\",\"nm\":\"Levure s\u00E8che instantan\u00E9e\",\"nme\":\"Instant Yeast\",\"attr\":\"\",\"sku\":\"37279\",\"l2\":\"Ingr\u00E9dient de p\u00E2tisserie\",\"sl\":\"levure-seche-instantanee-fleischmann-37279\",\"sn\":\"\",\"idxP\":100},{\"mq\":\"Kimchi\",\"nm\":\"Nouilles instantan\u00E9es traditionnel en bol\",\"nme\":\"Traditionnal Soup Instant Noodles\",\"attr\":\"\",\"sku\":\"14303\",\"l2\":\"Soupe et bouillon\",\"sl\":\"nouilles-instantanees-traditionnel-en-bol-kimchi-14303\",\"sn\":\"\",\"idxP\":50},{\"mq\":\"Sun Med\",\"nm\":\"Olives vertes tranch\u00E9es\",\"nme\":\"Sliced Green Olive\",\"attr\":\"\",\"sku\":\"12227\",\"l2\":\"Marinade\",\"sl\":\"olives-vertes-tranchees-sun-med-12227\",\"sn\":\"\",\"idxP\":79},{\"mq\":\"Mr Noodle\",\"nm\":\"Nouilles instantan\u00E9es poulet\",\"nme\":\"Chicken Soup Instant Noodles\",\"attr\":\"\",\"sku\":\"14307\",\"l2\":\"Soupe et bouillon\",\"sl\":\"nouilles-instantanees-poulet-mr-noodle-14307\",\"sn\":\"\",\"idxP\":71},{\"mq\":\"Fruitsations\",\"nm\":\"Pur\u00E9e de pommes non-sucr\u00E9e x6\",\"nme\":\"Unsweetened Apple Puree\",\"attr\":\"\",\"sku\":\"42632\",\"l2\":\"Fruit en conserve\",\"sl\":\"puree-de-pommes-non-sucree-x6-fruitsations-42632\",\"sn\":\"apples, pommes\",\"idxP\":87},{\"mq\":\"Sun Med\",\"nm\":\"Olives noires tranch\u00E9es\",\"nme\":\"Sliced Black Olive\",\"attr\":\"\",\"sku\":\"12228\",\"l2\":\"Marinade\",\"sl\":\"olives-noires-tranchees-sun-med-12228\",\"sn\":\"\",\"idxP\":80},{\"mq\":\"Pilaros\",\"nm\":\"Feuilles de vigne farcies au riz\",\"nme\":\"Vine Leaves Stuffed with Rice\",\"attr\":\"\",\"sku\":\"46224\",\"l2\":\"Marinade\",\"sl\":\"feuilles-de-vigne-farcies-au-riz-pilaros-46224\",\"sn\":\"\",\"idxP\":75},{\"mq\":\"Mr Noodle\",\"nm\":\"Nouilles instantan\u00E9es l\u00E9gumes\",\"nme\":\"Vegetable Instant Noodles\",\"attr\":\"\",\"sku\":\"11535\",\"l2\":\"Soupe et bouillon\",\"sl\":\"nouilles-instantanees-legumes-mr-noodle-11535\",\"sn\":\"\",\"idxP\":68},{\"mq\":\"Kimchi\",\"nm\":\"Nouilles instantan\u00E9es au poulet en bol\",\"nme\":\"Chicken Noodles\",\"attr\":\"\",\"sku\":\"14302\",\"l2\":\"Soupe et bouillon\",\"sl\":\"nouilles-instantanees-au-poulet-en-bol-kimchi-14302\",\"sn\":\"\",\"idxP\":52},{\"mq\":\"Dare\",\"nm\":\"Chapelure Grissol\",\"nme\":\"Bread Crumbs\",\"attr\":\"\",\"sku\":\"08537\",\"l2\":\"Farine, semoule et chapelure\",\"sl\":\"chapelure-grissol-dare-08537\",\"sn\":\"\",\"idxP\":33},{\"mq\":\"Berthelet\",\"nm\":\"M\u00E9lange pour sauce brune\",\"nme\":\"Instant Brown Sauce Mix\",\"attr\":\"Produit local\",\"sku\":\"10177\",\"l2\":\"Sauce\",\"sl\":\"melange-pour-sauce-brune-berthelet-10177\",\"sn\":\"\",\"idxP\":18},{\"mq\":\"Aero\",\"nm\":\"Barre de chocolat A\u00E9ro\",\"nme\":\"Aero chocolate bar\",\"attr\":\"\",\"sku\":\"10088\",\"l2\":\"Confiserie\",\"sl\":\"barre-de-chocolat-aero-aero-10088\",\"sn\":\"\",\"idxP\":24},{\"mq\":\"Berthelet\",\"nm\":\"Base soupe oignon fran\u00E7ais\",\"nme\":\"French Onion Soup Base\",\"attr\":\"Produit local\",\"sku\":\"10175\",\"l2\":\"Soupe et bouillon\",\"sl\":\"base-soupe-oignon-francais-berthelet-10175\",\"sn\":\"onions, oignons\",\"idxP\":9},{\"mq\":\"Club House\",\"nm\":\"M\u00E9lange p\u00E2te \u00E0 la bi\u00E8re \u00E0 frire\",\"nme\":\"Fry Paste Mix with Beer\",\"attr\":\"\",\"sku\":\"50887\",\"l2\":\"Farine, semoule et chapelure\",\"sl\":\"melange-pate-a-la-biere-a-frire-club-house-50887\",\"sn\":\"\",\"idxP\":11},{\"mq\":\"Nestl\u00E9\",\"nm\":\"Barre de chocolat CoffeeCrisp\",\"nme\":\"CoffeeCrisp chocolate bar\",\"attr\":\"\",\"sku\":\"10089\",\"l2\":\"Confiserie\",\"sl\":\"barre-de-chocolat-coffeecrisp-nestle-10089\",\"sn\":\"\",\"idxP\":18},{\"mq\":\"Loacker\",\"nm\":\"Gaufrette au chocolat noir Quadratini\",\"nme\":\"Dark Chocolate Wafer Quadratini\",\"attr\":\"\",\"sku\":\"10119\",\"l2\":\"Biscuit et craquelin\",\"sl\":\"gaufrette-au-chocolat-noir-quadratini-loacker-10119\",\"sn\":\"\",\"idxP\":26},{\"mq\":\"Kit Kat\",\"nm\":\"Barre de chocolat Kit Kat\",\"nme\":\"Kit Kat chocolate bar\",\"attr\":\"\",\"sku\":\"10096\",\"l2\":\"Confiserie\",\"sl\":\"barre-de-chocolat-kit-kat-kit-kat-10096\",\"sn\":\"\",\"idxP\":31},{\"mq\":\"Par Excellence\",\"nm\":\"Riz \u00E9tuv\u00E9 naturel \u00E0 grains longs 40kg\",\"nme\":\"Parboiled Rice Natural Long Grain 40 kg\",\"attr\":\"\",\"sku\":\"10194\",\"l2\":\"Riz et grain\",\"sl\":\"riz-etuve-naturel-a-grains-longs-40kg-par-excellence-10194\",\"sn\":\"\",\"idxP\":53},{\"mq\":\"Unico\",\"nm\":\"Gla\u00E7age balsamique\",\"nme\":\"Balsamic Glaze\",\"attr\":\"\",\"sku\":\"10264\",\"l2\":\"Huile et vinaigre\",\"sl\":\"glacage-balsamique-unico-10264\",\"sn\":\"\",\"idxP\":77},{\"mq\":\"Arm & Hammer\",\"nm\":\"Bicarbonate de soude\",\"nme\":\"Baking Soda\",\"attr\":\"\",\"sku\":\"10323\",\"l2\":\"Ingr\u00E9dient de p\u00E2tisserie\",\"sl\":\"bicarbonate-de-soude-arm-hammer-10323\",\"sn\":\"liqueur, breuvage, softdrink, soft drink\",\"idxP\":96},{\"mq\":\"Sifto\",\"nm\":\"Sel alimentaire Hy Grade\",\"nme\":\"Evaporated Table Fine Salt\",\"attr\":\"\",\"sku\":\"10333\",\"l2\":\"\u00C9pice, sel et poivre\",\"sl\":\"sel-alimentaire-hy-grade-sifto-10333\",\"sn\":\"\",\"idxP\":100},{\"mq\":\"Carvin\",\"nm\":\"Strudel aux bleuets\",\"nme\":\"Blueberry Strudel\",\"attr\":\"\",\"sku\":\"14081\",\"l2\":\"Biscuit et craquelin\",\"sl\":\"strudel-aux-bleuets-carvin-14081\",\"sn\":\"\",\"idxP\":31},{\"mq\":\"Carvin\",\"nm\":\"Strudel \u00E0 la fraise\",\"nme\":\"Strawberry Strudel\",\"attr\":\"\",\"sku\":\"14087\",\"l2\":\"Biscuit et craquelin\",\"sl\":\"strudel-a-la-fraise-carvin-14087\",\"sn\":\"fraises\",\"idxP\":40},{\"mq\":\"Vachon\",\"nm\":\"G\u00E2teaux May West Super\",\"nme\":\"Super May West Sponge Cakes\",\"attr\":\"\",\"sku\":\"30285\",\"l2\":\"Biscuit et craquelin\",\"sl\":\"gateaux-may-west-super-vachon-30285\",\"sn\":\"\",\"idxP\":25},{\"mq\":\"Carvin\",\"nm\":\"Strudel aux cerises\",\"nme\":\"Cherry Strudel\",\"attr\":\"\",\"sku\":\"14083\",\"l2\":\"Biscuit et craquelin\",\"sl\":\"strudel-aux-cerises-carvin-14083\",\"sn\":\"\",\"idxP\":35},{\"mq\":\"Vachon\",\"nm\":\"G\u00E2teaux sandwiches Ah Caramel\",\"nme\":\"Ah Caramel Sandwich Cakes\",\"attr\":\"\",\"sku\":\"30287\",\"l2\":\"Biscuit et craquelin\",\"sl\":\"gateaux-sandwiches-ah-caramel-vachon-30287\",\"sn\":\"\",\"idxP\":24},{\"mq\":\"Vachon\",\"nm\":\"G\u00E2teaux \u00E9ponge Billot Log \u00E0 la gel\u00E9e\",\"nme\":\"Billot Log Jelly Sponge Cakes\",\"attr\":\"\",\"sku\":\"30864\",\"l2\":\"Biscuit et craquelin\",\"sl\":\"gateaux-eponge-billot-log-a-la-gelee-vachon-30864\",\"sn\":\"\",\"idxP\":33},{\"mq\":\"Vachon\",\"nm\":\"G\u00E2teaux Demi Lune vanille\",\"nme\":\"Half Moon Vanilla Cakes\",\"attr\":\"\",\"sku\":\"16675\",\"l2\":\"Biscuit et craquelin\",\"sl\":\"gateaux-demi-lune-vanille-vachon-16675\",\"sn\":\"\",\"idxP\":29},{\"mq\":\"Dora\",\"nm\":\"Confiture de framboises avec pectine\",\"nme\":\"Strawberry Jam with Pectin\",\"attr\":\"Produit local\",\"sku\":\"02946\",\"l2\":\"Confiture et tartinade\",\"sl\":\"confiture-de-framboises-avec-pectine-dora-02946\",\"sn\":\"framboises\",\"idxP\":13},{\"mq\":\"Grandma's\",\"nm\":\"Galettes \u00E0 la m\u00E9lasse\",\"nme\":\"Molasses Cookies\",\"attr\":\"\",\"sku\":\"16343\",\"l2\":\"Biscuit et craquelin\",\"sl\":\"galettes-a-la-melasse-grandmas-16343\",\"sn\":\"\",\"idxP\":27},{\"mq\":\"Club House\",\"nm\":\"Extrait de vanille pur\",\"nme\":\"Pure Vanilla Extract\",\"attr\":\"\",\"sku\":\"16166\",\"l2\":\"Ingr\u00E9dient de p\u00E2tisserie\",\"sl\":\"extrait-de-vanille-pur-club-house-16166\",\"sn\":\"\",\"idxP\":58},{\"mq\":\"Dora\",\"nm\":\"Coulis caramel\",\"nme\":\"Caramel Coulis\",\"attr\":\"Produit local\",\"sku\":\"34631\",\"l2\":\"Bar laitier\",\"sl\":\"coulis-caramel-dora-34631\",\"sn\":\"\",\"idxP\":59},{\"mq\":\"Cacao Barry\",\"nm\":\"Pralin\u00E9 noisettes\",\"nme\":\"Hazelnut Praline\",\"attr\":\"\",\"sku\":\"38988\",\"l2\":\"Ingr\u00E9dient de p\u00E2tisserie\",\"sl\":\"praline-noisettes-cacao-barry-38988\",\"sn\":\"\",\"idxP\":17},{\"mq\":\"Club House\",\"nm\":\"Assaisonnement \u00E9pic\u00E9 pour spaghetti\",\"nme\":\"Spicy Spaghetti Seasoning\",\"attr\":\"\",\"sku\":\"16160\",\"l2\":\"\u00C9pice, sel et poivre\",\"sl\":\"assaisonnement-epice-pour-spaghetti-club-house-16160\",\"sn\":\"\",\"idxP\":37},{\"mq\":\"Club House\",\"nm\":\"Sauce cocktail\",\"nme\":\"Cocktail Sauce\",\"attr\":\"\",\"sku\":\"50881\",\"l2\":\"Condiment\",\"sl\":\"sauce-cocktail-club-house-50881\",\"sn\":\"\",\"idxP\":57},{\"mq\":\"Dora\",\"nm\":\"Coulis de framboises\",\"nme\":\"Raspberry Coulis\",\"attr\":\"Produit local\",\"sku\":\"17074\",\"l2\":\"Bar laitier\",\"sl\":\"coulis-de-framboises-dora-17074\",\"sn\":\"framboises\",\"idxP\":49},{\"mq\":\"Dora\",\"nm\":\"Confiture de fraises avec pectine\",\"nme\":\"Strawberry Jam with Pectin 5 L\",\"attr\":\"Produit local\",\"sku\":\"28031\",\"l2\":\"Confiture et tartinade\",\"sl\":\"confiture-de-fraises-avec-pectine-dora-28031\",\"sn\":\"fraises\",\"idxP\":31},{\"mq\":\"Dora\",\"nm\":\"Coulis de fraises\",\"nme\":\"Strawberry Coulis\",\"attr\":\"Produit local\",\"sku\":\"17088\",\"l2\":\"Bar laitier\",\"sl\":\"coulis-de-fraises-dora-17088\",\"sn\":\"fraises\",\"idxP\":57},{\"mq\":\"Carvin\",\"nm\":\"Strudel au caramel\",\"nme\":\"Caramel Strudel\",\"attr\":\"\",\"sku\":\"14082\",\"l2\":\"Biscuit et craquelin\",\"sl\":\"strudel-au-caramel-carvin-14082\",\"sn\":\"\",\"idxP\":30},{\"mq\":\"Old Dutch\",\"nm\":\"Croustilles originales\",\"nme\":\"Original Chips\",\"attr\":\"\",\"sku\":\"14169\",\"l2\":\"Croustille et grignotine\",\"sl\":\"croustilles-originales-old-dutch-14169\",\"sn\":\"croustille\",\"idxP\":44},{\"mq\":\"Old Dutch\",\"nm\":\"Croustilles au BBQ\",\"nme\":\"BBQ Chips\",\"attr\":\"\",\"sku\":\"14171\",\"l2\":\"Croustille et grignotine\",\"sl\":\"croustilles-au-bbq-old-dutch-14171\",\"sn\":\"croustille, BBQ\",\"idxP\":32},{\"mq\":\"Imperial\",\"nm\":\"Barbe \u00E0 papa\",\"nme\":\"Cotton Candy\",\"attr\":\"\",\"sku\":\"17601\",\"l2\":\"Confiserie\",\"sl\":\"barbe-a-papa-imperial-17601\",\"sn\":\"\",\"idxP\":100},{\"mq\":\"Club House\",\"nm\":\"Assaisonnement pour poulet BBQ\",\"nme\":\"BBQ Chicken Seasoning\",\"attr\":\"\",\"sku\":\"16068\",\"l2\":\"\u00C9pice, sel et poivre\",\"sl\":\"assaisonnement-pour-poulet-bbq-club-house-16068\",\"sn\":\"\",\"idxP\":47},{\"mq\":\"Nupak ou Dunya Harvest\",\"nm\":\"Farine de riz\",\"nme\":\"Rice Flour\",\"attr\":\"\",\"sku\":\"18259\",\"l2\":\"Farine, semoule et chapelure\",\"sl\":\"farine-de-riz-nupak-ou-dunya-harvest-18259\",\"sn\":\"\",\"idxP\":32},{\"mq\":\"Delizia di Calabria\",\"nm\":\"Olives italiennes mixtes dans l'huile\",\"nme\":\"Mixed Italian Olives in Oil\",\"attr\":\"\",\"sku\":\"24239\",\"l2\":\"Marinade\",\"sl\":\"olives-italiennes-mixtes-dans-lhuile-delizia-di-calabria-24239\",\"sn\":\"\",\"idxP\":28},{\"mq\":\"Nupak ou Dunya Harvest\",\"nm\":\"Farine de ma\u00EFs blanche\",\"nme\":\"White Corn Flour\",\"attr\":\"\",\"sku\":\"18254\",\"l2\":\"Farine, semoule et chapelure\",\"sl\":\"farine-de-mais-blanche-nupak-ou-dunya-harvest-18254\",\"sn\":\"\",\"idxP\":32},{\"mq\":\"Allessia\",\"nm\":\"Tartinade antipasto piquante\",\"nme\":\"Hot Antipasto Spread\",\"attr\":\"\",\"sku\":\"30445\",\"l2\":\"Marinade\",\"sl\":\"tartinade-antipasto-piquante-allessia-30445\",\"sn\":\"\",\"idxP\":49},{\"mq\":\"Kraft\",\"nm\":\"Vinaigrette feta origan\",\"nme\":\"Feta and Origano Dressing\",\"attr\":\"\",\"sku\":\"08492\",\"l2\":\"Vinaigrette et Cro\u00FBton\",\"sl\":\"vinaigrette-feta-origan-kraft-08492\",\"sn\":\"\",\"idxP\":15},{\"mq\":\"Misura\",\"nm\":\"Biscottes sans sucre ajout\u00E9\",\"nme\":\"No Added Sugar Rusks\",\"attr\":\"\",\"sku\":\"10898\",\"l2\":\"Biscuit et craquelin\",\"sl\":\"biscottes-sans-sucre-ajoute-misura-10898\",\"sn\":\"\",\"idxP\":29},{\"mq\":\"Delizia di Calabria\",\"nm\":\"Sauce piquante de piment fort\",\"nme\":\"Calabrian Hot Chilli Pepper Spread\",\"attr\":\"\",\"sku\":\"24236\",\"l2\":\"Condiment\",\"sl\":\"sauce-piquante-de-piment-fort-delizia-di-calabria-24236\",\"sn\":\"piments\",\"idxP\":65},{\"mq\":\"Delizia di Calabria\",\"nm\":\"Aubergines en lamelles dans l'huile\",\"nme\":\"Eggplants Strips in Oil\",\"attr\":\"\",\"sku\":\"24241\",\"l2\":\"Marinade\",\"sl\":\"aubergines-en-lamelles-dans-lhuile-delizia-di-calabria-24241\",\"sn\":\"aubergines\",\"idxP\":17},{\"mq\":\"Ruffles\",\"nm\":\"Croustilles assaisonn\u00E9es\",\"nme\":\"All Dressed Chips\",\"attr\":\"\",\"sku\":\"11620\",\"l2\":\"Croustille et grignotine\",\"sl\":\"croustilles-assaisonnees-ruffles-11620\",\"sn\":\"croustille\",\"idxP\":15},{\"mq\":\"Berthelet\",\"nm\":\"Vinaigrette japonaise\",\"nme\":\"Japanese Dressing\",\"attr\":\"Produit local\",\"sku\":\"10433\",\"l2\":\"Vinaigrette et Cro\u00FBton\",\"sl\":\"vinaigrette-japonaise-berthelet-10433\",\"sn\":\"\",\"idxP\":16},{\"mq\":\"Allessia\",\"nm\":\"Filets d'anchois 150g\",\"nme\":\"Fillets of Anchovies 150g\",\"attr\":\"\",\"sku\":\"30408\",\"l2\":\"Poisson et viande en conserve\",\"sl\":\"filets-danchois-150g-allessia-30408\",\"sn\":\"\",\"idxP\":100},{\"mq\":\"Bonne Maman\",\"nm\":\"Confiture de bleuets sauvages\",\"nme\":\"Wild Blueberry Jam\",\"attr\":\"\",\"sku\":\"08529\",\"l2\":\"Confiture et tartinade\",\"sl\":\"confiture-de-bleuets-sauvages-bonne-maman-08529\",\"sn\":\"\",\"idxP\":45},{\"mq\":\"Nupak ou Dunya Harvest\",\"nm\":\"Farine de riz\",\"nme\":\"Rice Flour\",\"attr\":\"\",\"sku\":\"18256\",\"l2\":\"Farine, semoule et chapelure\",\"sl\":\"farine-de-riz-nupak-ou-dunya-harvest-18256\",\"sn\":\"\",\"idxP\":31},{\"mq\":\"Knorr\",\"nm\":\"Concentr\u00E9 de bouillon au poulet\",\"nme\":\"Chicken Broth Concentrate\",\"attr\":\"\",\"sku\":\"13777\",\"l2\":\"Soupe et bouillon\",\"sl\":\"concentre-de-bouillon-au-poulet-knorr-13777\",\"sn\":\"\",\"idxP\":40},{\"mq\":\"Papadopoulos\",\"nm\":\"Petits pains grill\u00E9s au s\u00E9same\",\"nme\":\"Toasted Rolls with Sesame\",\"attr\":\"\",\"sku\":\"12941\",\"l2\":\"Biscuit et craquelin\",\"sl\":\"petits-pains-grilles-au-sesame-papadopoulos-12941\",\"sn\":\"\",\"idxP\":21},{\"mq\":\"Labont\u00E9\",\"nm\":\"Miel liquide en bouteille renvers\u00E9e\",\"nme\":\"Reversed Bottle Liquid Honey\",\"attr\":\"\",\"sku\":\"13805\",\"l2\":\"Confiture et tartinade\",\"sl\":\"miel-liquide-en-bouteille-renversee-labonte-13805\",\"sn\":\"\",\"idxP\":100},{\"mq\":\"HP\",\"nm\":\"Sauce \u00E0 bifteck\",\"nme\":\"Steak Sauce\",\"attr\":\"\",\"sku\":\"11765\",\"l2\":\"Condiment\",\"sl\":\"sauce-a-bifteck-hp-11765\",\"sn\":\"steak\",\"idxP\":14},{\"mq\":\"Papadopoulos\",\"nm\":\"Pain grill\u00E9 de bl\u00E9 entier sans-sucre\",\"nme\":\"Krispies Toasted Rolls\",\"attr\":\"\",\"sku\":\"12942\",\"l2\":\"Biscuit et craquelin\",\"sl\":\"pain-grille-de-ble-entier-sans-sucre-papadopoulos-12942\",\"sn\":\"\",\"idxP\":12},{\"mq\":\"Diana\",\"nm\":\"Sauce barbecue \u00E9rable\",\"nme\":\"Mapple BBQ Sauce\",\"attr\":\"\",\"sku\":\"18336\",\"l2\":\"Sauce\",\"sl\":\"sauce-barbecue-erable-diana-18336\",\"sn\":\"apples, BBQ\",\"idxP\":16},{\"mq\":\"Misura\",\"nm\":\"Biscottes int\u00E9grales\",\"nme\":\"Integral Rusks\",\"attr\":\"\",\"sku\":\"10899\",\"l2\":\"Biscuit et craquelin\",\"sl\":\"biscottes-integrales-misura-10899\",\"sn\":\"\",\"idxP\":13},{\"mq\":\"Papadopoulos\",\"nm\":\"Petits pains grill\u00E9s Krispies\",\"nme\":\"Krispies Toasted Rolls\",\"attr\":\"\",\"sku\":\"12943\",\"l2\":\"Biscuit et craquelin\",\"sl\":\"petits-pains-grilles-krispies-papadopoulos-12943\",\"sn\":\"\",\"idxP\":27},{\"mq\":\"Grandma's\",\"nm\":\"M\u00E9lasse qualit\u00E9 fantaisie\",\"nme\":\"Fancy Molasses\",\"attr\":\"\",\"sku\":\"18325\",\"l2\":\"Confiture et tartinade\",\"sl\":\"melasse-qualite-fantaisie-grandmas-18325\",\"sn\":\"\",\"idxP\":52},{\"mq\":\"Ocean Spray\",\"nm\":\"Sauce aux canneberges fruits entiers l\",\"nme\":\"Whole Berry Cranberry Sauce\",\"attr\":\"\",\"sku\":\"07831\",\"l2\":\"Condiment\",\"sl\":\"sauce-aux-canneberges-fruits-entiers-l-ocean-spray-07831\",\"sn\":\"\",\"idxP\":66},{\"mq\":\"Oh Henry\",\"nm\":\"Barre de chocolat oh henry\",\"nme\":\"Oh henry chocolate bar\",\"attr\":\"\",\"sku\":\"11726\",\"l2\":\"Confiserie\",\"sl\":\"barre-de-chocolat-oh-henry-oh-henry-11726\",\"sn\":\"\",\"idxP\":22},{\"mq\":\"Carnation\",\"nm\":\"Lait \u00E9cr\u00E9m\u00E9 poudre instantan\u00E9\",\"nme\":\"Instant skim milk powder\",\"attr\":\"\",\"sku\":\"16395\",\"l2\":\"Ingr\u00E9dient de p\u00E2tisserie\",\"sl\":\"lait-ecreme-poudre-instantane-carnation-16395\",\"sn\":\"\",\"idxP\":45},{\"mq\":\"E.D.Smith\",\"nm\":\"Sauce aux fruits de mer\",\"nme\":\"Seafood Sauce\",\"attr\":\"\",\"sku\":\"13255\",\"l2\":\"Condiment\",\"sl\":\"sauce-aux-fruits-de-mer-e.d.smith-13255\",\"sn\":\"\",\"idxP\":8},{\"mq\":\"Grandma's\",\"nm\":\"M\u00E9lasse qualit\u00E9 fantaisie\",\"nme\":\"Fancy Molasses\",\"attr\":\"\",\"sku\":\"18324\",\"l2\":\"Confiture et tartinade\",\"sl\":\"melasse-qualite-fantaisie-grandmas-18324\",\"sn\":\"\",\"idxP\":55},{\"mq\":\"Antica Bont\u00E0\",\"nm\":\"Vinaigre balsamique de Modena\",\"nme\":\"Balsamic Vinegar of Modena\",\"attr\":\"\",\"sku\":\"14814\",\"l2\":\"Huile et vinaigre\",\"sl\":\"vinaigre-balsamique-de-modena-antica-bonta-14814\",\"sn\":\"\",\"idxP\":50},{\"mq\":\"Mott's\",\"nm\":\"Compote de pommes non sucr\u00E9e\",\"nme\":\"Unsweetened Apple Sauce\",\"attr\":\"\",\"sku\":\"32283\",\"l2\":\"Fruit en conserve\",\"sl\":\"compote-de-pommes-non-sucree-motts-32283\",\"sn\":\"apples, pommes\",\"idxP\":86},{\"mq\":\"Mott's\",\"nm\":\"Compote de pommes\",\"nme\":\"Apple Sauce\",\"attr\":\"\",\"sku\":\"32284\",\"l2\":\"Fruit en conserve\",\"sl\":\"compote-de-pommes-motts-32284\",\"sn\":\"apples, pommes\",\"idxP\":52},{\"mq\":\"Old Dutch\",\"nm\":\"Croustilles vari\u00E9es en sachets\",\"nme\":\"Various Bags of Chips\",\"attr\":\"\",\"sku\":\"22860\",\"l2\":\"Croustille et grignotine\",\"sl\":\"croustilles-variees-en-sachets-old-dutch-22860\",\"sn\":\"croustille\",\"idxP\":53},{\"mq\":\"Nupak ou Dunya Harvest\",\"nm\":\"Farine de ma\u00EFs blanche\",\"nme\":\"White Corn Flour\",\"attr\":\"\",\"sku\":\"18253\",\"l2\":\"Farine, semoule et chapelure\",\"sl\":\"farine-de-mais-blanche-nupak-ou-dunya-harvest-18253\",\"sn\":\"\",\"idxP\":63},{\"mq\":\"Wowbutter\",\"nm\":\"Tartinade cr\u00E9meuse de f\u00E8ves de soja grill\u00E9es\",\"nme\":\"Roasted Soy Beans Creamy Spread\",\"attr\":\"\",\"sku\":\"25019\",\"l2\":\"Confiture et tartinade\",\"sl\":\"tartinade-cremeuse-de-feves-de-soja-grillees-wowbutter-25019\",\"sn\":\"soya, soy\",\"idxP\":19},{\"mq\":\"Sun Med\",\"nm\":\"P\u00EAches en moiti\u00E9s dans un sirop l\u00E9ger\",\"nme\":\"Peach Halves in Light Syrup 2.84 L\",\"attr\":\"\",\"sku\":\"21253\",\"l2\":\"Fruit en conserve\",\"sl\":\"peches-en-moities-dans-un-sirop-leger-sun-med-21253\",\"sn\":\"\",\"idxP\":61},{\"mq\":\"V-H\",\"nm\":\"Sauce aux prunes\",\"nme\":\"Plum Sauce\",\"attr\":\"\",\"sku\":\"26461\",\"l2\":\"Condiment\",\"sl\":\"sauce-aux-prunes-v-h-26461\",\"sn\":\"\",\"idxP\":26},{\"mq\":\"Granforno\",\"nm\":\"Grissini s\u00E9same\",\"nme\":\"Sesame Gressini\",\"attr\":\"\",\"sku\":\"24772\",\"l2\":\"Biscuit et craquelin\",\"sl\":\"grissini-sesame-granforno-24772\",\"sn\":\"Grissini, grissini\",\"idxP\":100},{\"mq\":\"Le Grec\",\"nm\":\"Vinaigrette italienne\",\"nme\":\"Italian Dressing\",\"attr\":\"Produit local\",\"sku\":\"25409\",\"l2\":\"Vinaigrette et Cro\u00FBton\",\"sl\":\"vinaigrette-italienne-le-grec-25409\",\"sn\":\"\",\"idxP\":41},{\"mq\":\"Panealba\",\"nm\":\"Grissini \u00E0 l'huile d'olive Griss d'Or\",\"nme\":\"Olive Griss d'Or Grissini\",\"attr\":\"\",\"sku\":\"33813\",\"l2\":\"Biscuit et craquelin\",\"sl\":\"grissini-a-lhuile-dolive-griss-dor-panealba-33813\",\"sn\":\"\",\"idxP\":25},{\"mq\":\"Primo\",\"nm\":\"Sauce p\u00E2tes\",\"nme\":\"Pasta Sauce\",\"attr\":\"\",\"sku\":\"35768\",\"l2\":\"Sauce\",\"sl\":\"sauce-pates-primo-35768\",\"sn\":\"\",\"idxP\":100},{\"mq\":\"McLean\",\"nm\":\"Sirop framboise bleue pour barbotine\",\"nme\":\"Blue Raspberry Slush Syrup\",\"attr\":\"\",\"sku\":\"36016\",\"l2\":\"Bar laitier\",\"sl\":\"sirop-framboise-bleue-pour-barbotine-mclean-36016\",\"sn\":\"slush, framboises\",\"idxP\":27},{\"mq\":\"Valli\",\"nm\":\"Gnocchi \u00E0 la tomate\",\"nme\":\"Tomato Gnocchi\",\"attr\":\"\",\"sku\":\"23600\",\"l2\":\"P\u00E2tes\",\"sl\":\"gnocchi-a-la-tomate-valli-23600\",\"sn\":\"tomates\",\"idxP\":41},{\"mq\":\"Le Grec\",\"nm\":\"Vinaigrette originale\",\"nme\":\"Original Dressing\",\"attr\":\"Aliment du Qu\u00E9bec, Produit local\",\"sku\":\"25408\",\"l2\":\"Vinaigrette et Cro\u00FBton\",\"sl\":\"vinaigrette-originale-le-grec-25408\",\"sn\":\"\",\"idxP\":88},{\"mq\":\"Mutti\",\"nm\":\"P\u00E2te de tomate\",\"nme\":\"Tomato Paste\",\"attr\":\"\",\"sku\":\"33950\",\"l2\":\"Tomate en conserve\",\"sl\":\"pate-de-tomate-mutti-33950\",\"sn\":\"tomates\",\"idxP\":89},{\"mq\":\"Ma Tartinade\",\"nm\":\"Tartinade de framboise\",\"nme\":\"Raspberry Spread\",\"attr\":\"\",\"sku\":\"36198\",\"l2\":\"Confiture et tartinade\",\"sl\":\"tartinade-de-framboise-ma-tartinade-36198\",\"sn\":\"framboises\",\"idxP\":87},{\"mq\":\"Le Grec\",\"nm\":\"Vinaigrette cr\u00E9meuse originale\",\"nme\":\"Creamy Original Dressing\",\"attr\":\"Produit local\",\"sku\":\"22960\",\"l2\":\"Vinaigrette et Cro\u00FBton\",\"sl\":\"vinaigrette-cremeuse-originale-le-grec-22960\",\"sn\":\"\",\"idxP\":38},{\"mq\":\"Knorr\",\"nm\":\"M\u00E9lange pour soupe \u00E0 l'oignon\",\"nme\":\"Onion Soup Mix\",\"attr\":\"\",\"sku\":\"25375\",\"l2\":\"Soupe et bouillon\",\"sl\":\"melange-pour-soupe-a-loignon-knorr-25375\",\"sn\":\"onions, oignons\",\"idxP\":64},{\"mq\":\"Puratos\",\"nm\":\"Nappage miroir neutre\",\"nme\":\"Neutral Mirror Glaze\",\"attr\":\"\",\"sku\":\"10477\",\"l2\":\"Ingr\u00E9dient de p\u00E2tisserie\",\"sl\":\"nappage-miroir-neutre-puratos-10477\",\"sn\":\"\",\"idxP\":28},{\"mq\":\"Panealba\",\"nm\":\"Grissini au s\u00E9same Griss d'Or\",\"nme\":\"Griss d'Or Sesame Grissini\",\"attr\":\"\",\"sku\":\"33811\",\"l2\":\"Biscuit et craquelin\",\"sl\":\"grissini-au-sesame-griss-dor-panealba-33811\",\"sn\":\"\",\"idxP\":23},{\"mq\":\"Granforno\",\"nm\":\"Grissini Torino\",\"nme\":\"Torino Grissini\",\"attr\":\"\",\"sku\":\"32421\",\"l2\":\"Biscuit et craquelin\",\"sl\":\"grissini-torino-granforno-32421\",\"sn\":\"\",\"idxP\":84},{\"mq\":\"Planters\",\"nm\":\"Huile d'arachide\",\"nme\":\"Peanut Oil\",\"attr\":\"\",\"sku\":\"37824\",\"l2\":\"Huile et vinaigre\",\"sl\":\"huile-darachide-planters-37824\",\"sn\":\"\",\"idxP\":75},{\"mq\":\"Smuckers\",\"nm\":\"Garniture de d\u00E9coration saveur chocolat\",\"nme\":\"Chocolate Flavoured Decorating Syrup\",\"attr\":\"\",\"sku\":\"37710\",\"l2\":\"Ingr\u00E9dient de p\u00E2tisserie\",\"sl\":\"garniture-de-decoration-saveur-chocolat-smuckers-37710\",\"sn\":\"\",\"idxP\":55},{\"mq\":\"Skor\",\"nm\":\"Garniture Skor concass\u00E9e pour coupe glac\u00E9e\",\"nme\":\"Skor topping for sundae\",\"attr\":\"\",\"sku\":\"43179\",\"l2\":\"Bar laitier\",\"sl\":\"garniture-skor-concassee-pour-coupe-glacee-skor-43179\",\"sn\":\"\",\"idxP\":46},{\"mq\":\"Smuckers\",\"nm\":\"Garniture de d\u00E9coration saveur caramel\",\"nme\":\"Caramel Flavoured Decorating Syrup\",\"attr\":\"\",\"sku\":\"37712\",\"l2\":\"Ingr\u00E9dient de p\u00E2tisserie\",\"sl\":\"garniture-de-decoration-saveur-caramel-smuckers-37712\",\"sn\":\"\",\"idxP\":42},{\"mq\":\"Agrocan\",\"nm\":\"Ananas tranch\u00E9s dans un sirop l\u00E9ger\",\"nme\":\"Sliced Pineapple in Light Syrup\",\"attr\":\"\",\"sku\":\"41772\",\"l2\":\"Fruit en conserve\",\"sl\":\"ananas-tranches-dans-un-sirop-leger-agrocan-41772\",\"sn\":\"apples, ananas\",\"idxP\":71},{\"mq\":\"Diana\",\"nm\":\"Sauce barbecue \u00E9pic\u00E9e\",\"nme\":\"Spicy BBQ Sauce\",\"attr\":\"\",\"sku\":\"43742\",\"l2\":\"Sauce\",\"sl\":\"sauce-barbecue-epicee-diana-43742\",\"sn\":\"BBQ\",\"idxP\":19},{\"mq\":\"Bonne Maman\",\"nm\":\"Confiture de fraises\",\"nme\":\"Strawberry Jam\",\"attr\":\"\",\"sku\":\"49142\",\"l2\":\"Confiture et tartinade\",\"sl\":\"confiture-de-fraises-bonne-maman-49142\",\"sn\":\"fraises\",\"idxP\":81},{\"mq\":\"Smuckers\",\"nm\":\"Garniture de d\u00E9coration \u00E0 la framboise\",\"nme\":\"Raspberry Decorating Syrup\",\"attr\":\"\",\"sku\":\"37709\",\"l2\":\"Ingr\u00E9dient de p\u00E2tisserie\",\"sl\":\"garniture-de-decoration-a-la-framboise-smuckers-37709\",\"sn\":\"framboises\",\"idxP\":50},{\"mq\":\"Agrocan\",\"nm\":\"Ananas bouch\u00E9es coup\u00E9 pour pizza\",\"nme\":\"Pineapple Tidbits Pizza Cut\",\"attr\":\"\",\"sku\":\"41771\",\"l2\":\"Fruit en conserve\",\"sl\":\"ananas-bouchees-coupe-pour-pizza-agrocan-41771\",\"sn\":\"apples, ananas\",\"idxP\":82},{\"mq\":\"Nut to you\",\"nm\":\"Beurre d'amande cr\u00E9meux\",\"nme\":\"Creamy Almond Butter\",\"attr\":\"\",\"sku\":\"40012\",\"l2\":\"Confiture et tartinade\",\"sl\":\"beurre-damande-cremeux-nut-to-you-40012\",\"sn\":\"amandes\",\"idxP\":52},{\"mq\":\"Sun Med\",\"nm\":\"Poires bartlett tranch\u00E9e\",\"nme\":\"Sliced Barlett Pears\",\"attr\":\"\",\"sku\":\"18520\",\"l2\":\"Fruit en conserve\",\"sl\":\"poires-bartlett-tranchee-sun-med-18520\",\"sn\":\"poires\",\"idxP\":81},{\"mq\":\"HP\",\"nm\":\"Sauce bifteck bouteille\",\"nme\":\"Steak Sauce\",\"attr\":\"\",\"sku\":\"08894\",\"l2\":\"Condiment\",\"sl\":\"sauce-bifteck-bouteille-hp-08894\",\"sn\":\"steak\",\"idxP\":56},{\"mq\":\"V-H\",\"nm\":\"Sauce soya\",\"nme\":\"Soya Sauce\",\"attr\":\"\",\"sku\":\"26462\",\"l2\":\"Condiment\",\"sl\":\"sauce-soya-v-h-26462\",\"sn\":\"\",\"idxP\":49},{\"mq\":\"Diana\",\"nm\":\"Sauce barbecue miel et ail\",\"nme\":\"Honey and Garlic BBQ Sauce 3.78 L\",\"attr\":\"\",\"sku\":\"39744\",\"l2\":\"Sauce\",\"sl\":\"sauce-barbecue-miel-et-ail-diana-39744\",\"sn\":\"BBQ\",\"idxP\":26},{\"mq\":\"Diana\",\"nm\":\"Sauce tha\u00EFlandaise douce et \u00E9pic\u00E9e\",\"nme\":\"Sweet and Spicy Tha\u00EF Sauce\",\"attr\":\"\",\"sku\":\"43838\",\"l2\":\"Sauce\",\"sl\":\"sauce-thailandaise-douce-et-epicee-diana-43838\",\"sn\":\"\",\"idxP\":39},{\"mq\":\"Cibona\",\"nm\":\"Vinaigrette ranch\",\"nme\":\"Ranch Dressing\",\"attr\":\"\",\"sku\":\"34097\",\"l2\":\"Vinaigrette et Cro\u00FBton\",\"sl\":\"vinaigrette-ranch-cibona-34097\",\"sn\":\"\",\"idxP\":24},{\"mq\":\"Stokely\",\"nm\":\"Haricots verts coup\u00E9s\",\"nme\":\"Cut Green Beans\",\"attr\":\"\",\"sku\":\"49416\",\"l2\":\"L\u00E9gume en conserve\",\"sl\":\"haricots-verts-coupes-stokely-49416\",\"sn\":\"\",\"idxP\":82},{\"mq\":\"McLean\",\"nm\":\"Base framboise bleue pour barbotine RTU 5+1\",\"nme\":\"Blue Raspberry Syrup Slush Base RTU 5+1\",\"attr\":\"\",\"sku\":\"47840\",\"l2\":\"Bar laitier\",\"sl\":\"base-framboise-bleue-pour-barbotine-rtu-51-mclean-47840\",\"sn\":\"slush, framboises\",\"idxP\":36},{\"mq\":\"Alpino\",\"nm\":\"P\u00E2te concentr\u00E9e de tomates\",\"nme\":\"Concentrate Tomato Paste\",\"attr\":\"\",\"sku\":\"41631\",\"l2\":\"Tomate en conserve\",\"sl\":\"pate-concentree-de-tomates-alpino-41631\",\"sn\":\"tomates\",\"idxP\":85},{\"mq\":\"De Nigris\",\"nm\":\"Condiment blanc au vinaigre balsamique de Mod\u00E8ne\",\"nme\":\"White Condiment with Modena Balsamic Vinegar\",\"attr\":\"\",\"sku\":\"41770\",\"l2\":\"Huile et vinaigre\",\"sl\":\"condiment-blanc-au-vinaigre-balsamique-de-modene-de-nigris-41770\",\"sn\":\"\",\"idxP\":61},{\"mq\":\"Stokely\",\"nm\":\"Mac\u00E9doine de l\u00E9gumes\",\"nme\":\"Mixed Vegetables\",\"attr\":\"\",\"sku\":\"49418\",\"l2\":\"L\u00E9gume en conserve\",\"sl\":\"macedoine-de-legumes-stokely-49418\",\"sn\":\"\",\"idxP\":87},{\"mq\":\"Labont\u00E9\",\"nm\":\"Miel liquide\",\"nme\":\"Liquid Honey\",\"attr\":\"\",\"sku\":\"46580\",\"l2\":\"Confiture et tartinade\",\"sl\":\"miel-liquide-labonte-46580\",\"sn\":\"\",\"idxP\":100},{\"mq\":\"Sun Med\",\"nm\":\"P\u00EAches tranch\u00E9es\",\"nme\":\"Peach Slices\",\"attr\":\"\",\"sku\":\"24021\",\"l2\":\"Fruit en conserve\",\"sl\":\"peches-tranchees-sun-med-24021\",\"sn\":\"\",\"idxP\":99},{\"mq\":\"Misura\",\"nm\":\"Craquelins au bl\u00E9 entier 385 g\",\"nme\":\"Whole Wheat Crackers 385 g\",\"attr\":\"\",\"sku\":\"22523\",\"l2\":\"Biscuit et craquelin\",\"sl\":\"craquelins-au-ble-entier-385-g-misura-22523\",\"sn\":\"\",\"idxP\":21},{\"mq\":\"Cibona\",\"nm\":\"Vinaigrette fran\u00E7aise\",\"nme\":\"French Dressing\",\"attr\":\"\",\"sku\":\"34095\",\"l2\":\"Vinaigrette et Cro\u00FBton\",\"sl\":\"vinaigrette-francaise-cibona-34095\",\"sn\":\"\",\"idxP\":33},{\"mq\":\"Gallo\",\"nm\":\"Huile d'olive\",\"nme\":\"Olive Oil\",\"attr\":\"\",\"sku\":\"49547\",\"l2\":\"Huile et vinaigre\",\"sl\":\"huile-dolive-gallo-49547\",\"sn\":\"\",\"idxP\":68},{\"mq\":\"Ma Tartinade\",\"nm\":\"Tartinade d'orange avec pectine\",\"nme\":\"Orange Spread with Pectin\",\"attr\":\"\",\"sku\":\"32641\",\"l2\":\"Confiture et tartinade\",\"sl\":\"tartinade-dorange-avec-pectine-ma-tartinade-32641\",\"sn\":\"\",\"idxP\":62},{\"mq\":\"La Perla\",\"nm\":\"Huile de tournesol\",\"nme\":\"Sunflower Oil\",\"attr\":\"\",\"sku\":\"47682\",\"l2\":\"Huile et vinaigre\",\"sl\":\"huile-de-tournesol-la-perla-47682\",\"sn\":\"\",\"idxP\":100},{\"mq\":\"McLean\",\"nm\":\"Sirop barbe \u00E0 papa bleue pour barbotine\",\"nme\":\"Blue Cotton Candy Syrup\",\"attr\":\"\",\"sku\":\"24105\",\"l2\":\"Bar laitier\",\"sl\":\"sirop-barbe-a-papa-bleue-pour-barbotine-mclean-24105\",\"sn\":\"slush\",\"idxP\":13},{\"mq\":\"Parador\",\"nm\":\"Bouillon de l\u00E9gumes concentr\u00E9\",\"nme\":\"Vegetable Concentrated Broth\",\"attr\":\"Produit local\",\"sku\":\"23956\",\"l2\":\"Soupe et bouillon\",\"sl\":\"bouillon-de-legumes-concentre-parador-23956\",\"sn\":\"\",\"idxP\":39},{\"mq\":\"Parador\",\"nm\":\"Assaisonnement liquide riz pilaf\",\"nme\":\"Pilaf Rice Liquid Seasoning\",\"attr\":\"Produit local\",\"sku\":\"31094\",\"l2\":\"Condiment\",\"sl\":\"assaisonnement-liquide-riz-pilaf-parador-31094\",\"sn\":\"\",\"idxP\":38},{\"mq\":\"McLean\",\"nm\":\"Sirop fraise pour barbotine\",\"nme\":\"Strawberry Slush Syrup\",\"attr\":\"\",\"sku\":\"36014\",\"l2\":\"Bar laitier\",\"sl\":\"sirop-fraise-pour-barbotine-mclean-36014\",\"sn\":\"slush, fraises\",\"idxP\":11},{\"mq\":\"Allen's\",\"nm\":\"Vinaigre de cidre de pommes\",\"nme\":\"Apple Cider Vinegar\",\"attr\":\"\",\"sku\":\"39414\",\"l2\":\"Huile et vinaigre\",\"sl\":\"vinaigre-de-cidre-de-pommes-allens-39414\",\"sn\":\"apples, pommes\",\"idxP\":58},{\"mq\":\"Stokely\",\"nm\":\"Ma\u00EFs cr\u00E8me\",\"nme\":\"Cream Style Corn\",\"attr\":\"\",\"sku\":\"49421\",\"l2\":\"L\u00E9gume en conserve\",\"sl\":\"mais-creme-stokely-49421\",\"sn\":\"\",\"idxP\":100},{\"mq\":\"La Perla\",\"nm\":\"Huile v\u00E9g\u00E9tale\",\"nme\":\"Vegetal Oil\",\"attr\":\"\",\"sku\":\"44196\",\"l2\":\"Huile et vinaigre\",\"sl\":\"huile-vegetale-la-perla-44196\",\"sn\":\"\",\"idxP\":100},{\"mq\":\"Sardo\",\"nm\":\"Olives m\u00E9li m\u00E9lo\",\"nme\":\"Party Mix Olives\",\"attr\":\"\",\"sku\":\"24374\",\"l2\":\"Marinade\",\"sl\":\"olives-meli-melo-sardo-24374\",\"sn\":\"\",\"idxP\":27},{\"mq\":\"Sardo\",\"nm\":\"Olive Kalamata\",\"nme\":\"Kalamata Olive\",\"attr\":\"\",\"sku\":\"24372\",\"l2\":\"Marinade\",\"sl\":\"olive-kalamata-sardo-24372\",\"sn\":\"\",\"idxP\":32},{\"mq\":\"Sardo\",\"nm\":\"Olives vertes farcies\",\"nme\":\"Stuffed Green Olives\",\"attr\":\"\",\"sku\":\"24373\",\"l2\":\"Marinade\",\"sl\":\"olives-vertes-farcies-sardo-24373\",\"sn\":\"\",\"idxP\":31},{\"mq\":\"Muy Fresco\",\"nm\":\"Sauce fromage cheddar\",\"nme\":\"Cheddar Cheese Sauce\",\"attr\":\"Sans gluten\",\"sku\":\"23470\",\"l2\":\"Condiment\",\"sl\":\"sauce-fromage-cheddar-muy-fresco-23470\",\"sn\":\"fromages\",\"idxP\":39},{\"mq\":\"Pompe\",\"nm\":\"Pompe plastique 100 oz\",\"nme\":\"Plastic Pump 100oz\",\"attr\":\"\",\"sku\":\"38470\",\"l2\":\"Condiment\",\"sl\":\"pompe-plastique-100-oz-pompe-38470\",\"sn\":\"\",\"idxP\":35},{\"mq\":\"Golosini\",\"nm\":\"Poivrons grill\u00E9s dans l'huile\",\"nme\":\"Grilled Mild Peppers in Oil\",\"attr\":\"\",\"sku\":\"07729\",\"l2\":\"Marinade\",\"sl\":\"poivrons-grilles-dans-lhuile-golosini-07729\",\"sn\":\"\",\"idxP\":19},{\"mq\":\"Tousain\",\"nm\":\"Foie de morue dans son huile\",\"nme\":\"Cod Liver in Own Oil\",\"attr\":\"\",\"sku\":\"19904\",\"l2\":\"Poisson et viande en conserve\",\"sl\":\"foie-de-morue-dans-son-huile-tousain-19904\",\"sn\":\"\",\"idxP\":100},{\"mq\":\"Clover Leaf\",\"nm\":\"Thon blanc \u00E9miett\u00E9 dans l'eau\",\"nme\":\"Flaked White Tuna In Water\",\"attr\":\"\",\"sku\":\"28524\",\"l2\":\"Poisson et viande en conserve\",\"sl\":\"thon-blanc-emiette-dans-leau-clover-leaf-28524\",\"sn\":\"\",\"idxP\":75},{\"mq\":\"Clover Leaf\",\"nm\":\"Petites palourdes enti\u00E8res dans l'eau\",\"nme\":\"Whole Baby Clams in Water\",\"attr\":\"\",\"sku\":\"32564\",\"l2\":\"Poisson et viande en conserve\",\"sl\":\"petites-palourdes-entieres-dans-leau-clover-leaf-32564\",\"sn\":\"\",\"idxP\":92},{\"mq\":\"Brunswick\",\"nm\":\"Sardines \u00E0 l'eau de source\",\"nme\":\"Sardines in Spring Water\",\"attr\":\"\",\"sku\":\"42864\",\"l2\":\"Poisson et viande en conserve\",\"sl\":\"sardines-a-leau-de-source-brunswick-42864\",\"sn\":\"\",\"idxP\":83},{\"mq\":\"El Rabioso\",\"nm\":\"Croustilles triangulaires ma\u00EFs jaune sal\u00E9es\",\"nme\":\"Tortilla Chips Triangular Yellow Salted\",\"attr\":\"Sans gluten\",\"sku\":\"24922\",\"l2\":\"Croustille et grignotine\",\"sl\":\"croustilles-triangulaires-mais-jaune-salees-el-rabioso-24922\",\"sn\":\"croustille\",\"idxP\":78},{\"mq\":\"Pastene\",\"nm\":\"Thon p\u00E2le entier \u00E0 l'huile v\u00E9g\u00E9tale\",\"nme\":\"Solid Light Tuna in Vegetable Oil\",\"attr\":\"\",\"sku\":\"18888\",\"l2\":\"Poisson et viande en conserve\",\"sl\":\"thon-pale-entier-a-lhuile-vegetale-pastene-18888\",\"sn\":\"\",\"idxP\":96},{\"mq\":\"Irini\",\"nm\":\"Olives vertes g\u00E9antes 1 L\",\"nme\":\"Green Giant Olives\",\"attr\":\"\",\"sku\":\"11337\",\"l2\":\"Marinade\",\"sl\":\"olives-vertes-geantes-irini-11337\",\"sn\":\"\",\"idxP\":40},{\"mq\":\"La Costena\",\"nm\":\"Haricots pinto frits\",\"nme\":\"Refried Pinto Beans\",\"attr\":\"\",\"sku\":\"13594\",\"l2\":\"L\u00E9gume en conserve\",\"sl\":\"haricots-pinto-frits-la-costena-13594\",\"sn\":\"\",\"idxP\":51},{\"mq\":\"Drago\",\"nm\":\"Gingembre jaune marin\u00E9\",\"nme\":\"Yellow Pickled Ginger\",\"attr\":\"\",\"sku\":\"24115\",\"l2\":\"Marinade\",\"sl\":\"gingembre-jaune-marine-drago-24115\",\"sn\":\"\",\"idxP\":49},{\"mq\":\"Golosini\",\"nm\":\"Artichauts grill\u00E9s dans l'huile\",\"nme\":\"Grilled Artichokes in Oil\",\"attr\":\"\",\"sku\":\"32433\",\"l2\":\"Marinade\",\"sl\":\"artichauts-grilles-dans-lhuile-golosini-32433\",\"sn\":\"\",\"idxP\":47},{\"mq\":\"Rio Mare\",\"nm\":\"Salade de haricots et thon p\u00E2le\",\"nme\":\"Beans and Light Tuna Salad\",\"attr\":\"\",\"sku\":\"46682\",\"l2\":\"Poisson et viande en conserve\",\"sl\":\"salade-de-haricots-et-thon-pale-rio-mare-46682\",\"sn\":\"\",\"idxP\":64},{\"mq\":\"Wolski\",\"nm\":\"Choucroute Kapusta Kwaszona\",\"nme\":\"Sauerkraut Kapusta Kwaszona\",\"attr\":\"\",\"sku\":\"17490\",\"l2\":\"Marinade\",\"sl\":\"choucroute-kapusta-kwaszona-wolski-17490\",\"sn\":\"\",\"idxP\":88},{\"mq\":\"Golosini\",\"nm\":\"Champignons pleurotes dans l'huile\",\"nme\":\"Oyster Mushrooms in Oil\",\"attr\":\"\",\"sku\":\"32431\",\"l2\":\"Marinade\",\"sl\":\"champignons-pleurotes-dans-lhuile-golosini-32431\",\"sn\":\"\",\"idxP\":20},{\"mq\":\"La Pugliesina\",\"nm\":\"Olives m\u00E9lang\u00E9es m\u00E9diterran\u00E9ennes\",\"nme\":\"Mediterranean Mixed Olives\",\"attr\":\"\",\"sku\":\"33469\",\"l2\":\"Marinade\",\"sl\":\"olives-melangees-mediterraneennes-la-pugliesina-33469\",\"sn\":\"\",\"idxP\":37},{\"mq\":\"Brunswick\",\"nm\":\"Sardines aux piments forts\",\"nme\":\"Sardines with Hot Peppers\",\"attr\":\"\",\"sku\":\"42863\",\"l2\":\"Poisson et viande en conserve\",\"sl\":\"sardines-aux-piments-forts-brunswick-42863\",\"sn\":\"piments\",\"idxP\":77},{\"mq\":\"Livia\",\"nm\":\"Piments forts tranch\u00E9s\",\"nme\":\"Hot Sliced Peppers\",\"attr\":\"\",\"sku\":\"48454\",\"l2\":\"Marinade\",\"sl\":\"piments-forts-tranches-livia-48454\",\"sn\":\"piments\",\"idxP\":63},{\"mq\":\"Pastene\",\"nm\":\"Sardines dans l'huile d'olive\",\"nme\":\"Sardines in Olive Oil\",\"attr\":\"\",\"sku\":\"49932\",\"l2\":\"Poisson et viande en conserve\",\"sl\":\"sardines-dans-lhuile-dolive-pastene-49932\",\"sn\":\"\",\"idxP\":87},{\"mq\":\"Tutto Calabria\",\"nm\":\"Piments forts broy\u00E9s\",\"nme\":\"Crushed Hot Chili Peppers\",\"attr\":\"\",\"sku\":\"30442\",\"l2\":\"Marinade\",\"sl\":\"piments-forts-broyes-tutto-calabria-30442\",\"sn\":\"piments\",\"idxP\":23},{\"mq\":\"Livia\",\"nm\":\"Aubergines marin\u00E9es dans l'huile\",\"nme\":\"Pickled Eggplants in Oil\",\"attr\":\"\",\"sku\":\"48431\",\"l2\":\"Marinade\",\"sl\":\"aubergines-marinees-dans-lhuile-livia-48431\",\"sn\":\"aubergines\",\"idxP\":27},{\"mq\":\"Golosini\",\"nm\":\"Aubergines piquantes dans l'huile\",\"nme\":\"Hot Eggplants in Oil\",\"attr\":\"\",\"sku\":\"21756\",\"l2\":\"Marinade\",\"sl\":\"aubergines-piquantes-dans-lhuile-golosini-21756\",\"sn\":\"aubergines\",\"idxP\":27},{\"mq\":\"Livia\",\"nm\":\"Tomates s\u00E9ch\u00E9es dans l'huile\",\"nme\":\"Sun Dried Tomatoes in Oil\",\"attr\":\"\",\"sku\":\"48456\",\"l2\":\"Marinade\",\"sl\":\"tomates-sechees-dans-lhuile-livia-48456\",\"sn\":\"tomates\",\"idxP\":54},{\"mq\":\"Try Me\",\"nm\":\"Liquide saveur de fum\u00E9e\",\"nme\":\"Smoke Flavour Liquid\",\"attr\":\"\",\"sku\":\"15393\",\"l2\":\"Condiment\",\"sl\":\"liquide-saveur-de-fumee-try-me-15393\",\"sn\":\"\",\"idxP\":52},{\"mq\":\"Rio Mare\",\"nm\":\"Thon p\u00E2le entier dans l'huile d'olive\",\"nme\":\"Solid Light Tuna in Olive Oil\",\"attr\":\"\",\"sku\":\"30508\",\"l2\":\"Poisson et viande en conserve\",\"sl\":\"thon-pale-entier-dans-lhuile-dolive-rio-mare-30508\",\"sn\":\"\",\"idxP\":100},{\"mq\":\"Rio Mare\",\"nm\":\"Salade de thon p\u00E2le \u00E0 la mexicaine\",\"nme\":\"Mexican Style Light Tuna Salad\",\"attr\":\"\",\"sku\":\"46683\",\"l2\":\"Poisson et viande en conserve\",\"sl\":\"salade-de-thon-pale-a-la-mexicaine-rio-mare-46683\",\"sn\":\"\",\"idxP\":67},{\"mq\":\"Ma Tartinade\",\"nm\":\"Confiture de fraises avec pectine\",\"nme\":\"Strawberry Jam\",\"attr\":\"\",\"sku\":\"34837\",\"l2\":\"Confiture et tartinade\",\"sl\":\"confiture-de-fraises-avec-pectine-ma-tartinade-34837\",\"sn\":\"fraises\",\"idxP\":100},{\"mq\":\"Wafu\",\"nm\":\"Tartinade \u00E0 la japonaise \u00E9pic\u00E9e\",\"nme\":\"Spicy Japanese Style Spread\",\"attr\":\"\",\"sku\":\"31053\",\"l2\":\"Condiment\",\"sl\":\"tartinade-a-la-japonaise-epicee-wafu-31053\",\"sn\":\"\",\"idxP\":41},{\"mq\":\"Rose Hill\",\"nm\":\"Feuilles de laurier enti\u00E8res\",\"nme\":\"Bay Leaves\",\"attr\":\"Produit local\",\"sku\":\"38174\",\"l2\":\"\u00C9pice, sel et poivre\",\"sl\":\"feuilles-de-laurier-entieres-rose-hill-38174\",\"sn\":\"\",\"idxP\":47},{\"mq\":\"Rio Mare\",\"nm\":\"Thon p\u00E2le entier dans l'eau\",\"nme\":\"Solid Light Tuna in Water\",\"attr\":\"\",\"sku\":\"10144\",\"l2\":\"Poisson et viande en conserve\",\"sl\":\"thon-pale-entier-dans-leau-rio-mare-10144\",\"sn\":\"\",\"idxP\":76},{\"mq\":\"Dunya\",\"nm\":\"Riz basmati\",\"nme\":\"Basmati Rice\",\"attr\":\"\",\"sku\":\"07243\",\"l2\":\"Riz et grain\",\"sl\":\"riz-basmati-dunya-07243\",\"sn\":\"\",\"idxP\":96},{\"mq\":\"Unico\",\"nm\":\"Petites palourdes enti\u00E8res\",\"nme\":\"Whole Baby Clams\",\"attr\":\"\",\"sku\":\"09789\",\"l2\":\"Poisson et viande en conserve\",\"sl\":\"petites-palourdes-entieres-unico-09789\",\"sn\":\"\",\"idxP\":91},{\"mq\":\"Par Excellence\",\"nm\":\"Riz \u00E9tuv\u00E9\",\"nme\":\"Parboiled Rice\",\"attr\":\"\",\"sku\":\"21903\",\"l2\":\"Riz et grain\",\"sl\":\"riz-etuve-par-excellence-21903\",\"sn\":\"\",\"idxP\":55},{\"mq\":\"Livia\",\"nm\":\"Antipasto calabrese piquant\",\"nme\":\"Calabrese Hot Antipasto\",\"attr\":\"\",\"sku\":\"48428\",\"l2\":\"Marinade\",\"sl\":\"antipasto-calabrese-piquant-livia-48428\",\"sn\":\"\",\"idxP\":26},{\"mq\":\"Jell-O\",\"nm\":\"M\u00E9lange pour g\u00E2teau au fromage\",\"nme\":\"Cheesecake Mix\",\"attr\":\"\",\"sku\":\"19990\",\"l2\":\"Ingr\u00E9dient de p\u00E2tisserie\",\"sl\":\"melange-pour-gateau-au-fromage-jell-o-19990\",\"sn\":\"fromages\",\"idxP\":38},{\"mq\":\"Brunswick\",\"nm\":\"Filets de sardine or bouch\u00E9es de la mer\",\"nme\":\"Sardine Fillets Seafood Snacks\",\"attr\":\"\",\"sku\":\"12733\",\"l2\":\"Poisson et viande en conserve\",\"sl\":\"filets-de-sardine-or-bouchees-de-la-mer-brunswick-12733\",\"sn\":\"\",\"idxP\":84},{\"mq\":\"Wolski\",\"nm\":\"Champignons marin\u00E9s\",\"nme\":\"Pickled Mushrooms\",\"attr\":\"\",\"sku\":\"18291\",\"l2\":\"Marinade\",\"sl\":\"champignons-marines-wolski-18291\",\"sn\":\"\",\"idxP\":60},{\"mq\":\"Pastene\",\"nm\":\"Tomates s\u00E9ch\u00E9es au soleil dans l'huile\",\"nme\":\"Sundried Tomatoes in Oil\",\"attr\":\"\",\"sku\":\"15980\",\"l2\":\"Marinade\",\"sl\":\"tomates-sechees-au-soleil-dans-lhuile-pastene-15980\",\"sn\":\"tomates\",\"idxP\":65},{\"mq\":\"Orgoglio\",\"nm\":\"Tomates italiennes au basilic\",\"nme\":\"Basil Italian Olives\",\"attr\":\"\",\"sku\":\"16853\",\"l2\":\"Tomate en conserve\",\"sl\":\"tomates-italiennes-au-basilic-orgoglio-16853\",\"sn\":\"tomates\",\"idxP\":81},{\"mq\":\"Sun Med\",\"nm\":\"Olives vertes enti\u00E8res\",\"nme\":\"Whole Green Olives\",\"attr\":\"\",\"sku\":\"34187\",\"l2\":\"Marinade\",\"sl\":\"olives-vertes-entieres-sun-med-34187\",\"sn\":\"\",\"idxP\":48},{\"mq\":\"La Pugliesina\",\"nm\":\"Champignons pleurotes\",\"nme\":\"Oyster Mushrooms\",\"attr\":\"\",\"sku\":\"35690\",\"l2\":\"Marinade\",\"sl\":\"champignons-pleurotes-la-pugliesina-35690\",\"sn\":\"\",\"idxP\":15},{\"mq\":\"Marcellas\",\"nm\":\"Olives cocktail assaisonn\u00E9es d\u00E9noyaut\u00E9es\",\"nme\":\"Pitted Seasoned Cocktail Olives\",\"attr\":\"\",\"sku\":\"36346\",\"l2\":\"Marinade\",\"sl\":\"olives-cocktail-assaisonnees-denoyautees-marcellas-36346\",\"sn\":\"\",\"idxP\":42},{\"mq\":\"Marcellas\",\"nm\":\"Olives vertes castelvetrano\",\"nme\":\"Castelvetrano Green Olives\",\"attr\":\"\",\"sku\":\"37144\",\"l2\":\"Marinade\",\"sl\":\"olives-vertes-castelvetrano-marcellas-37144\",\"sn\":\"\",\"idxP\":9},{\"mq\":\"Quaker\",\"nm\":\"M\u00E9lange \u00E0 muffin avoine\",\"nme\":\"Oatmeal Muffin Mix\",\"attr\":\"\",\"sku\":\"48385\",\"l2\":\"Ingr\u00E9dient de p\u00E2tisserie\",\"sl\":\"melange-a-muffin-avoine-quaker-48385\",\"sn\":\"\",\"idxP\":33},{\"mq\":\"Valentina\",\"nm\":\"Sauce mexicaine extra piquante\",\"nme\":\"Mexican Extra Hot Sauce\",\"attr\":\"\",\"sku\":\"12646\",\"l2\":\"Condiment\",\"sl\":\"sauce-mexicaine-extra-piquante-valentina-12646\",\"sn\":\"\",\"idxP\":65}], [{\"mq\":\"Clover Leaf\",\"nm\":\"Thon p\u00E2le en morceaux\",\"nme\":\"Chunk Light Tuna\",\"attr\":\"\",\"sku\":\"25366\",\"l2\":\"Poisson et viande en conserve\",\"sl\":\"thon-pale-en-morceaux-clover-leaf-25366\",\"sn\":\"\",\"idxP\":100},{\"mq\":\"La Pugliesina\",\"nm\":\"Olives baresana\",\"nme\":\"Baresana Olives\",\"attr\":\"\",\"sku\":\"13418\",\"l2\":\"Marinade\",\"sl\":\"olives-baresana-la-pugliesina-13418\",\"sn\":\"\",\"idxP\":10},{\"mq\":\"Marcellas\",\"nm\":\"Olives \u00E9pic\u00E9es calabrese\",\"nme\":\"Calabrese Olives\",\"attr\":\"\",\"sku\":\"10082\",\"l2\":\"Marinade\",\"sl\":\"olives-epicees-calabrese-marcellas-10082\",\"sn\":\"\",\"idxP\":17},{\"mq\":\"Golosini\",\"nm\":\"Artichauts avec tige\",\"nme\":\"Artichokes with Stem\",\"attr\":\"\",\"sku\":\"32432\",\"l2\":\"Marinade\",\"sl\":\"artichauts-avec-tige-golosini-32432\",\"sn\":\"\",\"idxP\":32},{\"mq\":\"La Costena\",\"nm\":\"Haricots noirs entiers\",\"nme\":\"Whole Black Bean\",\"attr\":\"\",\"sku\":\"06075\",\"l2\":\"L\u00E9gume en conserve\",\"sl\":\"haricots-noirs-entiers-la-costena-06075\",\"sn\":\"\",\"idxP\":49},{\"mq\":\"Elysee\",\"nm\":\"C\u00E9leri rave \u00E9minc\u00E9\",\"nme\":\"Thin Sliced Celeriac\",\"attr\":\"\",\"sku\":\"35899\",\"l2\":\"L\u00E9gume en conserve\",\"sl\":\"celeri-rave-emince-elysee-35899\",\"sn\":\"\",\"idxP\":84},{\"mq\":\"Marcellas\",\"nm\":\"Olives noires assaisonn\u00E9es\",\"nme\":\"Seasoned Black Olives\",\"attr\":\"\",\"sku\":\"36345\",\"l2\":\"Marinade\",\"sl\":\"olives-noires-assaisonnees-marcellas-36345\",\"sn\":\"\",\"idxP\":18},{\"mq\":\"Valli\",\"nm\":\"Caperons marin\u00E9s\",\"nme\":\"Marinated Caperberries\",\"attr\":\"\",\"sku\":\"35529\",\"l2\":\"Marinade\",\"sl\":\"caperons-marines-valli-35529\",\"sn\":\"\",\"idxP\":57},{\"mq\":\"Marcellas\",\"nm\":\"Olives concass\u00E9es de l'Etna\",\"nme\":\"Spicy Crushed Etna Olives\",\"attr\":\"\",\"sku\":\"36437\",\"l2\":\"Marinade\",\"sl\":\"olives-concassees-de-letna-marcellas-36437\",\"sn\":\"\",\"idxP\":19},{\"mq\":\"Valli\",\"nm\":\"Piment jalapeno fort dans l'huile\",\"nme\":\"Japaleno Hot Peppers in Oil\",\"attr\":\"\",\"sku\":\"45557\",\"l2\":\"Marinade\",\"sl\":\"piment-jalapeno-fort-dans-lhuile-valli-45557\",\"sn\":\"piments\",\"idxP\":45},{\"mq\":\"Valentina\",\"nm\":\"Sauce rouge \u00E9pic\u00E9e\",\"nme\":\"Mexican Hot Sauce\",\"attr\":\"\",\"sku\":\"12645\",\"l2\":\"Condiment\",\"sl\":\"sauce-rouge-epicee-valentina-12645\",\"sn\":\"\",\"idxP\":71},{\"mq\":\"La Pugliesina\",\"nm\":\"M\u00E9lange de champignons\",\"nme\":\"Mixed Mushrooms\",\"attr\":\"\",\"sku\":\"35688\",\"l2\":\"Marinade\",\"sl\":\"melange-de-champignons-la-pugliesina-35688\",\"sn\":\"\",\"idxP\":36},{\"mq\":\"Valli\",\"nm\":\"C\u00E2pres marin\u00E9es\",\"nme\":\"Marinated Capers\",\"attr\":\"\",\"sku\":\"35528\",\"l2\":\"Marinade\",\"sl\":\"capres-marinees-valli-35528\",\"sn\":\"\",\"idxP\":94},{\"mq\":\"Kellogg's\",\"nm\":\"C\u00E9r\u00E9ales Corn Flakes\",\"nme\":\"Corn Flakes Cereals\",\"attr\":\"\",\"sku\":\"34863\",\"l2\":\"C\u00E9r\u00E9ales et barre\",\"sl\":\"cereales-corn-flakes-kelloggs-34863\",\"sn\":\"\",\"idxP\":21},{\"mq\":\"Cibona\",\"nm\":\"Mayonnaise\",\"nme\":\"Mayonnaise\",\"attr\":\"\",\"sku\":\"15923\",\"l2\":\"Condiment\",\"sl\":\"mayonnaise-cibona-15923\",\"sn\":\"mayonnaise\",\"idxP\":100},{\"mq\":\"Antica Bont\u00E0\",\"nm\":\"Poivrons rouges r\u00F4tis doux\",\"nme\":\"Roasted Mild Red Peppers\",\"attr\":\"\",\"sku\":\"36178\",\"l2\":\"Marinade\",\"sl\":\"poivrons-rouges-rotis-doux-antica-bonta-36178\",\"sn\":\"\",\"idxP\":49},{\"mq\":\"M.Lord\",\"nm\":\"Escargot x36\",\"nme\":\"Snail x36\",\"attr\":\"\",\"sku\":\"06397\",\"l2\":\"Poisson et viande en conserve\",\"sl\":\"escargot-x36-m.lord-06397\",\"sn\":\"\",\"idxP\":97},{\"mq\":\"Embassy\",\"nm\":\"Essence de vanille blanche\",\"nme\":\"White Extract Vanilla\",\"attr\":\"\",\"sku\":\"12181\",\"l2\":\"Ingr\u00E9dient de p\u00E2tisserie\",\"sl\":\"essence-de-vanille-blanche-embassy-12181\",\"sn\":\"\",\"idxP\":53},{\"mq\":\"San Marzano\",\"nm\":\"Sauce aux 4 fromages\",\"nme\":\"Four Cheese Sauce\",\"attr\":\"\",\"sku\":\"24808\",\"l2\":\"Sauce\",\"sl\":\"sauce-aux-4-fromages-san-marzano-24808\",\"sn\":\"fromages\",\"idxP\":7},{\"mq\":\"San Marzano\",\"nm\":\"Sauce \u00E0 l'ail r\u00F4tie\",\"nme\":\"Roasted Garlic Sauce\",\"attr\":\"\",\"sku\":\"24813\",\"l2\":\"Sauce\",\"sl\":\"sauce-a-lail-rotie-san-marzano-24813\",\"sn\":\"\",\"idxP\":61},{\"mq\":\"San Marzano\",\"nm\":\"Sauce marinara\",\"nme\":\"Marinara Sauce\",\"attr\":\"\",\"sku\":\"24812\",\"l2\":\"Sauce\",\"sl\":\"sauce-marinara-san-marzano-24812\",\"sn\":\"\",\"idxP\":33},{\"mq\":\"San Marzano\",\"nm\":\"Sauce arrabbiata\",\"nme\":\"Arrabbiata Sauce\",\"attr\":\"\",\"sku\":\"24811\",\"l2\":\"Sauce\",\"sl\":\"sauce-arrabbiata-san-marzano-24811\",\"sn\":\"\",\"idxP\":13},{\"mq\":\"Kellogg's\",\"nm\":\"C\u00E9r\u00E9ales Rice Krispies\",\"nme\":\"Rice Krispies Cereals\",\"attr\":\"\",\"sku\":\"35346\",\"l2\":\"C\u00E9r\u00E9ales et barre\",\"sl\":\"cereales-rice-krispies-kelloggs-35346\",\"sn\":\"\",\"idxP\":48},{\"mq\":\"Kraft\",\"nm\":\"Confiture de fraises en portion\",\"nme\":\"Strawberry Jam Portions\",\"attr\":\"\",\"sku\":\"00902\",\"l2\":\"Confiture et tartinade\",\"sl\":\"confiture-de-fraises-en-portion-kraft-00902\",\"sn\":\"fraises\",\"idxP\":17},{\"mq\":\"San Marzano\",\"nm\":\"Sauce tomate basilic\",\"nme\":\"Tomato Basil Sauce\",\"attr\":\"\",\"sku\":\"24814\",\"l2\":\"Sauce\",\"sl\":\"sauce-tomate-basilic-san-marzano-24814\",\"sn\":\"tomates\",\"idxP\":46},{\"mq\":\"La Perla\",\"nm\":\"Huile canola\",\"nme\":\"Canola Oil\",\"attr\":\"\",\"sku\":\"35409\",\"l2\":\"Huile et vinaigre\",\"sl\":\"huile-canola-la-perla-35409\",\"sn\":\"\",\"idxP\":100},{\"mq\":\"Sushihane\",\"nm\":\"Feuille d'algue noire\",\"nme\":\"Black Seaweed\",\"attr\":\"\",\"sku\":\"11881\",\"l2\":\"Soupe et bouillon\",\"sl\":\"feuille-dalgue-noire-sushihane-11881\",\"sn\":\"\",\"idxP\":50},{\"mq\":\"Cucina d'oro\",\"nm\":\"Olive Cerignola\",\"nme\":\"Cerignola Olive\",\"attr\":\"\",\"sku\":\"28156\",\"l2\":\"Marinade\",\"sl\":\"olive-cerignola-cucina-doro-28156\",\"sn\":\"\",\"idxP\":31},{\"mq\":\"Carnation\",\"nm\":\"Lait \u00E9vapor\u00E9\",\"nme\":\"Evaporated Milk\",\"attr\":\"\",\"sku\":\"36058\",\"l2\":\"Ingr\u00E9dient de p\u00E2tisserie\",\"sl\":\"lait-evapore-carnation-36058\",\"sn\":\"\",\"idxP\":100},{\"mq\":\"Econo\",\"nm\":\"M\u00E9lange \u00E0 soupe aux l\u00E9gumes julienne\",\"nme\":\"Slivered Vegetables Soup Mix\",\"attr\":\"\",\"sku\":\"21221\",\"l2\":\"Soupe et bouillon\",\"sl\":\"melange-a-soupe-aux-legumes-julienne-econo-21221\",\"sn\":\"\",\"idxP\":46},{\"mq\":\"McLean\",\"nm\":\"Base neutre pour barbotine RTU 5+1\",\"nme\":\"Slush Base RTU 5+1 Neutral\",\"attr\":\"\",\"sku\":\"36008\",\"l2\":\"Bar laitier\",\"sl\":\"base-neutre-pour-barbotine-rtu-51-mclean-36008\",\"sn\":\"slush\",\"idxP\":100},{\"mq\":\"Diana\",\"nm\":\"Sauce barbecue pour c\u00F4tes lev\u00E9es et poulet\",\"nme\":\"Rib & Chicken BBQ Sauce 3.78 L\",\"attr\":\"\",\"sku\":\"39743\",\"l2\":\"Sauce\",\"sl\":\"sauce-barbecue-pour-cotes-levees-et-poulet-diana-39743\",\"sn\":\"BBQ\",\"idxP\":26},{\"mq\":\"Diana\",\"nm\":\"Sauce original\",\"nme\":\"Original Sauce\",\"attr\":\"\",\"sku\":\"43741\",\"l2\":\"Sauce\",\"sl\":\"sauce-original-diana-43741\",\"sn\":\"\",\"idxP\":44},{\"mq\":\"Quaker\",\"nm\":\"M\u00E9lange \u00E0 biscuit \u00E0 l'avoine\",\"nme\":\"Oatmeal Cookie Mix\",\"attr\":\"\",\"sku\":\"08612\",\"l2\":\"Ingr\u00E9dient de p\u00E2tisserie\",\"sl\":\"melange-a-biscuit-a-lavoine-quaker-08612\",\"sn\":\"\",\"idxP\":50},{\"mq\":\"Campbell\",\"nm\":\"Soupe condens\u00E9e poulet et riz\",\"nme\":\"Chicken with Rice Condensed Soup\",\"attr\":\"\",\"sku\":\"28230\",\"l2\":\"Soupe et bouillon\",\"sl\":\"soupe-condensee-poulet-et-riz-campbell-28230\",\"sn\":\"\",\"idxP\":39},{\"mq\":\"Campbell\",\"nm\":\"Soupe minestrone classique\",\"nme\":\"Classic Minestrone Soup\",\"attr\":\"\",\"sku\":\"28229\",\"l2\":\"Soupe et bouillon\",\"sl\":\"soupe-minestrone-classique-campbell-28229\",\"sn\":\"\",\"idxP\":50},{\"mq\":\"Callebaut\",\"nm\":\"Chocolat lact\u00E9 en bloc 33%\",\"nme\":\"Milk Chocolate in Bulk 33%\",\"attr\":\"\",\"sku\":\"28262\",\"l2\":\"Ingr\u00E9dient de p\u00E2tisserie\",\"sl\":\"chocolat-lacte-en-bloc-33-callebaut-28262\",\"sn\":\"\",\"idxP\":18},{\"mq\":\"Berthelet\",\"nm\":\"Nappage \u00E0 l'abricot\",\"nme\":\"Apricot Glaze\",\"attr\":\"Produit local\",\"sku\":\"28261\",\"l2\":\"Ingr\u00E9dient de p\u00E2tisserie\",\"sl\":\"nappage-a-labricot-berthelet-28261\",\"sn\":\"\",\"idxP\":19},{\"mq\":\"Callebaut\",\"nm\":\"Chocolat blanc 28 % de cacao\",\"nme\":\"White Chocolate Block 28% Cacao\",\"attr\":\"\",\"sku\":\"28263\",\"l2\":\"Ingr\u00E9dient de p\u00E2tisserie\",\"sl\":\"chocolat-blanc-28-de-cacao-callebaut-28263\",\"sn\":\"\",\"idxP\":25},{\"mq\":\"Agrofusion\",\"nm\":\"Prot\u00E9ine v\u00E9g\u00E9tale textur\u00E9e\",\"nme\":\"Textured Vegetable Protein\",\"attr\":\"Sans gluten\",\"sku\":\"28180\",\"l2\":\"Riz et grain\",\"sl\":\"proteine-vegetale-texturee-agrofusion-28180\",\"sn\":\"\",\"idxP\":32},{\"mq\":\"Agrofusion\",\"nm\":\"Riz blanc patna grain long\",\"nme\":\"Patna White Rice Long Grain\",\"attr\":\"\",\"sku\":\"28260\",\"l2\":\"Riz et grain\",\"sl\":\"riz-blanc-patna-grain-long-agrofusion-28260\",\"sn\":\"\",\"idxP\":45},{\"mq\":\"Spectra\",\"nm\":\"Huile canola\",\"nme\":\"Canola Oil\",\"attr\":\"\",\"sku\":\"15629\",\"l2\":\"Huile et vinaigre\",\"sl\":\"huile-canola-spectra-15629\",\"sn\":\"\",\"idxP\":52},{\"mq\":\"Munchies\",\"nm\":\"Croustilles super m\u00E9lange\",\"nme\":\"Mix Super Chips\",\"attr\":\"\",\"sku\":\"09289\",\"l2\":\"Croustille et grignotine\",\"sl\":\"croustilles-super-melange-munchies-09289\",\"sn\":\"croustille\",\"idxP\":13},{\"mq\":\"Agrofusion\",\"nm\":\"Germe de bl\u00E9\",\"nme\":\"Wheat Germ\",\"attr\":\"\",\"sku\":\"28259\",\"l2\":\"Riz et grain\",\"sl\":\"germe-de-ble-agrofusion-28259\",\"sn\":\"\",\"idxP\":48},{\"mq\":\"Quaker\",\"nm\":\"Gruau instantan\u00E9 \u00E9rable et cassonade\",\"nme\":\"Maple Brown Sugar Instant Oatmeal\",\"attr\":\"\",\"sku\":\"28306\",\"l2\":\"C\u00E9r\u00E9ales et barre\",\"sl\":\"gruau-instantane-erable-et-cassonade-quaker-28306\",\"sn\":\"\",\"idxP\":53},{\"mq\":\"Quaker\",\"nm\":\"Gruau instantan\u00E9 3 saveurs\",\"nme\":\"Instant Oatmeal 3 Flavours Variety\",\"attr\":\"\",\"sku\":\"28308\",\"l2\":\"C\u00E9r\u00E9ales et barre\",\"sl\":\"gruau-instantane-3-saveurs-quaker-28308\",\"sn\":\"\",\"idxP\":50},{\"mq\":\"Knorr\",\"nm\":\"M\u00E9lange bouillon poisson\",\"nme\":\"Fish mix broth\",\"attr\":\"\",\"sku\":\"34058\",\"l2\":\"Soupe et bouillon\",\"sl\":\"melange-bouillon-poisson-knorr-34058\",\"sn\":\"\",\"idxP\":32},{\"mq\":\"Canton\",\"nm\":\"Bouillon pour fondue chinoise\",\"nme\":\"#Original Fondue Broth\",\"attr\":\"\",\"sku\":\"17538\",\"l2\":\"Soupe et bouillon\",\"sl\":\"bouillon-pour-fondue-chinoise-canton-17538\",\"sn\":\"\",\"idxP\":65},{\"mq\":\"Cibona\",\"nm\":\"Cerises Marasquin\",\"nme\":\"Maraschino Cherry\",\"attr\":\"\",\"sku\":\"11479\",\"l2\":\"Fruit en conserve\",\"sl\":\"cerises-marasquin-cibona-11479\",\"sn\":\"\",\"idxP\":57},{\"mq\":\"Berthelet\",\"nm\":\"Pouding \u00E0 cuisson \u00E0 la noix de coco\",\"nme\":\"Cooked Coconut Pudding Mix\",\"attr\":\"Produit local\",\"sku\":\"05918\",\"l2\":\"Fruit en conserve\",\"sl\":\"pouding-a-cuisson-a-la-noix-de-coco-berthelet-05918\",\"sn\":\"\",\"idxP\":14},{\"mq\":\"Sunbec\",\"nm\":\"Sucre blanc en portion\",\"nme\":\"White sugar in portion\",\"attr\":\"\",\"sku\":\"38507\",\"l2\":\"Sucre\",\"sl\":\"sucre-blanc-en-portion-sunbec-38507\",\"sn\":\"\",\"idxP\":51},{\"mq\":\"Berthelet\",\"nm\":\"Pouding \u00E0 cuisson \u00E0 la vanille\",\"nme\":\"Vanilla Cooked Pudding Mix\",\"attr\":\"Produit local\",\"sku\":\"05921\",\"l2\":\"Fruit en conserve\",\"sl\":\"pouding-a-cuisson-a-la-vanille-berthelet-05921\",\"sn\":\"\",\"idxP\":15},{\"mq\":\"Crespo\",\"nm\":\"Cornichons extra-fins\",\"nme\":\"Extra-Fins Gherkins\",\"attr\":\"\",\"sku\":\"08384\",\"l2\":\"Marinade\",\"sl\":\"cornichons-extra-fins-crespo-08384\",\"sn\":\"\",\"idxP\":65},{\"mq\":\"Callebaut\",\"nm\":\"F\u00E8ves de cacao Ruby\",\"nme\":\"Cocoa Bean Ruby Cover\",\"attr\":\"\",\"sku\":\"28223\",\"l2\":\"Ingr\u00E9dient de p\u00E2tisserie\",\"sl\":\"feves-de-cacao-ruby-callebaut-28223\",\"sn\":\"\",\"idxP\":27},{\"mq\":\"Kellogg's\",\"nm\":\"Barre de c\u00E9r\u00E9ales Rice krispies\",\"nme\":\"Rice Krispies Cereal Bars\",\"attr\":\"\",\"sku\":\"28384\",\"l2\":\"C\u00E9r\u00E9ales et barre\",\"sl\":\"barre-de-cereales-rice-krispies-kelloggs-28384\",\"sn\":\"\",\"idxP\":18},{\"mq\":\"Agrocan\",\"nm\":\"Ananas broy\u00E9\",\"nme\":\"Crushed Pineapple\",\"attr\":\"\",\"sku\":\"41773\",\"l2\":\"Fruit en conserve\",\"sl\":\"ananas-broye-agrocan-41773\",\"sn\":\"apples, ananas\",\"idxP\":55},{\"mq\":\"Agrocan\",\"nm\":\"Ananas tranch\u00E9\",\"nme\":\"Slices pineapple\",\"attr\":\"\",\"sku\":\"16147\",\"l2\":\"Fruit en conserve\",\"sl\":\"ananas-tranche-agrocan-16147\",\"sn\":\"apples, ananas\",\"idxP\":96},{\"mq\":\"Berthelet\",\"nm\":\"M\u00E9lange sauce gravy maker\",\"nme\":\"Sauce mix gravy maker\",\"attr\":\"Produit local\",\"sku\":\"04057\",\"l2\":\"Sauce\",\"sl\":\"melange-sauce-gravy-maker-berthelet-04057\",\"sn\":\"\",\"idxP\":12},{\"mq\":\"Tenderflake\",\"nm\":\"Saindoux cube\",\"nme\":\"Lard cube\",\"attr\":\"\",\"sku\":\"07936\",\"l2\":\"Ingr\u00E9dient de p\u00E2tisserie\",\"sl\":\"saindoux-cube-tenderflake-07936\",\"sn\":\"\",\"idxP\":41},{\"mq\":\"Lotus\",\"nm\":\"Biscuits Biscoff recette speculoos\",\"nme\":\"Biscoff Speculoos Recipe Biscuits\",\"attr\":\"\",\"sku\":\"28505\",\"l2\":\"Biscuit et craquelin\",\"sl\":\"biscuits-biscoff-recette-speculoos-lotus-28505\",\"sn\":\"\",\"idxP\":95},{\"mq\":\"Hamlet\",\"nm\":\"Tuiles croustillantes chocolat au lait\",\"nme\":\"Milk Chocolate Crispy Thins\",\"attr\":\"\",\"sku\":\"28508\",\"l2\":\"Confiserie\",\"sl\":\"tuiles-croustillantes-chocolat-au-lait-hamlet-28508\",\"sn\":\"\",\"idxP\":59},{\"mq\":\"Dare\",\"nm\":\"Chapelure Graham\",\"nme\":\"Graham Crumbs\",\"attr\":\"\",\"sku\":\"28547\",\"l2\":\"Farine, semoule et chapelure\",\"sl\":\"chapelure-graham-dare-28547\",\"sn\":\"\",\"idxP\":41},{\"mq\":\"Imperial\",\"nm\":\"Popcorn ma\u00EFs souffl\u00E9\",\"nme\":\"Popcorn\",\"attr\":\"Sans gluten\",\"sku\":\"16847\",\"l2\":\"Croustille et grignotine\",\"sl\":\"popcorn-mais-souffle-imperial-16847\",\"sn\":\"\",\"idxP\":100},{\"mq\":\"Hamlet\",\"nm\":\"Tuiles croustillantes chocolat noir\",\"nme\":\"Dark Chocolate Crispy Thins\",\"attr\":\"\",\"sku\":\"28507\",\"l2\":\"Confiserie\",\"sl\":\"tuiles-croustillantes-chocolat-noir-hamlet-28507\",\"sn\":\"\",\"idxP\":64},{\"mq\":\"Panealba\",\"nm\":\"Gressini\",\"nme\":\"Gressini Crackers\",\"attr\":\"\",\"sku\":\"33814\",\"l2\":\"Biscuit et craquelin\",\"sl\":\"gressini-panealba-33814\",\"sn\":\"Grissini, grissini\",\"idxP\":24},{\"mq\":\"Hamlet\",\"nm\":\"Tuiles croustillantes chocolat caramel sal\u00E9\",\"nme\":\"Milk Chocolate Salted Caramel Crispy Thins\",\"attr\":\"\",\"sku\":\"28510\",\"l2\":\"Confiserie\",\"sl\":\"tuiles-croustillantes-chocolat-caramel-sale-hamlet-28510\",\"sn\":\"\",\"idxP\":76},{\"mq\":\"Quaker\",\"nm\":\"M\u00E9lange \u00E0 muffin au bleuet et babeurre\",\"nme\":\"Buttermilk Blueberry Muffin mix\",\"attr\":\"\",\"sku\":\"14390\",\"l2\":\"Ingr\u00E9dient de p\u00E2tisserie\",\"sl\":\"melange-a-muffin-au-bleuet-et-babeurre-quaker-14390\",\"sn\":\"\",\"idxP\":35},{\"mq\":\"Ocean Spray\",\"nm\":\"Sauce aux canneberges en gel\u00E9e\",\"nme\":\"Jelly Cranberry Sauce\",\"attr\":\"\",\"sku\":\"07823\",\"l2\":\"Condiment\",\"sl\":\"sauce-aux-canneberges-en-gelee-ocean-spray-07823\",\"sn\":\"\",\"idxP\":37},{\"mq\":\"French's\",\"nm\":\"Sauce Worcestershire\",\"nme\":\"Worcestershire Sauce\",\"attr\":\"\",\"sku\":\"28889\",\"l2\":\"Condiment\",\"sl\":\"sauce-worcestershire-frenchs-28889\",\"sn\":\"\",\"idxP\":20},{\"mq\":\"Valentino\",\"nm\":\"Nougat gianduia et noisette\",\"nme\":\"Hazelnuts Gianduia Nougat Candy\",\"attr\":\"\",\"sku\":\"08098\",\"l2\":\"Confiserie\",\"sl\":\"nougat-gianduia-et-noisette-valentino-08098\",\"sn\":\"\",\"idxP\":70},{\"mq\":\"Rose Hill\",\"nm\":\"Curcuma moulu\",\"nme\":\"Ground Tumeric\",\"attr\":\"Produit local\",\"sku\":\"21420\",\"l2\":\"\u00C9pice, sel et poivre\",\"sl\":\"curcuma-moulu-rose-hill-21420\",\"sn\":\"turmeric, safran des indes\",\"idxP\":16},{\"mq\":\"Knorr\",\"nm\":\"M\u00E9lange pour sauce hollandaise\",\"nme\":\"Hollandaise Sauce Mix\",\"attr\":\"\",\"sku\":\"33660\",\"l2\":\"Sauce\",\"sl\":\"melange-pour-sauce-hollandaise-knorr-33660\",\"sn\":\"\",\"idxP\":28},{\"mq\":\"Canton\",\"nm\":\"Bouillon pour fondue et cuisson vin rouge\",\"nme\":\"Red Wine Chinese Fondue broth\",\"attr\":\"\",\"sku\":\"29299\",\"l2\":\"Soupe et bouillon\",\"sl\":\"bouillon-pour-fondue-et-cuisson-vin-rouge-canton-29299\",\"sn\":\"\",\"idxP\":32},{\"mq\":\"Wowbutter\",\"nm\":\"Tartinade de soya cr\u00E9meuse\",\"nme\":\"Creamy Soy Spread\",\"attr\":\"\",\"sku\":\"32372\",\"l2\":\"Confiture et tartinade\",\"sl\":\"tartinade-de-soya-cremeuse-wowbutter-32372\",\"sn\":\"\",\"idxP\":29},{\"mq\":\"El Rabioso\",\"nm\":\"Croustilles rondes pour nachos\",\"nme\":\"Nacho Round Chips\",\"attr\":\"Sans gluten\",\"sku\":\"24923\",\"l2\":\"Croustille et grignotine\",\"sl\":\"croustilles-rondes-pour-nachos-el-rabioso-24923\",\"sn\":\"croustille\",\"idxP\":33},{\"mq\":\"Livia\",\"nm\":\"Piment fort tranch\u00E9 \u00E0 l'huile\",\"nme\":\"Hot Pepper Sliced in Oil\",\"attr\":\"\",\"sku\":\"48455\",\"l2\":\"Marinade\",\"sl\":\"piment-fort-tranche-a-lhuile-livia-48455\",\"sn\":\"piments\",\"idxP\":37},{\"mq\":\"Rose Hill\",\"nm\":\"Graines fenouil\",\"nme\":\"Seed Fennel\",\"attr\":\"Produit local\",\"sku\":\"34875\",\"l2\":\"\u00C9pice, sel et poivre\",\"sl\":\"graines-fenouil-rose-hill-34875\",\"sn\":\"\",\"idxP\":44},{\"mq\":\"Nappe Blanche\",\"nm\":\"Bouillon fumet de poisson\",\"nme\":\"Broth scent fish\",\"attr\":\"\",\"sku\":\"00643\",\"l2\":\"Soupe et bouillon\",\"sl\":\"bouillon-fumet-de-poisson-nappe-blanche-00643\",\"sn\":\"\",\"idxP\":20},{\"mq\":\"Tostitos\",\"nm\":\"Sauce salsa douce\",\"nme\":\"Sweet Salsa Sauce\",\"attr\":\"\",\"sku\":\"31061\",\"l2\":\"Condiment\",\"sl\":\"sauce-salsa-douce-tostitos-31061\",\"sn\":\"\",\"idxP\":69},{\"mq\":\"Juby\",\"nm\":\"Bonbons tranches de framboises bleues\",\"nme\":\"Blue Raspberry Candies\",\"attr\":\"\",\"sku\":\"38977\",\"l2\":\"Confiserie\",\"sl\":\"bonbons-tranches-de-framboises-bleues-juby-38977\",\"sn\":\"framboises\",\"idxP\":33},{\"mq\":\"Juby\",\"nm\":\"Bonbon framboise rouge\",\"nme\":\"Red Raspberry Candies\",\"attr\":\"\",\"sku\":\"39316\",\"l2\":\"Confiserie\",\"sl\":\"bonbon-framboise-rouge-juby-39316\",\"sn\":\"framboises\",\"idxP\":49},{\"mq\":\"Canton\",\"nm\":\"Bouillon pour fondue et cuisson de boeuf et oignon\",\"nme\":\"Beef and Onion Broth for Fondue\",\"attr\":\"\",\"sku\":\"32261\",\"l2\":\"Soupe et bouillon\",\"sl\":\"bouillon-pour-fondue-et-cuisson-de-boeuf-et-oignon-canton-32261\",\"sn\":\"onions, oeufs, oignons\",\"idxP\":36},{\"mq\":\"Quaker\",\"nm\":\"M\u00E9lange \u00E0 muffin au gruau\",\"nme\":\"Gruel Muffin Mix\",\"attr\":\"\",\"sku\":\"02448\",\"l2\":\"Ingr\u00E9dient de p\u00E2tisserie\",\"sl\":\"melange-a-muffin-au-gruau-quaker-02448\",\"sn\":\"\",\"idxP\":22},{\"mq\":\"Mayrand CHEF\",\"nm\":\"Base soupe poulet\",\"nme\":\"Chicken soup base\",\"attr\":\"Produit local\",\"sku\":\"29531\",\"l2\":\"Soupe et bouillon\",\"sl\":\"base-soupe-poulet-mayrand-chef-29531\",\"sn\":\"\",\"idxP\":53},{\"mq\":\"Magic\",\"nm\":\"Poudre \u00E0 p\u00E2te\",\"nme\":\"Baking Powder\",\"attr\":\"\",\"sku\":\"07883\",\"l2\":\"Ingr\u00E9dient de p\u00E2tisserie\",\"sl\":\"poudre-a-pate-magic-07883\",\"sn\":\"\",\"idxP\":45},{\"mq\":\"Balocco\",\"nm\":\"Gaufrette cr\u00E8me noisette\",\"nme\":\"Hazelnut Cream Wafer\",\"attr\":\"\",\"sku\":\"29599\",\"l2\":\"Biscuit et craquelin\",\"sl\":\"gaufrette-creme-noisette-balocco-29599\",\"sn\":\"\",\"idxP\":34},{\"mq\":\"Cacao Barry\",\"nm\":\"Chocolat au lait 41% pistole\",\"nme\":\"Milk Chocolate 41% Alunga Pistole\",\"attr\":\"\",\"sku\":\"23934\",\"l2\":\"Ingr\u00E9dient de p\u00E2tisserie\",\"sl\":\"chocolat-au-lait-41-pistole-cacao-barry-23934\",\"sn\":\"\",\"idxP\":46},{\"mq\":\"Sunbec\",\"nm\":\"Sucre brut\",\"nme\":\"Raw Sugar\",\"attr\":\"\",\"sku\":\"12463\",\"l2\":\"Sucre\",\"sl\":\"sucre-brut-sunbec-12463\",\"sn\":\"\",\"idxP\":100},{\"mq\":\"M.Lord\",\"nm\":\"Mandarine segment entier\",\"nme\":\"Whole Segments Mandarin\",\"attr\":\"\",\"sku\":\"29601\",\"l2\":\"Fruit en conserve\",\"sl\":\"mandarine-segment-entier-m.lord-29601\",\"sn\":\"\",\"idxP\":76},{\"mq\":\"Mayrand CHEF\",\"nm\":\"Base soupe boeuf\",\"nme\":\"Beef Soup Base\",\"attr\":\"Produit local\",\"sku\":\"29530\",\"l2\":\"Soupe et bouillon\",\"sl\":\"base-soupe-boeuf-mayrand-chef-29530\",\"sn\":\"oeufs\",\"idxP\":35},{\"mq\":\"Squid\",\"nm\":\"Sauce pour poisson\",\"nme\":\"Fish Sauce\",\"attr\":\"\",\"sku\":\"14312\",\"l2\":\"Condiment\",\"sl\":\"sauce-pour-poisson-squid-14312\",\"sn\":\"\",\"idxP\":37},{\"mq\":\"De Nigris\",\"nm\":\"Vinaigre balsamique 55%\",\"nme\":\"Balsamic Vinegar 55%\",\"attr\":\"\",\"sku\":\"14331\",\"l2\":\"Huile et vinaigre\",\"sl\":\"vinaigre-balsamique-55-de-nigris-14331\",\"sn\":\"\",\"idxP\":17},{\"mq\":\"ADM\",\"nm\":\"Farine enrichie \u00E0 patisserie de fantaisie Monarch\",\"nme\":\"Monarch fancy pastry enriched flour\",\"attr\":\"\",\"sku\":\"41660\",\"l2\":\"Farine, semoule et chapelure\",\"sl\":\"farine-enrichie-a-patisserie-de-fantaisie-monarch-adm-41660\",\"sn\":\"\",\"idxP\":53},{\"mq\":\"Cacao Barry\",\"nm\":\"300 B\u00E2tons au chocolat fonc\u00E9 44%\",\"nme\":\"300 Dark Chocolate Baking Sticks 44%\",\"attr\":\"\",\"sku\":\"41172\",\"l2\":\"Ingr\u00E9dient de p\u00E2tisserie\",\"sl\":\"300-batons-au-chocolat-fonce-44-cacao-barry-41172\",\"sn\":\"\",\"idxP\":49},{\"mq\":\"Quaker\",\"nm\":\"M\u00E9lange \u00E0 muffin au son\",\"nme\":\"Bran Muffin Mix\",\"attr\":\"\",\"sku\":\"48384\",\"l2\":\"Ingr\u00E9dient de p\u00E2tisserie\",\"sl\":\"melange-a-muffin-au-son-quaker-48384\",\"sn\":\"\",\"idxP\":59},{\"mq\":\"Quaker\",\"nm\":\"M\u00E9lange \u00E0 g\u00E2teau brownie\",\"nme\":\"Brownie Cake Mix\",\"attr\":\"\",\"sku\":\"48387\",\"l2\":\"Ingr\u00E9dient de p\u00E2tisserie\",\"sl\":\"melange-a-gateau-brownie-quaker-48387\",\"sn\":\"\",\"idxP\":34},{\"mq\":\"Colussi\",\"nm\":\"Biscuit au caf\u00E9 latt\u00E9\",\"nme\":\"Coffee Latte Cookie\",\"attr\":\"\",\"sku\":\"11005\",\"l2\":\"Biscuit et craquelin\",\"sl\":\"biscuit-au-cafe-latte-colussi-11005\",\"sn\":\"\",\"idxP\":32},{\"mq\":\"Golosini\",\"nm\":\"Champignons m\u00E9lang\u00E9s\",\"nme\":\"Mixed Mushrooms\",\"attr\":\"\",\"sku\":\"32417\",\"l2\":\"Marinade\",\"sl\":\"champignons-melanges-golosini-32417\",\"sn\":\"\",\"idxP\":18},{\"mq\":\"Valli\",\"nm\":\"Gnocchi patate basilic\",\"nme\":\"Basil Potato Gnocci\",\"attr\":\"\",\"sku\":\"23599\",\"l2\":\"P\u00E2tes\",\"sl\":\"gnocchi-patate-basilic-valli-23599\",\"sn\":\"pommes\",\"idxP\":53},{\"mq\":\"Wolski\",\"nm\":\"Choucroute\",\"nme\":\"Sauerkraut\",\"attr\":\"\",\"sku\":\"31088\",\"l2\":\"Marinade\",\"sl\":\"choucroute-wolski-31088\",\"sn\":\"\",\"idxP\":90},{\"mq\":\"Tostitos\",\"nm\":\"Salsa moyenne\",\"nme\":\"Medium Salsa\",\"attr\":\"\",\"sku\":\"31064\",\"l2\":\"Condiment\",\"sl\":\"salsa-moyenne-tostitos-31064\",\"sn\":\"\",\"idxP\":65},{\"mq\":\"Valli\",\"nm\":\"C\u00E2pres marin\u00E9es\",\"nme\":\"Vinegar Caper\",\"attr\":\"\",\"sku\":\"36635\",\"l2\":\"Marinade\",\"sl\":\"capres-marinees-valli-36635\",\"sn\":\"\",\"idxP\":82},{\"mq\":\"Livia\",\"nm\":\"L\u00E9gumes doux marin\u00E9s dans l'huile\",\"nme\":\"Marinated Sweet Vegetables in Oil\",\"attr\":\"\",\"sku\":\"48442\",\"l2\":\"Marinade\",\"sl\":\"legumes-doux-marines-dans-lhuile-livia-48442\",\"sn\":\"\",\"idxP\":21},{\"mq\":\"Remodena\",\"nm\":\"Vinaigre balsamique\",\"nme\":\"Balsamic Vinegar\",\"attr\":\"\",\"sku\":\"35692\",\"l2\":\"Huile et vinaigre\",\"sl\":\"vinaigre-balsamique-remodena-35692\",\"sn\":\"\",\"idxP\":39},{\"mq\":\"Le Grec\",\"nm\":\"Vinaigrette c\u00E9sar\",\"nme\":\"Caesar Dressing\",\"attr\":\"Produit local\",\"sku\":\"34461\",\"l2\":\"Vinaigrette et Cro\u00FBton\",\"sl\":\"vinaigrette-cesar-le-grec-34461\",\"sn\":\"\",\"idxP\":56},{\"mq\":\"Sun Med\",\"nm\":\"Demi-poire en conserve\",\"nme\":\"Half Pear box\",\"attr\":\"\",\"sku\":\"41774\",\"l2\":\"Fruit en conserve\",\"sl\":\"demi-poire-en-conserve-sun-med-41774\",\"sn\":\"poires\",\"idxP\":93},{\"mq\":\"Golosini\",\"nm\":\"Aubergine grill\u00E9e\",\"nme\":\"Roasted Eggplant\",\"attr\":\"\",\"sku\":\"32434\",\"l2\":\"Marinade\",\"sl\":\"aubergine-grillee-golosini-32434\",\"sn\":\"aubergines\",\"idxP\":26},{\"mq\":\"Livabec\",\"nm\":\"Champignons marin\u00E9s\",\"nme\":\"Pickled Mushrooms\",\"attr\":\"\",\"sku\":\"48435\",\"l2\":\"Marinade\",\"sl\":\"champignons-marines-livabec-48435\",\"sn\":\"\",\"idxP\":13},{\"mq\":\"Cucina d'oro\",\"nm\":\"L\u00E9gumes m\u00E9lang\u00E9s bomba\",\"nme\":\"Bomba Vegetable Mix\",\"attr\":\"\",\"sku\":\"36586\",\"l2\":\"Marinade\",\"sl\":\"legumes-melanges-bomba-cucina-doro-36586\",\"sn\":\"\",\"idxP\":28},{\"mq\":\"Aurora\",\"nm\":\"Tomate italienne\",\"nme\":\"Italian Tomato\",\"attr\":\"\",\"sku\":\"38907\",\"l2\":\"Tomate en conserve\",\"sl\":\"tomate-italienne-aurora-38907\",\"sn\":\"tomates\",\"idxP\":79},{\"mq\":\"Livabec\",\"nm\":\"Champignons marin\u00E9es dans l'huile piquante\",\"nme\":\"Marined Mushroom in Spicy Oil\",\"attr\":\"\",\"sku\":\"48437\",\"l2\":\"Marinade\",\"sl\":\"champignons-marinees-dans-lhuile-piquante-livabec-48437\",\"sn\":\"\",\"idxP\":18},{\"mq\":\"Pastene\",\"nm\":\"Tomates en d\u00E9s \u00E9pic\u00E9es\",\"nme\":\"Spiced Diced Tomato\",\"attr\":\"\",\"sku\":\"43908\",\"l2\":\"Tomate en conserve\",\"sl\":\"tomates-en-des-epicees-pastene-43908\",\"sn\":\"tomates\",\"idxP\":96},{\"mq\":\"Livabec\",\"nm\":\"L\u00E9gumes forts marin\u00E9s dans l'huile\",\"nme\":\"Marinated Hot Vegetables in Oil\",\"attr\":\"\",\"sku\":\"48441\",\"l2\":\"Marinade\",\"sl\":\"legumes-forts-marines-dans-lhuile-livabec-48441\",\"sn\":\"\",\"idxP\":15},{\"mq\":\"Le Gourmet\",\"nm\":\"Riz patna blanc 40kg\",\"nme\":\"White Patna Rice\",\"attr\":\"\",\"sku\":\"21883\",\"l2\":\"Riz et grain\",\"sl\":\"riz-patna-blanc-40kg-le-gourmet-21883\",\"sn\":\"\",\"idxP\":50},{\"mq\":\"Livia\",\"nm\":\"L\u00E9gumes marin\u00E9es piquant huile\",\"nme\":\"pickled vegetables hot in oil\",\"attr\":\"\",\"sku\":\"29721\",\"l2\":\"Marinade\",\"sl\":\"legumes-marinees-piquant-huile-livia-29721\",\"sn\":\"\",\"idxP\":42},{\"mq\":\"Livia\",\"nm\":\"L\u00E9gumes marin\u00E9es huile\",\"nme\":\"Pickled vegetables in oil\",\"attr\":\"\",\"sku\":\"29723\",\"l2\":\"Marinade\",\"sl\":\"legumes-marinees-huile-livia-29723\",\"sn\":\"\",\"idxP\":52},{\"mq\":\"Livia\",\"nm\":\"Champignon doux huile\",\"nme\":\"Mild Mushroom Oil\",\"attr\":\"\",\"sku\":\"29726\",\"l2\":\"Marinade\",\"sl\":\"champignon-doux-huile-livia-29726\",\"sn\":\"\",\"idxP\":39},{\"mq\":\"Livia\",\"nm\":\"Aubergines marin\u00E9es \u00E9pic\u00E9es\",\"nme\":\"Eggplant hot oil\",\"attr\":\"\",\"sku\":\"29702\",\"l2\":\"Marinade\",\"sl\":\"aubergines-marinees-epicees-livia-29702\",\"sn\":\"aubergines\",\"idxP\":100},{\"mq\":\"Sun Med\",\"nm\":\"Asperge verte\",\"nme\":\"Green Asparagus\",\"attr\":\"\",\"sku\":\"34847\",\"l2\":\"L\u00E9gume en conserve\",\"sl\":\"asperge-verte-sun-med-34847\",\"sn\":\"\",\"idxP\":76},{\"mq\":\"La Milanaise\",\"nm\":\"Farine de seigle biologique\",\"nme\":\"Organic Rye Flour\",\"attr\":\"Biologique\",\"sku\":\"29679\",\"l2\":\"Farine, semoule et chapelure\",\"sl\":\"farine-de-seigle-biologique-la-milanaise-29679\",\"sn\":\"biologique, bio, organic, organique\",\"idxP\":21},{\"mq\":\"Livia\",\"nm\":\"Antipasto calabrese\",\"nme\":\"Antipasto calabrese\",\"attr\":\"\",\"sku\":\"29720\",\"l2\":\"Marinade\",\"sl\":\"antipasto-calabrese-livia-29720\",\"sn\":\"\",\"idxP\":47},{\"mq\":\"Viva\",\"nm\":\"Croustilles de l\u00E9gumes original en triangles\",\"nme\":\"Original Triangle Veggies Chips\",\"attr\":\"\",\"sku\":\"29576\",\"l2\":\"Croustille et grignotine\",\"sl\":\"croustilles-de-legumes-original-en-triangles-viva-29576\",\"sn\":\"croustille\",\"idxP\":42},{\"mq\":\"Viva\",\"nm\":\"Croustilles de l\u00E9gumes tomate s\u00E9ch\u00E9e et basilic\",\"nme\":\"Sundried Tomato & Basil Veggies Chips\",\"attr\":\"\",\"sku\":\"29575\",\"l2\":\"Croustille et grignotine\",\"sl\":\"croustilles-de-legumes-tomate-sechee-et-basilic-viva-29575\",\"sn\":\"croustille, tomates\",\"idxP\":51},{\"mq\":\"Viva\",\"nm\":\"Croustilles de l\u00E9gumes original en b\u00E2tonnets\",\"nme\":\"Original Sticks Veggies Chips\",\"attr\":\"\",\"sku\":\"29577\",\"l2\":\"Croustille et grignotine\",\"sl\":\"croustilles-de-legumes-original-en-batonnets-viva-29577\",\"sn\":\"croustille\",\"idxP\":67},{\"mq\":\"Livia\",\"nm\":\"Champignons marin\u00E9s piquant huile\",\"nme\":\"Pickled mushrooms hot in oil\",\"attr\":\"\",\"sku\":\"29725\",\"l2\":\"Marinade\",\"sl\":\"champignons-marines-piquant-huile-livia-29725\",\"sn\":\"\",\"idxP\":64},{\"mq\":\"Agrocan\",\"nm\":\"Ananas bouch\u00E9es\",\"nme\":\"Pineapple tidbits\",\"attr\":\"\",\"sku\":\"06780\",\"l2\":\"Fruit en conserve\",\"sl\":\"ananas-bouchees-agrocan-06780\",\"sn\":\"apples, ananas\",\"idxP\":89},{\"mq\":\"Aroy-d\",\"nm\":\"Lait noix de coco\",\"nme\":\"Coconut Milk\",\"attr\":\"\",\"sku\":\"29914\",\"l2\":\"Ingr\u00E9dient de p\u00E2tisserie\",\"sl\":\"lait-noix-de-coco-aroy-d-29914\",\"sn\":\"\",\"idxP\":100},{\"mq\":\"Cibona\",\"nm\":\"Oignon marin\u00E9 sucr\u00E9\",\"nme\":\"Pickled Sweet Onion\",\"attr\":\"\",\"sku\":\"37326\",\"l2\":\"Marinade\",\"sl\":\"oignon-marine-sucre-cibona-37326\",\"sn\":\"onions, oignons\",\"idxP\":25},{\"mq\":\"Sun Med\",\"nm\":\"P\u00EAche en demi\",\"nme\":\"Half peach\",\"attr\":\"\",\"sku\":\"38261\",\"l2\":\"Fruit en conserve\",\"sl\":\"peche-en-demi-sun-med-38261\",\"sn\":\"\",\"idxP\":57},{\"mq\":\"Miss Vickie's\",\"nm\":\"Croustilles jalapeno\",\"nme\":\"Jalapeno Chips\",\"attr\":\"\",\"sku\":\"30146\",\"l2\":\"Croustille et grignotine\",\"sl\":\"croustilles-jalapeno-miss-vickies-30146\",\"sn\":\"croustille\",\"idxP\":63},{\"mq\":\"Lays\",\"nm\":\"Croustilles original Lays\",\"nme\":\"Lays Orignial Chips\",\"attr\":\"\",\"sku\":\"30161\",\"l2\":\"Croustille et grignotine\",\"sl\":\"croustilles-original-lays-lays-30161\",\"sn\":\"croustille\",\"idxP\":70},{\"mq\":\"Granforno\",\"nm\":\"Grissini \u00E0 l'ail\",\"nme\":\"Garlic Grissini\",\"attr\":\"\",\"sku\":\"31405\",\"l2\":\"Biscuit et craquelin\",\"sl\":\"grissini-a-lail-granforno-31405\",\"sn\":\"Grissini, grissini\",\"idxP\":83},{\"mq\":\"Lays\",\"nm\":\"Croustilles barbecue\",\"nme\":\"BBQ Chips\",\"attr\":\"\",\"sku\":\"09300\",\"l2\":\"Croustille et grignotine\",\"sl\":\"croustilles-barbecue-lays-09300\",\"sn\":\"croustille, BBQ\",\"idxP\":40},{\"mq\":\"Lays\",\"nm\":\"Croustilles classiques\",\"nme\":\"Classic Chips\",\"attr\":\"\",\"sku\":\"09294\",\"l2\":\"Croustille et grignotine\",\"sl\":\"croustilles-classiques-lays-09294\",\"sn\":\"croustille\",\"idxP\":63},{\"mq\":\"Lays\",\"nm\":\"Croustilles au ketchup\",\"nme\":\"Ketchup Chips\",\"attr\":\"\",\"sku\":\"09295\",\"l2\":\"Croustille et grignotine\",\"sl\":\"croustilles-au-ketchup-lays-09295\",\"sn\":\"croustille\",\"idxP\":23},{\"mq\":\"Lays\",\"nm\":\"Croustilles sel et vinaigre\",\"nme\":\"Salt and Vinegar Chips\",\"attr\":\"\",\"sku\":\"09291\",\"l2\":\"Croustille et grignotine\",\"sl\":\"croustilles-sel-et-vinaigre-lays-09291\",\"sn\":\"croustille\",\"idxP\":26},{\"mq\":\"Agrofusion\",\"nm\":\"Haricot pinto\",\"nme\":\"Pinto beans\",\"attr\":\"\",\"sku\":\"31455\",\"l2\":\"Riz et grain\",\"sl\":\"haricot-pinto-agrofusion-31455\",\"sn\":\"\",\"idxP\":53},{\"mq\":\"Le Gourmet\",\"nm\":\"Riz blanc grain long patna 20kg\",\"nme\":\"Long grain white rice patna\",\"attr\":\"\",\"sku\":\"31571\",\"l2\":\"Riz et grain\",\"sl\":\"riz-blanc-grain-long-patna-20kg-le-gourmet-31571\",\"sn\":\"\",\"idxP\":83},{\"mq\":\"Ardent Mills\",\"nm\":\"Farine \u00E0 pain Artisan non trait\u00E9e non blanchie\",\"nme\":\"Artisan bread flour unbleached untreated\",\"attr\":\"\",\"sku\":\"31594\",\"l2\":\"Farine, semoule et chapelure\",\"sl\":\"farine-a-pain-artisan-non-traitee-non-blanchie-ardent-mills-31594\",\"sn\":\"\",\"idxP\":92},{\"mq\":\"Pastene\",\"nm\":\"Olive verte tranch\u00E9e\",\"nme\":\"Sliced Green Olive\",\"attr\":\"\",\"sku\":\"15984\",\"l2\":\"Marinade\",\"sl\":\"olive-verte-tranchee-pastene-15984\",\"sn\":\"\",\"idxP\":81},{\"mq\":\"Rio\",\"nm\":\"Cornet plat gros #67\",\"nme\":\"Ice Cream cone flat big #67\",\"attr\":\"\",\"sku\":\"31645\",\"l2\":\"Bar laitier\",\"sl\":\"cornet-plat-gros-67-rio-31645\",\"sn\":\"\",\"idxP\":52},{\"mq\":\"Pastene\",\"nm\":\"Olive noire d\u00E9noyaut\u00E9e\",\"nme\":\"Pitted Black Olive\",\"attr\":\"\",\"sku\":\"15988\",\"l2\":\"Marinade\",\"sl\":\"olive-noire-denoyautee-pastene-15988\",\"sn\":\"\",\"idxP\":79},{\"mq\":\"Quaker\",\"nm\":\"Gruau 1 minute\",\"nme\":\"1 Munite Oatmeal\",\"attr\":\"\",\"sku\":\"10236\",\"l2\":\"C\u00E9r\u00E9ales et barre\",\"sl\":\"gruau-1-minute-quaker-10236\",\"sn\":\"\",\"idxP\":50},{\"mq\":\"Quaker\",\"nm\":\"Gruau rapide\",\"nme\":\"Quick Oatmeal\",\"attr\":\"\",\"sku\":\"10234\",\"l2\":\"C\u00E9r\u00E9ales et barre\",\"sl\":\"gruau-rapide-quaker-10234\",\"sn\":\"\",\"idxP\":83},{\"mq\":\"Les p'tites sucreries du b\u00FBcheron\",\"nm\":\"Sirop d'\u00E9rable ambr\u00E9\",\"nme\":\"Amber Maple Syrup\",\"attr\":\"Produit local\",\"sku\":\"30634\",\"l2\":\"Confiture et tartinade\",\"sl\":\"sirop-derable-ambre-les-ptites-sucreries-du-bucheron-30634\",\"sn\":\"\",\"idxP\":84},{\"mq\":\"Barilla\",\"nm\":\"P\u00E2tes macaroni #41 coup\u00E9s\",\"nme\":\"Elbows Pasta #41\",\"attr\":\"\",\"sku\":\"10411\",\"l2\":\"P\u00E2tes\",\"sl\":\"pates-macaroni-41-coupes-barilla-10411\",\"sn\":\"\",\"idxP\":87},{\"mq\":\"Valli\",\"nm\":\"Thon p\u00E2le en morceaux dans l'eau\",\"nme\":\"Chunk Light Tuna in Water\",\"attr\":\"\",\"sku\":\"32219\",\"l2\":\"Poisson et viande en conserve\",\"sl\":\"thon-pale-en-morceaux-dans-leau-valli-32219\",\"sn\":\"\",\"idxP\":92},{\"mq\":\"Heinz\",\"nm\":\"Ketchup en portion\",\"nme\":\"Ketchup Portion\",\"attr\":\"\",\"sku\":\"32045\",\"l2\":\"Condiment\",\"sl\":\"ketchup-en-portion-heinz-32045\",\"sn\":\"\",\"idxP\":36},{\"mq\":\"Nupak ou Dunya Harvest\",\"nm\":\"Haricot rouge petit\",\"nme\":\"Red beans small\",\"attr\":\"\",\"sku\":\"31985\",\"l2\":\"Riz et grain\",\"sl\":\"haricot-rouge-petit-nupak-ou-dunya-harvest-31985\",\"sn\":\"\",\"idxP\":54},{\"mq\":\"PB&ME\",\"nm\":\"Beurre d'arachide en poudre naturel 100% arachide\",\"nme\":\"Natural 100% peanut powdered peanut butter\",\"attr\":\"Sans gluten\",\"sku\":\"32026\",\"l2\":\"Confiture et tartinade\",\"sl\":\"beurre-darachide-en-poudre-naturel-100-arachide-pbme-32026\",\"sn\":\"\",\"idxP\":22},{\"mq\":\"Sun Med\",\"nm\":\"Piment jalapeno tranch\u00E9\",\"nme\":\"Sliced jalapeno pepper\",\"attr\":\"\",\"sku\":\"32121\",\"l2\":\"Marinade\",\"sl\":\"piment-jalapeno-tranche-sun-med-32121\",\"sn\":\"piments\",\"idxP\":52},{\"mq\":\"Quaker\",\"nm\":\"M\u00E9lange \u00E0 muffin au babeurre\",\"nme\":\"Buttermilk Muffin Mix\",\"attr\":\"\",\"sku\":\"16828\",\"l2\":\"Ingr\u00E9dient de p\u00E2tisserie\",\"sl\":\"melange-a-muffin-au-babeurre-quaker-16828\",\"sn\":\"\",\"idxP\":30},{\"mq\":\"Wolski\",\"nm\":\"Piment rouge saumure\",\"nme\":\"Marinated Red Bell Peppers\",\"attr\":\"\",\"sku\":\"32926\",\"l2\":\"Marinade\",\"sl\":\"piment-rouge-saumure-wolski-32926\",\"sn\":\"\",\"idxP\":91},{\"mq\":\"Hamlet\",\"nm\":\"Tuiles croustillantes chocolat lait \u00E0 la noisette\",\"nme\":\"Milk Chocolate Crispy Thins With Hazelnut\",\"attr\":\"\",\"sku\":\"32605\",\"l2\":\"Confiserie\",\"sl\":\"tuiles-croustillantes-chocolat-lait-a-la-noisette-hamlet-32605\",\"sn\":\"\",\"idxP\":62},{\"mq\":\"Quaker\",\"nm\":\"M\u00E9lange \u00E0 muffin au son\",\"nme\":\"Bran Muffin Mix\",\"attr\":\"\",\"sku\":\"10065\",\"l2\":\"Ingr\u00E9dient de p\u00E2tisserie\",\"sl\":\"melange-a-muffin-au-son-quaker-10065\",\"sn\":\"\",\"idxP\":37},{\"mq\":\"Rose Hill\",\"nm\":\"Oignon \u00E9minc\u00E9\",\"nme\":\"Minced Onion\",\"attr\":\"\",\"sku\":\"11871\",\"l2\":\"\u00C9pice, sel et poivre\",\"sl\":\"oignon-emince-rose-hill-11871\",\"sn\":\"onions, oignons\",\"idxP\":42},{\"mq\":\"Granducale\",\"nm\":\"Panettone cr\u00E8me citrouille\",\"nme\":\"Pumpkin Cream Panettone\",\"attr\":\"\",\"sku\":\"25083\",\"l2\":\"Panettone\",\"sl\":\"panettone-creme-citrouille-granducale-25083\",\"sn\":\"\",\"idxP\":0},{\"mq\":\"Knorr\",\"nm\":\"M\u00E9lange \u00E0 sauce demi-glace\",\"nme\":\"Demi-Glace Sauce Mix\",\"attr\":\"\",\"sku\":\"34055\",\"l2\":\"Sauce\",\"sl\":\"melange-a-sauce-demi-glace-knorr-34055\",\"sn\":\"\",\"idxP\":33},{\"mq\":\"Hostess\",\"nm\":\"G\u00E2teau dor\u00E9 Twinkies\",\"nme\":\"Twinkies golden cake\",\"attr\":\"\",\"sku\":\"32595\",\"l2\":\"Biscuit et craquelin\",\"sl\":\"gateau-dore-twinkies-hostess-32595\",\"sn\":\"\",\"idxP\":14},{\"mq\":\"Les p'tites sucreries du b\u00FBcheron\",\"nm\":\"Sirop d'\u00E9rable fonc\u00E9 go\u00FBt robuste\",\"nme\":\"Strong Taste Dark Maple Syrup\",\"attr\":\"Produit local\",\"sku\":\"33315\",\"l2\":\"Confiture et tartinade\",\"sl\":\"sirop-derable-fonce-gout-robuste-les-ptites-sucreries-du-bucheron-33315\",\"sn\":\"\",\"idxP\":68},{\"mq\":\"Berthelet\",\"nm\":\"M\u00E9lange pour garan masala\",\"nme\":\"Garan masala mix\",\"attr\":\"Produit local\",\"sku\":\"33187\",\"l2\":\"\u00C9pice, sel et poivre\",\"sl\":\"melange-pour-garan-masala-berthelet-33187\",\"sn\":\"\",\"idxP\":27},{\"mq\":\"Rose Hill\",\"nm\":\"M\u00E9lange tandoori\",\"nme\":\"Tandoori mix\",\"attr\":\"Produit local\",\"sku\":\"33186\",\"l2\":\"\u00C9pice, sel et poivre\",\"sl\":\"melange-tandoori-rose-hill-33186\",\"sn\":\"\",\"idxP\":19},{\"mq\":\"Les p'tites sucreries du b\u00FBcheron\",\"nm\":\"Sirop d'\u00E9rable ambr\u00E9\",\"nme\":\"Amber Maple Syrup\",\"attr\":\"Produit local\",\"sku\":\"33320\",\"l2\":\"Confiture et tartinade\",\"sl\":\"sirop-derable-ambre-les-ptites-sucreries-du-bucheron-33320\",\"sn\":\"\",\"idxP\":86},{\"mq\":\"Millbrooke\",\"nm\":\"Farine d'orge\",\"nme\":\"Barley Flour\",\"attr\":\"\",\"sku\":\"10474\",\"l2\":\"Farine, semoule et chapelure\",\"sl\":\"farine-dorge-millbrooke-10474\",\"sn\":\"\",\"idxP\":57},{\"mq\":\"Haiku\",\"nm\":\"Soupe won ton\",\"nme\":\"Won ton soup\",\"attr\":\"\",\"sku\":\"30213\",\"l2\":\"Soupe et bouillon\",\"sl\":\"soupe-won-ton-haiku-30213\",\"sn\":\"\",\"idxP\":29},{\"mq\":\"Fiesta\",\"nm\":\"Salsa moyenne\",\"nme\":\"Medium Salsa\",\"attr\":\"\",\"sku\":\"23472\",\"l2\":\"Condiment\",\"sl\":\"salsa-moyenne-fiesta-23472\",\"sn\":\"\",\"idxP\":64},{\"mq\":\"Fiesta\",\"nm\":\"Salsa douce\",\"nme\":\"Mild Salsa\",\"attr\":\"\",\"sku\":\"23473\",\"l2\":\"Condiment\",\"sl\":\"salsa-douce-fiesta-23473\",\"sn\":\"\",\"idxP\":67},{\"mq\":\"Haiku\",\"nm\":\"Nouille de riz\",\"nme\":\"Noodle rice\",\"attr\":\"\",\"sku\":\"30243\",\"l2\":\"P\u00E2tes\",\"sl\":\"nouille-de-riz-haiku-30243\",\"sn\":\"\",\"idxP\":30},{\"mq\":\"Knorr\",\"nm\":\"M\u00E9lange pour bouillon poulet\",\"nme\":\"Chicken Broth Mix\",\"attr\":\"\",\"sku\":\"37785\",\"l2\":\"Soupe et bouillon\",\"sl\":\"melange-pour-bouillon-poulet-knorr-37785\",\"sn\":\"\",\"idxP\":57},{\"mq\":\"Haiku\",\"nm\":\"Lait de coco l\u00E9ger\",\"nme\":\"Light coconut milk\",\"attr\":\"\",\"sku\":\"30226\",\"l2\":\"Ingr\u00E9dient de p\u00E2tisserie\",\"sl\":\"lait-de-coco-leger-haiku-30226\",\"sn\":\"\",\"idxP\":56},{\"mq\":\"Nongshim\",\"nm\":\"Nouilles instant au boeuf dans un bol\",\"nme\":\"Instant beef noodles in a bowl\",\"attr\":\"\",\"sku\":\"30531\",\"l2\":\"Soupe et bouillon\",\"sl\":\"nouilles-instant-au-boeuf-dans-un-bol-nongshim-30531\",\"sn\":\"\",\"idxP\":30},{\"mq\":\"Nongshim\",\"nm\":\"Nouilles instant kimchi dans un bol\",\"nme\":\"Instant kimchi noodles in a bowl\",\"attr\":\"\",\"sku\":\"30528\",\"l2\":\"Soupe et bouillon\",\"sl\":\"nouilles-instant-kimchi-dans-un-bol-nongshim-30528\",\"sn\":\"\",\"idxP\":41},{\"mq\":\"Haiku\",\"nm\":\"Vermicelle de riz\",\"nme\":\"Rice vermicelli\",\"attr\":\"\",\"sku\":\"30242\",\"l2\":\"P\u00E2tes\",\"sl\":\"vermicelle-de-riz-haiku-30242\",\"sn\":\"\",\"idxP\":67},{\"mq\":\"Haiku\",\"nm\":\"Nouille asiatique\",\"nme\":\"Asian noodle\",\"attr\":\"\",\"sku\":\"30245\",\"l2\":\"P\u00E2tes\",\"sl\":\"nouille-asiatique-haiku-30245\",\"sn\":\"\",\"idxP\":43},{\"mq\":\"Barilla\",\"nm\":\"P\u00E2tes linguine #11\",\"nme\":\"Linguine Pasta #11\",\"attr\":\"\",\"sku\":\"10141\",\"l2\":\"P\u00E2tes\",\"sl\":\"pates-linguine-11-barilla-10141\",\"sn\":\"\",\"idxP\":58},{\"mq\":\"Nongshim\",\"nm\":\"Nouilles instant au poulet \u00E9pic\u00E9 dans un bol\",\"nme\":\"Instant spicy chicken noodles in a bowl\",\"attr\":\"\",\"sku\":\"30529\",\"l2\":\"Soupe et bouillon\",\"sl\":\"nouilles-instant-au-poulet-epice-dans-un-bol-nongshim-30529\",\"sn\":\"\",\"idxP\":46},{\"mq\":\"Nongshim\",\"nm\":\"Nouilles instant au poulet dans un bol\",\"nme\":\"Instant chicken noodles in a bowl\",\"attr\":\"\",\"sku\":\"30532\",\"l2\":\"Soupe et bouillon\",\"sl\":\"nouilles-instant-au-poulet-dans-un-bol-nongshim-30532\",\"sn\":\"\",\"idxP\":39},{\"mq\":\"Haiku\",\"nm\":\"Lait de coco\",\"nme\":\"Coconut milk\",\"attr\":\"\",\"sku\":\"30227\",\"l2\":\"Ingr\u00E9dient de p\u00E2tisserie\",\"sl\":\"lait-de-coco-haiku-30227\",\"sn\":\"\",\"idxP\":85},{\"mq\":\"Nongshim\",\"nm\":\"Nouilles instant piquant dans un bol\",\"nme\":\"Instant hot&spicy noodles in a bowl\",\"attr\":\"\",\"sku\":\"30522\",\"l2\":\"Soupe et bouillon\",\"sl\":\"nouilles-instant-piquant-dans-un-bol-nongshim-30522\",\"sn\":\"\",\"idxP\":44},{\"mq\":\"Barilla\",\"nm\":\"P\u00E2tes spaghettini #3\",\"nme\":\"Spaghettini #3 Pasta\",\"attr\":\"\",\"sku\":\"10412\",\"l2\":\"P\u00E2tes\",\"sl\":\"pates-spaghettini-3-barilla-10412\",\"sn\":\"\",\"idxP\":74},{\"mq\":\"Pastene\",\"nm\":\"Olive verte d\u00E9noyaut\u00E9e\",\"nme\":\"Pitted Green Olive\",\"attr\":\"\",\"sku\":\"11905\",\"l2\":\"Marinade\",\"sl\":\"olive-verte-denoyautee-pastene-11905\",\"sn\":\"\",\"idxP\":77},{\"mq\":\"S&B\",\"nm\":\"Wasabi en tube\",\"nme\":\"Wasabi tube\",\"attr\":\"Sans gluten\",\"sku\":\"33676\",\"l2\":\"Riz et grain\",\"sl\":\"wasabi-en-tube-sb-33676\",\"sn\":\"\",\"idxP\":38},{\"mq\":\"Granforno\",\"nm\":\"Grissini r\u00E9gulier\",\"nme\":\"Regular grissini\",\"attr\":\"\",\"sku\":\"29864\",\"l2\":\"Biscuit et craquelin\",\"sl\":\"grissini-regulier-granforno-29864\",\"sn\":\"Grissini, grissini\",\"idxP\":80},{\"mq\":\"Pastene\",\"nm\":\"Tomate Italienne marzano\",\"nme\":\"Marzano Italian Tomato\",\"attr\":\"\",\"sku\":\"09022\",\"l2\":\"Tomate en conserve\",\"sl\":\"tomate-italienne-marzano-pastene-09022\",\"sn\":\"tomates\",\"idxP\":77},{\"mq\":\"Marcellas\",\"nm\":\"M\u00E9lange champignon\",\"nme\":\"Mushroom Mixed\",\"attr\":\"\",\"sku\":\"27868\",\"l2\":\"Marinade\",\"sl\":\"melange-champignon-marcellas-27868\",\"sn\":\"\",\"idxP\":37},{\"mq\":\"KP\",\"nm\":\"Nouilles instant udon\",\"nme\":\"Udon instant noodles\",\"attr\":\"\",\"sku\":\"30598\",\"l2\":\"P\u00E2tes\",\"sl\":\"nouilles-instant-udon-kp-30598\",\"sn\":\"\",\"idxP\":85},{\"mq\":\"Oreo\",\"nm\":\"Biscuits Oreo\",\"nme\":\"Oreo Cookies\",\"attr\":\"\",\"sku\":\"34553\",\"l2\":\"Biscuit et craquelin\",\"sl\":\"biscuits-oreo-oreo-34553\",\"sn\":\"\",\"idxP\":70},{\"mq\":\"Valli\",\"nm\":\"Gnocchi mini patate\",\"nme\":\"Mini Potato Gnocchi\",\"attr\":\"\",\"sku\":\"23598\",\"l2\":\"P\u00E2tes\",\"sl\":\"gnocchi-mini-patate-valli-23598\",\"sn\":\"\",\"idxP\":71},{\"mq\":\"Marcellas\",\"nm\":\"Olives \u00E9pic\u00E9es barioles g\u00E9antes\",\"nme\":\"Spiced Bariole Olive\",\"attr\":\"\",\"sku\":\"36439\",\"l2\":\"Marinade\",\"sl\":\"olives-epicees-barioles-geantes-marcellas-36439\",\"sn\":\"\",\"idxP\":18},{\"mq\":\"Bang\",\"nm\":\"Nouilles baton de riz\",\"nme\":\"Rice stick noodles\",\"attr\":\"\",\"sku\":\"30600\",\"l2\":\"P\u00E2tes\",\"sl\":\"nouilles-baton-de-riz-bang-30600\",\"sn\":\"\",\"idxP\":87},{\"mq\":\"Mama\",\"nm\":\"Nouilles vermicelle de riz brun\",\"nme\":\"Brown rice vermicelli noodles\",\"attr\":\"\",\"sku\":\"30610\",\"l2\":\"P\u00E2tes\",\"sl\":\"nouilles-vermicelle-de-riz-brun-mama-30610\",\"sn\":\"\",\"idxP\":42},{\"mq\":\"Pearl\",\"nm\":\"Huile d'arachide\",\"nme\":\"Peanut  oil\",\"attr\":\"\",\"sku\":\"30457\",\"l2\":\"Huile et vinaigre\",\"sl\":\"huile-darachide-pearl-30457\",\"sn\":\"\",\"idxP\":85},{\"mq\":\"Club House\",\"nm\":\"Sel \u00E0 l'oignon\",\"nme\":\"onion salt\",\"attr\":\"\",\"sku\":\"31887\",\"l2\":\"\u00C9pice, sel et poivre\",\"sl\":\"sel-a-loignon-club-house-31887\",\"sn\":\"onions, oignons\",\"idxP\":16},{\"mq\":\"Club House\",\"nm\":\"Assaisonnement \u00E0 l'italienne\",\"nme\":\"Italian seasoning\",\"attr\":\"\",\"sku\":\"31898\",\"l2\":\"\u00C9pice, sel et poivre\",\"sl\":\"assaisonnement-a-litalienne-club-house-31898\",\"sn\":\"\",\"idxP\":19},{\"mq\":\"Club House\",\"nm\":\"Canelle moulu\",\"nme\":\"Ground cinnamon\",\"attr\":\"\",\"sku\":\"31908\",\"l2\":\"\u00C9pice, sel et poivre\",\"sl\":\"canelle-moulu-club-house-31908\",\"sn\":\"\",\"idxP\":25},{\"mq\":\"Club House\",\"nm\":\"Feuilles de thym\",\"nme\":\"Thyme leaves\",\"attr\":\"\",\"sku\":\"31915\",\"l2\":\"\u00C9pice, sel et poivre\",\"sl\":\"feuilles-de-thym-club-house-31915\",\"sn\":\"\",\"idxP\":19},{\"mq\":\"Club House\",\"nm\":\"Assaisonnement fines herbes\",\"nme\":\"Salad herb seasoning\",\"attr\":\"\",\"sku\":\"31935\",\"l2\":\"\u00C9pice, sel et poivre\",\"sl\":\"assaisonnement-fines-herbes-club-house-31935\",\"sn\":\"\",\"idxP\":16},{\"mq\":\"Club House\",\"nm\":\"Assaisonnement style sud ouest\",\"nme\":\"Southern style BBQ seasoning\",\"attr\":\"\",\"sku\":\"31972\",\"l2\":\"\u00C9pice, sel et poivre\",\"sl\":\"assaisonnement-style-sud-ouest-club-house-31972\",\"sn\":\"\",\"idxP\":20},{\"mq\":\"Club House\",\"nm\":\"Feuilles d'origan\",\"nme\":\"Oregano leaves\",\"attr\":\"\",\"sku\":\"31888\",\"l2\":\"\u00C9pice, sel et poivre\",\"sl\":\"feuilles-dorigan-club-house-31888\",\"sn\":\"\",\"idxP\":19},{\"mq\":\"Club House\",\"nm\":\"Feuilles de basilic\",\"nme\":\"Basil leaves\",\"attr\":\"\",\"sku\":\"31890\",\"l2\":\"\u00C9pice, sel et poivre\",\"sl\":\"feuilles-de-basilic-club-house-31890\",\"sn\":\"\",\"idxP\":21},{\"mq\":\"Club House\",\"nm\":\"Cumin moulu\",\"nme\":\"Ground cumin\",\"attr\":\"\",\"sku\":\"31895\",\"l2\":\"\u00C9pice, sel et poivre\",\"sl\":\"cumin-moulu-club-house-31895\",\"sn\":\"\",\"idxP\":25},{\"mq\":\"Club House\",\"nm\":\"Aneth\",\"nme\":\"Dill weed\",\"attr\":\"\",\"sku\":\"31897\",\"l2\":\"\u00C9pice, sel et poivre\",\"sl\":\"aneth-club-house-31897\",\"sn\":\"\",\"idxP\":26},{\"mq\":\"Club House\",\"nm\":\"Assaisonnement citron et fines herbes\",\"nme\":\"Lemon & herb seasoning\",\"attr\":\"\",\"sku\":\"31925\",\"l2\":\"\u00C9pice, sel et poivre\",\"sl\":\"assaisonnement-citron-et-fines-herbes-club-house-31925\",\"sn\":\"citrons\",\"idxP\":20},{\"mq\":\"Club House\",\"nm\":\"Assaisonnement ail r\u00F4ti et poivrons\",\"nme\":\"Roasted garlic and pepper seasoning\",\"attr\":\"\",\"sku\":\"31934\",\"l2\":\"\u00C9pice, sel et poivre\",\"sl\":\"assaisonnement-ail-roti-et-poivrons-club-house-31934\",\"sn\":\"\",\"idxP\":15},{\"mq\":\"Club House\",\"nm\":\"Sel \u00E0 l'ail\",\"nme\":\"Garlic salt\",\"attr\":\"\",\"sku\":\"31883\",\"l2\":\"\u00C9pice, sel et poivre\",\"sl\":\"sel-a-lail-club-house-31883\",\"sn\":\"\",\"idxP\":22},{\"mq\":\"Club House\",\"nm\":\"Poudre d'oignon\",\"nme\":\"Onion powder\",\"attr\":\"\",\"sku\":\"31902\",\"l2\":\"\u00C9pice, sel et poivre\",\"sl\":\"poudre-doignon-club-house-31902\",\"sn\":\"onions, oignons\",\"idxP\":26},{\"mq\":\"Club House\",\"nm\":\"Poivre noir concass\u00E9\",\"nme\":\"Coarse black pepper\",\"attr\":\"\",\"sku\":\"31904\",\"l2\":\"\u00C9pice, sel et poivre\",\"sl\":\"poivre-noir-concasse-club-house-31904\",\"sn\":\"\",\"idxP\":19},{\"mq\":\"Club House\",\"nm\":\"Assaisonnement cajun\",\"nme\":\"Cajun seasoning\",\"attr\":\"\",\"sku\":\"31920\",\"l2\":\"\u00C9pice, sel et poivre\",\"sl\":\"assaisonnement-cajun-club-house-31920\",\"sn\":\"\",\"idxP\":25},{\"mq\":\"Club House\",\"nm\":\"Poivre noir entier\",\"nme\":\"Whole black pepper\",\"attr\":\"\",\"sku\":\"31889\",\"l2\":\"\u00C9pice, sel et poivre\",\"sl\":\"poivre-noir-entier-club-house-31889\",\"sn\":\"\",\"idxP\":21},{\"mq\":\"Club House\",\"nm\":\"Poudre de cari\",\"nme\":\"Curry powder\",\"attr\":\"\",\"sku\":\"31896\",\"l2\":\"\u00C9pice, sel et poivre\",\"sl\":\"poudre-de-cari-club-house-31896\",\"sn\":\"\",\"idxP\":29},{\"mq\":\"Club House\",\"nm\":\"Assaisonnement parmesan et fines herbes\",\"nme\":\"Parmesan herbs seasoning\",\"attr\":\"\",\"sku\":\"31933\",\"l2\":\"\u00C9pice, sel et poivre\",\"sl\":\"assaisonnement-parmesan-et-fines-herbes-club-house-31933\",\"sn\":\"\",\"idxP\":24},{\"mq\":\"Club House\",\"nm\":\"Paprika\",\"nme\":\"Paprika\",\"attr\":\"\",\"sku\":\"31903\",\"l2\":\"\u00C9pice, sel et poivre\",\"sl\":\"paprika-club-house-31903\",\"sn\":\"\",\"idxP\":30},{\"mq\":\"Club House\",\"nm\":\"Assaisonnement italiano\",\"nme\":\"Italiano seasoning\",\"attr\":\"\",\"sku\":\"31919\",\"l2\":\"\u00C9pice, sel et poivre\",\"sl\":\"assaisonnement-italiano-club-house-31919\",\"sn\":\"\",\"idxP\":18},{\"mq\":\"Club House\",\"nm\":\"Poivre de cayenne\",\"nme\":\"Cayenne pepper\",\"attr\":\"\",\"sku\":\"31892\",\"l2\":\"\u00C9pice, sel et poivre\",\"sl\":\"poivre-de-cayenne-club-house-31892\",\"sn\":\"\",\"idxP\":25},{\"mq\":\"Club House\",\"nm\":\"Poudre d'ail\",\"nme\":\"Garlic powder\",\"attr\":\"\",\"sku\":\"31910\",\"l2\":\"\u00C9pice, sel et poivre\",\"sl\":\"poudre-dail-club-house-31910\",\"sn\":\"\",\"idxP\":34},{\"mq\":\"Club House\",\"nm\":\"Paprika fum\u00E9\",\"nme\":\"Smoked paprika\",\"attr\":\"\",\"sku\":\"31914\",\"l2\":\"\u00C9pice, sel et poivre\",\"sl\":\"paprika-fume-club-house-31914\",\"sn\":\"\",\"idxP\":22},{\"mq\":\"Club House\",\"nm\":\"Poivre noir moulu\",\"nme\":\"Ground black pepper\",\"attr\":\"\",\"sku\":\"31911\",\"l2\":\"\u00C9pice, sel et poivre\",\"sl\":\"poivre-noir-moulu-club-house-31911\",\"sn\":\"\",\"idxP\":27},{\"mq\":\"Club House\",\"nm\":\"Flocons de persil\",\"nme\":\"Parsley flakes\",\"attr\":\"\",\"sku\":\"31912\",\"l2\":\"\u00C9pice, sel et poivre\",\"sl\":\"flocons-de-persil-club-house-31912\",\"sn\":\"\",\"idxP\":14},{\"mq\":\"Club House\",\"nm\":\"Feuilles de romarin\",\"nme\":\"Rosemary leaves\",\"attr\":\"\",\"sku\":\"31907\",\"l2\":\"\u00C9pice, sel et poivre\",\"sl\":\"feuilles-de-romarin-club-house-31907\",\"sn\":\"\",\"idxP\":21},{\"mq\":\"Club House\",\"nm\":\"Poudre de chili\",\"nme\":\"Chili powder\",\"attr\":\"\",\"sku\":\"31909\",\"l2\":\"\u00C9pice, sel et poivre\",\"sl\":\"poudre-de-chili-club-house-31909\",\"sn\":\"\",\"idxP\":25},{\"mq\":\"Club House\",\"nm\":\"Curcuma moulu\",\"nme\":\"Ground turmeric\",\"attr\":\"\",\"sku\":\"31916\",\"l2\":\"\u00C9pice, sel et poivre\",\"sl\":\"curcuma-moulu-club-house-31916\",\"sn\":\"turmeric, safran des indes\",\"idxP\":19},{\"mq\":\"Club House\",\"nm\":\"Assaisonnement tex mex\",\"nme\":\"Tex mex seasoning\",\"attr\":\"\",\"sku\":\"31918\",\"l2\":\"\u00C9pice, sel et poivre\",\"sl\":\"assaisonnement-tex-mex-club-house-31918\",\"sn\":\"\",\"idxP\":21},{\"mq\":\"Club House\",\"nm\":\"\u00C9pices bifteck Montr\u00E9al \u00E9pic\u00E9\",\"nme\":\"Spicy Montreal steak spice\",\"attr\":\"\",\"sku\":\"31971\",\"l2\":\"\u00C9pice, sel et poivre\",\"sl\":\"epices-bifteck-montreal-epice-club-house-31971\",\"sn\":\"steak\",\"idxP\":22},{\"mq\":\"Club House\",\"nm\":\"Assaisonnement grec\",\"nme\":\"Greek seasoning\",\"attr\":\"\",\"sku\":\"31924\",\"l2\":\"\u00C9pice, sel et poivre\",\"sl\":\"assaisonnement-grec-club-house-31924\",\"sn\":\"\",\"idxP\":20},{\"mq\":\"Lubeca\",\"nm\":\"P\u00E2te d'amande 52%\",\"nme\":\"Almond Paste 52%\",\"attr\":\"\",\"sku\":\"24303\",\"l2\":\"Ingr\u00E9dient de p\u00E2tisserie\",\"sl\":\"pate-damande-52-lubeca-24303\",\"sn\":\"amandes\",\"idxP\":35},{\"mq\":\"Club House\",\"nm\":\"Assaisonnement ail et herbes sans sel\",\"nme\":\"Salt free garlic and herb seasoning\",\"attr\":\"\",\"sku\":\"31936\",\"l2\":\"\u00C9pice, sel et poivre\",\"sl\":\"assaisonnement-ail-et-herbes-sans-sel-club-house-31936\",\"sn\":\"\",\"idxP\":17},{\"mq\":\"Club House\",\"nm\":\"Assaisonnement pour saumon sans sel\",\"nme\":\"No salt added salmon seasoning\",\"attr\":\"\",\"sku\":\"31966\",\"l2\":\"\u00C9pice, sel et poivre\",\"sl\":\"assaisonnement-pour-saumon-sans-sel-club-house-31966\",\"sn\":\"\",\"idxP\":11},{\"mq\":\"Club House\",\"nm\":\"Moulin sel de mer\",\"nme\":\"Sea salt grinder\",\"attr\":\"\",\"sku\":\"31952\",\"l2\":\"\u00C9pice, sel et poivre\",\"sl\":\"moulin-sel-de-mer-club-house-31952\",\"sn\":\"\",\"idxP\":41},{\"mq\":\"Club House\",\"nm\":\"Assais. plein go\u00FBt pour bagel avec herbes\",\"nme\":\"Everything bagel seasoning\",\"attr\":\"\",\"sku\":\"31986\",\"l2\":\"\u00C9pice, sel et poivre\",\"sl\":\"assais.-plein-gout-pour-bagel-avec-herbes-club-house-31986\",\"sn\":\"\",\"idxP\":11},{\"mq\":\"Club House\",\"nm\":\"Assaisonnement fum\u00E9 au bois de pommier\",\"nme\":\"Smouldering smoked applewood seasoning\",\"attr\":\"\",\"sku\":\"31969\",\"l2\":\"\u00C9pice, sel et poivre\",\"sl\":\"assaisonnement-fume-au-bois-de-pommier-club-house-31969\",\"sn\":\"apples\",\"idxP\":13},{\"mq\":\"Club House\",\"nm\":\"Assaisonnement ail plus\",\"nme\":\"Garlic plus seasoning\",\"attr\":\"\",\"sku\":\"31923\",\"l2\":\"\u00C9pice, sel et poivre\",\"sl\":\"assaisonnement-ail-plus-club-house-31923\",\"sn\":\"\",\"idxP\":20},{\"mq\":\"Fleischmann\",\"nm\":\"Levure rapide x3un\",\"nme\":\"Quick Rise Yeast x3un\",\"attr\":\"\",\"sku\":\"35549\",\"l2\":\"Ingr\u00E9dient de p\u00E2tisserie\",\"sl\":\"levure-rapide-x3un-fleischmann-35549\",\"sn\":\"\",\"idxP\":82},{\"mq\":\"Hellmann's\",\"nm\":\"Mayonnaise \u00E9pic\u00E9e\",\"nme\":\"Spicy mayonnaise\",\"attr\":\"\",\"sku\":\"35853\",\"l2\":\"Condiment\",\"sl\":\"mayonnaise-epicee-hellmanns-35853\",\"sn\":\"mayonnaise\",\"idxP\":56},{\"mq\":\"Miss Vickie's\",\"nm\":\"Croustille jalapeno\",\"nme\":\"Jalapeo Chips\",\"attr\":\"\",\"sku\":\"09305\",\"l2\":\"Croustille et grignotine\",\"sl\":\"croustille-jalapeno-miss-vickies-09305\",\"sn\":\"croustille\",\"idxP\":12},{\"mq\":\"Decacer\",\"nm\":\"Sucre d'\u00E9rable pur\",\"nme\":\"Pure Maple Sugar\",\"attr\":\"\",\"sku\":\"34822\",\"l2\":\"Sucre\",\"sl\":\"sucre-derable-pur-decacer-34822\",\"sn\":\"\",\"idxP\":60},{\"mq\":\"Dora\",\"nm\":\"Sirop de table\",\"nme\":\"Table Syrup\",\"attr\":\"\",\"sku\":\"31848\",\"l2\":\"Confiture et tartinade\",\"sl\":\"sirop-de-table-dora-31848\",\"sn\":\"\",\"idxP\":33},{\"mq\":\"Old Dutch\",\"nm\":\"Croustilles barbecues\",\"nme\":\"Barbecue Chips\",\"attr\":\"\",\"sku\":\"35662\",\"l2\":\"Croustille et grignotine\",\"sl\":\"croustilles-barbecues-old-dutch-35662\",\"sn\":\"croustille, BBQ\",\"idxP\":55},{\"mq\":\"Rose Hill\",\"nm\":\"Coriandre enti\u00E8re\",\"nme\":\"Whole Coriander\",\"attr\":\"\",\"sku\":\"11860\",\"l2\":\"\u00C9pice, sel et poivre\",\"sl\":\"coriandre-entiere-rose-hill-11860\",\"sn\":\"\",\"idxP\":30},{\"mq\":\"Cheetos\",\"nm\":\"Grignotines au fromage Puff\",\"nme\":\"Puff Cheese Snacks\",\"attr\":\"\",\"sku\":\"36236\",\"l2\":\"Croustille et grignotine\",\"sl\":\"grignotines-au-fromage-puff-cheetos-36236\",\"sn\":\"fromages\",\"idxP\":51},{\"mq\":\"Exotic\",\"nm\":\"Gaufrettes au chocolat\",\"nme\":\"Chocolate wafers\",\"attr\":\"\",\"sku\":\"35191\",\"l2\":\"Bar laitier\",\"sl\":\"gaufrettes-au-chocolat-exotic-35191\",\"sn\":\"\",\"idxP\":40},{\"mq\":\"Quaker\",\"nm\":\"Barre tendre brisures de chocolat\",\"nme\":\"Chocolate Chips Chewy Bar\",\"attr\":\"\",\"sku\":\"35241\",\"l2\":\"C\u00E9r\u00E9ales et barre\",\"sl\":\"barre-tendre-brisures-de-chocolat-quaker-35241\",\"sn\":\"\",\"idxP\":100},{\"mq\":\"Quaker\",\"nm\":\"Barre tendre Smores\",\"nme\":\"Smores Chewy Bar\",\"attr\":\"\",\"sku\":\"36466\",\"l2\":\"C\u00E9r\u00E9ales et barre\",\"sl\":\"barre-tendre-smores-quaker-36466\",\"sn\":\"\",\"idxP\":49},{\"mq\":\"Amir\",\"nm\":\"Sauce \u00E0 l'ail\",\"nme\":\"Garlic sauce\",\"attr\":\"\",\"sku\":\"36862\",\"l2\":\"Sauce\",\"sl\":\"sauce-a-lail-amir-36862\",\"sn\":\"\",\"idxP\":77},{\"mq\":\"McLean\",\"nm\":\"Sirop caramel pour lait frapp\u00E9\",\"nme\":\"Caramel milkshake syrup\",\"attr\":\"\",\"sku\":\"36891\",\"l2\":\"Bar laitier\",\"sl\":\"sirop-caramel-pour-lait-frappe-mclean-36891\",\"sn\":\"\",\"idxP\":11},{\"mq\":\"Milagrosa\",\"nm\":\"Riz jasmin parfum\u00E9 20kg\",\"nme\":\"Parfumed Jasmin Rice\",\"attr\":\"\",\"sku\":\"38147\",\"l2\":\"Riz et grain\",\"sl\":\"riz-jasmin-parfume-20kg-milagrosa-38147\",\"sn\":\"\",\"idxP\":82},{\"mq\":\"Cheerios\",\"nm\":\"C\u00E9r\u00E9ales Cheerios miel et noix\",\"nme\":\"Honey Nut Cheerios Cereal\",\"attr\":\"\",\"sku\":\"37389\",\"l2\":\"C\u00E9r\u00E9ales et barre\",\"sl\":\"cereales-cheerios-miel-et-noix-cheerios-37389\",\"sn\":\"\",\"idxP\":38},{\"mq\":\"Quaker\",\"nm\":\"C\u00E9r\u00E9ales Captain Crunch\",\"nme\":\"Captain Crunch cereal\",\"attr\":\"\",\"sku\":\"37556\",\"l2\":\"C\u00E9r\u00E9ales et barre\",\"sl\":\"cereales-captain-crunch-quaker-37556\",\"sn\":\"\",\"idxP\":40},{\"mq\":\"Kellogg's\",\"nm\":\"C\u00E9r\u00E9ales Corn pops\",\"nme\":\"Corn pops cereal\",\"attr\":\"\",\"sku\":\"37275\",\"l2\":\"C\u00E9r\u00E9ales et barre\",\"sl\":\"cereales-corn-pops-kelloggs-37275\",\"sn\":\"\",\"idxP\":41},{\"mq\":\"Kellogg's\",\"nm\":\"C\u00E9r\u00E9ales Vector\",\"nme\":\"Vector cereal\",\"attr\":\"\",\"sku\":\"37216\",\"l2\":\"C\u00E9r\u00E9ales et barre\",\"sl\":\"cereales-vector-kelloggs-37216\",\"sn\":\"\",\"idxP\":61},{\"mq\":\"Mayrand CHEF\",\"nm\":\"Remplissage pour tarte aux cerises\",\"nme\":\"Cherry pie filling\",\"attr\":\"\",\"sku\":\"39396\",\"l2\":\"Ingr\u00E9dient de p\u00E2tisserie\",\"sl\":\"remplissage-pour-tarte-aux-cerises-mayrand-chef-39396\",\"sn\":\"\",\"idxP\":7},{\"mq\":\"Mayrand CHEF\",\"nm\":\"Remplissage pour tarte aux framboises\",\"nme\":\"Raspberry pie filling\",\"attr\":\"\",\"sku\":\"39483\",\"l2\":\"Ingr\u00E9dient de p\u00E2tisserie\",\"sl\":\"remplissage-pour-tarte-aux-framboises-mayrand-chef-39483\",\"sn\":\"framboises\",\"idxP\":6},{\"mq\":\"Mayrand CHEF\",\"nm\":\"Remplissage pour tarte aux raisins\",\"nme\":\"Raisin pie filling\",\"attr\":\"\",\"sku\":\"39475\",\"l2\":\"Ingr\u00E9dient de p\u00E2tisserie\",\"sl\":\"remplissage-pour-tarte-aux-raisins-mayrand-chef-39475\",\"sn\":\"raisins\",\"idxP\":10},{\"mq\":\"Belcolade\",\"nm\":\"Chocolat blanc 30% pistole\",\"nme\":\"White Chocolate 30% Pistole\",\"attr\":\"\",\"sku\":\"39484\",\"l2\":\"Ingr\u00E9dient de p\u00E2tisserie\",\"sl\":\"chocolat-blanc-30-pistole-belcolade-39484\",\"sn\":\"\",\"idxP\":13},{\"mq\":\"Mayrand CHEF\",\"nm\":\"Remplissage pour tarte au citron\",\"nme\":\"Lemon pie filling\",\"attr\":\"\",\"sku\":\"39369\",\"l2\":\"Ingr\u00E9dient de p\u00E2tisserie\",\"sl\":\"remplissage-pour-tarte-au-citron-mayrand-chef-39369\",\"sn\":\"citrons\",\"idxP\":9},{\"mq\":\"Que Pasa\",\"nm\":\"Croustilles biologiques sal\u00E9es\",\"nme\":\"Organic Salted Chips\",\"attr\":\"Biologique\",\"sku\":\"49509\",\"l2\":\"Croustille et grignotine\",\"sl\":\"croustilles-biologiques-salees-que-pasa-49509\",\"sn\":\"biologique, croustille, bio, organic, organique\",\"idxP\":100},{\"mq\":\"Que Pasa\",\"nm\":\"Croustilles biologiques non-sal\u00E9es\",\"nme\":\"Organic unsalted Chips\",\"attr\":\"\",\"sku\":\"49510\",\"l2\":\"Croustille et grignotine\",\"sl\":\"croustilles-biologiques-non-salees-que-pasa-49510\",\"sn\":\"biologique, croustille, bio, organic, organique\",\"idxP\":86},{\"mq\":\"Que Pasa\",\"nm\":\"Croustilles \u00E0 la lime\",\"nme\":\"Lime Tortillas Chips\",\"attr\":\"Biologique\",\"sku\":\"49523\",\"l2\":\"Croustille et grignotine\",\"sl\":\"croustilles-a-la-lime-que-pasa-49523\",\"sn\":\"biologique, croustille\",\"idxP\":87},{\"mq\":\"Que Pasa\",\"nm\":\"Croustilles biologiques 3 couleurs\",\"nme\":\"3 Colors Chips\",\"attr\":\"\",\"sku\":\"49516\",\"l2\":\"Croustille et grignotine\",\"sl\":\"croustilles-biologiques-3-couleurs-que-pasa-49516\",\"sn\":\"biologique, croustille, bio, organic, organique\",\"idxP\":96},{\"mq\":\"R.Fortin\",\"nm\":\"Oignon d\u00E9shydrat\u00E9\",\"nme\":\"Dried Onion\",\"attr\":\"\",\"sku\":\"31233\",\"l2\":\"Condiment\",\"sl\":\"oignon-deshydrate-r.fortin-31233\",\"sn\":\"onions, oignons\",\"idxP\":47},{\"mq\":\"Yum Yum\",\"nm\":\"Croustilles saveur bacon\",\"nme\":\"Bacon flavour chips\",\"attr\":\"\",\"sku\":\"40603\",\"l2\":\"Croustille et grignotine\",\"sl\":\"croustilles-saveur-bacon-yum-yum-40603\",\"sn\":\"croustille\",\"idxP\":48},{\"mq\":\"Rose Hill\",\"nm\":\"Ciboulette\",\"nme\":\"Chives\",\"attr\":\"\",\"sku\":\"34579\",\"l2\":\"\u00C9pice, sel et poivre\",\"sl\":\"ciboulette-rose-hill-34579\",\"sn\":\"\",\"idxP\":37},{\"mq\":\"Unico\",\"nm\":\"Thon p\u00E2le dans l'huile d'olive\",\"nme\":\"Light Tuna in Olive Oil\",\"attr\":\"\",\"sku\":\"40575\",\"l2\":\"Poisson et viande en conserve\",\"sl\":\"thon-pale-dans-lhuile-dolive-unico-40575\",\"sn\":\"\",\"idxP\":84},{\"mq\":\"Barilla\",\"nm\":\"P\u00E2tes spaghettini #3\",\"nme\":\"Spaghettini Pasta #3\",\"attr\":\"\",\"sku\":\"40649\",\"l2\":\"P\u00E2tes\",\"sl\":\"pates-spaghettini-3-barilla-40649\",\"sn\":\"\",\"idxP\":97},{\"mq\":\"Barilla\",\"nm\":\"P\u00E2tes farfalle #65\",\"nme\":\"Farfalle Pasta #65\",\"attr\":\"\",\"sku\":\"40654\",\"l2\":\"P\u00E2tes\",\"sl\":\"pates-farfalle-65-barilla-40654\",\"sn\":\"\",\"idxP\":95},{\"mq\":\"Barilla\",\"nm\":\"P\u00E2tes rigatoni #83\",\"nme\":\"Rigatoni Pasta #83\",\"attr\":\"\",\"sku\":\"40651\",\"l2\":\"P\u00E2tes\",\"sl\":\"pates-rigatoni-83-barilla-40651\",\"sn\":\"\",\"idxP\":89},{\"mq\":\"Barilla\",\"nm\":\"P\u00E2tes ditali #45\",\"nme\":\"Ditali Pasta #45\",\"attr\":\"\",\"sku\":\"40663\",\"l2\":\"P\u00E2tes\",\"sl\":\"pates-ditali-45-barilla-40663\",\"sn\":\"\",\"idxP\":84},{\"mq\":\"Barilla\",\"nm\":\"P\u00E2tes spaghetti #5\",\"nme\":\"Spaghetti Pasta #5\",\"attr\":\"\",\"sku\":\"40658\",\"l2\":\"P\u00E2tes\",\"sl\":\"pates-spaghetti-5-barilla-40658\",\"sn\":\"\",\"idxP\":100},{\"mq\":\"Barilla\",\"nm\":\"P\u00E2tes linguine #13\",\"nme\":\"Linguine Pasta #13\",\"attr\":\"\",\"sku\":\"40661\",\"l2\":\"P\u00E2tes\",\"sl\":\"pates-linguine-13-barilla-40661\",\"sn\":\"\",\"idxP\":83},{\"mq\":\"Barilla\",\"nm\":\"P\u00E2tes penne lisce #71\",\"nme\":\"Penne Lisce Pasta #71\",\"attr\":\"\",\"sku\":\"40653\",\"l2\":\"P\u00E2tes\",\"sl\":\"pates-penne-lisce-71-barilla-40653\",\"sn\":\"\",\"idxP\":79},{\"mq\":\"Barilla\",\"nm\":\"P\u00E2tes pennette rigate #369\",\"nme\":\"Pennette Rigate Pasta #369\",\"attr\":\"\",\"sku\":\"40659\",\"l2\":\"P\u00E2tes\",\"sl\":\"pates-pennette-rigate-369-barilla-40659\",\"sn\":\"\",\"idxP\":87},{\"mq\":\"Barilla\",\"nm\":\"P\u00E2tes rotini #81\",\"nme\":\"Rotini Pasta #81\",\"attr\":\"\",\"sku\":\"40650\",\"l2\":\"P\u00E2tes\",\"sl\":\"pates-rotini-81-barilla-40650\",\"sn\":\"\",\"idxP\":88},{\"mq\":\"Barilla\",\"nm\":\"P\u00E2tes capellini #1\",\"nme\":\"Capellini Pasta #1\",\"attr\":\"\",\"sku\":\"40656\",\"l2\":\"P\u00E2tes\",\"sl\":\"pates-capellini-1-barilla-40656\",\"sn\":\"\",\"idxP\":85},{\"mq\":\"Barilla\",\"nm\":\"P\u00E2tes linguine fini #11\",\"nme\":\"Linguine Fini Pasta #11\",\"attr\":\"\",\"sku\":\"40662\",\"l2\":\"P\u00E2tes\",\"sl\":\"pates-linguine-fini-11-barilla-40662\",\"sn\":\"\",\"idxP\":91},{\"mq\":\"Barilla\",\"nm\":\"P\u00E2tes fettuccine #6\",\"nme\":\"Fettuccine Pasta #6\",\"attr\":\"\",\"sku\":\"40664\",\"l2\":\"P\u00E2tes\",\"sl\":\"pates-fettuccine-6-barilla-40664\",\"sn\":\"\",\"idxP\":85},{\"mq\":\"Barilla\",\"nm\":\"P\u00E2tes macaroni coup\u00E9 #35\",\"nme\":\"Cut Macaroni Pasta #35\",\"attr\":\"\",\"sku\":\"40660\",\"l2\":\"P\u00E2tes\",\"sl\":\"pates-macaroni-coupe-35-barilla-40660\",\"sn\":\"\",\"idxP\":93},{\"mq\":\"Barilla\",\"nm\":\"P\u00E2tes spaghettoni #7\",\"nme\":\"Spaghettoni Pasta #7\",\"attr\":\"\",\"sku\":\"40657\",\"l2\":\"P\u00E2tes\",\"sl\":\"pates-spaghettoni-7-barilla-40657\",\"sn\":\"\",\"idxP\":95},{\"mq\":\"Barilla\",\"nm\":\"P\u00E2tes conchiglie #393\",\"nme\":\"Conchiglie Pasta393\",\"attr\":\"\",\"sku\":\"40655\",\"l2\":\"P\u00E2tes\",\"sl\":\"pates-conchiglie-393-barilla-40655\",\"sn\":\"\",\"idxP\":83},{\"mq\":\"Simply Protein\",\"nm\":\"Barre beurre d'arachide et chocolat\",\"nme\":\"Peanut Butter and Chocolate Bar\",\"attr\":\"\",\"sku\":\"41071\",\"l2\":\"C\u00E9r\u00E9ales et barre\",\"sl\":\"barre-beurre-darachide-et-chocolat-simply-protein-41071\",\"sn\":\"\",\"idxP\":14},{\"mq\":\"Marcellas\",\"nm\":\"Olives piquantes \u00E9pic\u00E9es \u00E0 la calabrese\",\"nme\":\"Hot spiced calabrese olives\",\"attr\":\"\",\"sku\":\"41008\",\"l2\":\"Marinade\",\"sl\":\"olives-piquantes-epicees-a-la-calabrese-marcellas-41008\",\"sn\":\"\",\"idxP\":56},{\"mq\":\"Adoro\",\"nm\":\"Biscuits au beurre\",\"nme\":\"Butter cookies\",\"attr\":\"\",\"sku\":\"41069\",\"l2\":\"Biscuit et craquelin\",\"sl\":\"biscuits-au-beurre-adoro-41069\",\"sn\":\"\",\"idxP\":51},{\"mq\":\"Hellmann's\",\"nm\":\"Mayonnaise vraie\",\"nme\":\"Real Mayonnaise\",\"attr\":\"\",\"sku\":\"41075\",\"l2\":\"Condiment\",\"sl\":\"mayonnaise-vraie-hellmanns-41075\",\"sn\":\"mayonnaise\",\"idxP\":96},{\"mq\":\"Miss Vickie's\",\"nm\":\"Croustilles recette originale\",\"nme\":\"Original Chips\",\"attr\":\"\",\"sku\":\"09307\",\"l2\":\"Croustille et grignotine\",\"sl\":\"croustilles-recette-originale-miss-vickies-09307\",\"sn\":\"croustille\",\"idxP\":31},{\"mq\":\"Pearl Mill\",\"nm\":\"M\u00E9lange \u00E0 cr\u00EApe original\",\"nme\":\"Original Pancake Mix\",\"attr\":\"\",\"sku\":\"10115\",\"l2\":\"Ingr\u00E9dient de p\u00E2tisserie\",\"sl\":\"melange-a-crepe-original-pearl-mill-10115\",\"sn\":\"\",\"idxP\":90},{\"mq\":\"La P\u00E2tissi\u00E8re\",\"nm\":\"Essence de vanille brune\",\"nme\":\"Brown Vanilla Extract\",\"attr\":\"\",\"sku\":\"41194\",\"l2\":\"Ingr\u00E9dient de p\u00E2tisserie\",\"sl\":\"essence-de-vanille-brune-la-patissiere-41194\",\"sn\":\"\",\"idxP\":87},{\"mq\":\"Embassy\",\"nm\":\"Colorant liquide rouge No\u00EBl\",\"nme\":\"Red Christmas Foodcolor Liquid\",\"attr\":\"\",\"sku\":\"12141\",\"l2\":\"Ingr\u00E9dient de p\u00E2tisserie\",\"sl\":\"colorant-liquide-rouge-noel-embassy-12141\",\"sn\":\"\",\"idxP\":27},{\"mq\":\"Embassy\",\"nm\":\"Essence \u00E0 caf\u00E9\",\"nme\":\"Coffee Extract\",\"attr\":\"\",\"sku\":\"10303\",\"l2\":\"Ingr\u00E9dient de p\u00E2tisserie\",\"sl\":\"essence-a-cafe-embassy-10303\",\"sn\":\"\",\"idxP\":12},{\"mq\":\"Twix\",\"nm\":\"Barre de chocolat Twix\",\"nme\":\"Twix chocolate bar\",\"attr\":\"\",\"sku\":\"31381\",\"l2\":\"Confiserie\",\"sl\":\"barre-de-chocolat-twix-twix-31381\",\"sn\":\"\",\"idxP\":11},{\"mq\":\"Embassy\",\"nm\":\"Essence d'amande\",\"nme\":\"Almond Extract\",\"attr\":\"\",\"sku\":\"10304\",\"l2\":\"Ingr\u00E9dient de p\u00E2tisserie\",\"sl\":\"essence-damande-embassy-10304\",\"sn\":\"amandes\",\"idxP\":19},{\"mq\":\"Reese\",\"nm\":\"Barre de chocolat Reese\",\"nme\":\"Reese chocolate bar\",\"attr\":\"\",\"sku\":\"08548\",\"l2\":\"Confiserie\",\"sl\":\"barre-de-chocolat-reese-reese-08548\",\"sn\":\"\",\"idxP\":35},{\"mq\":\"Embassy\",\"nm\":\"Emulsion amande\",\"nme\":\"Almond Emulsion\",\"attr\":\"\",\"sku\":\"09401\",\"l2\":\"Ingr\u00E9dient de p\u00E2tisserie\",\"sl\":\"emulsion-amande-embassy-09401\",\"sn\":\"amandes\",\"idxP\":10},{\"mq\":\"Mars\",\"nm\":\"Barre de chocolat Mars\",\"nme\":\"Mars chocolate bar\",\"attr\":\"\",\"sku\":\"32546\",\"l2\":\"Confiserie\",\"sl\":\"barre-de-chocolat-mars-mars-32546\",\"sn\":\"\",\"idxP\":25},{\"mq\":\"Zesta\",\"nm\":\"Biscuit soda sal\u00E9 sans noix en sachet\",\"nme\":\"Salted Crackers without nuts in a bag\",\"attr\":\"\",\"sku\":\"10549\",\"l2\":\"Biscuit et craquelin\",\"sl\":\"biscuit-soda-sale-sans-noix-en-sachet-zesta-10549\",\"sn\":\"liqueur, breuvage, softdrink, soft drink\",\"idxP\":17},{\"mq\":\"Crunchie\",\"nm\":\"Choco cadbury\",\"nme\":\"Chocolat cadbury\",\"attr\":\"\",\"sku\":\"11319\",\"l2\":\"Confiserie\",\"sl\":\"choco-cadbury-crunchie-11319\",\"sn\":\"\",\"idxP\":10},{\"mq\":\"Embassy\",\"nm\":\"Essence de rhum\",\"nme\":\"Rhum Extract\",\"attr\":\"\",\"sku\":\"10308\",\"l2\":\"Ingr\u00E9dient de p\u00E2tisserie\",\"sl\":\"essence-de-rhum-embassy-10308\",\"sn\":\"\",\"idxP\":18},{\"mq\":\"Nestl\u00E9\",\"nm\":\"Barre de chocolat Smarties\",\"nme\":\"Smarties chocolate bar\",\"attr\":\"\",\"sku\":\"35492\",\"l2\":\"Confiserie\",\"sl\":\"barre-de-chocolat-smarties-nestle-35492\",\"sn\":\"\",\"idxP\":30},{\"mq\":\"Barilla\",\"nm\":\"P\u00E2tes fettuccine #6\",\"nme\":\"Fettuccine #6 Pasta\",\"attr\":\"\",\"sku\":\"10139\",\"l2\":\"P\u00E2tes\",\"sl\":\"pates-fettuccine-6-barilla-10139\",\"sn\":\"\",\"idxP\":53},{\"mq\":\"Zesta\",\"nm\":\"Biscuit soda non sal\u00E9 en sachet\",\"nme\":\"Unalted Crackers  in a bag\",\"attr\":\"\",\"sku\":\"10562\",\"l2\":\"Biscuit et craquelin\",\"sl\":\"biscuit-soda-non-sale-en-sachet-zesta-10562\",\"sn\":\"liqueur, breuvage, softdrink, soft drink\",\"idxP\":8},{\"mq\":\"Barilla\",\"nm\":\"P\u00E2te capellini #1\",\"nme\":\"Capellini #1 Pasta\",\"attr\":\"\",\"sku\":\"13496\",\"l2\":\"P\u00E2tes\",\"sl\":\"pate-capellini-1-barilla-13496\",\"sn\":\"\",\"idxP\":39},{\"mq\":\"Bull's Eye\",\"nm\":\"Sauce barbecue originale\",\"nme\":\"Original BBQ Sauce\",\"attr\":\"\",\"sku\":\"47290\",\"l2\":\"Sauce\",\"sl\":\"sauce-barbecue-originale-bulls-eye-47290\",\"sn\":\"BBQ\",\"idxP\":42},{\"mq\":\"Campiello\",\"nm\":\"Biscuit coeur chocolat\",\"nme\":\"Heart Chocolate Cookie\",\"attr\":\"\",\"sku\":\"36184\",\"l2\":\"Biscuit et craquelin\",\"sl\":\"biscuit-coeur-chocolat-campiello-36184\",\"sn\":\"\",\"idxP\":9},{\"mq\":\"Allessia\",\"nm\":\"Filets d'anchois 560g\",\"nme\":\"Fillets of Anchovies 560g\",\"attr\":\"\",\"sku\":\"35618\",\"l2\":\"Poisson et viande en conserve\",\"sl\":\"filets-danchois-560g-allessia-35618\",\"sn\":\"\",\"idxP\":82},{\"mq\":\"Marcellas\",\"nm\":\"Olive kalamata\",\"nme\":\"Kalamata Olives\",\"attr\":\"\",\"sku\":\"10081\",\"l2\":\"Marinade\",\"sl\":\"olive-kalamata-marcellas-10081\",\"sn\":\"\",\"idxP\":33},{\"mq\":\"Pastene\",\"nm\":\"Olive noire enti\u00E8re m\u00FBre\",\"nme\":\"Whole Ripe Black Olive\",\"attr\":\"\",\"sku\":\"15987\",\"l2\":\"Marinade\",\"sl\":\"olive-noire-entiere-mure-pastene-15987\",\"sn\":\"\",\"idxP\":75},{\"mq\":\"Mutti\",\"nm\":\"Tomates concass\u00E9es en sac\",\"nme\":\"Chopped Tomatoes in Bag\",\"attr\":\"\",\"sku\":\"25329\",\"l2\":\"Tomate en conserve\",\"sl\":\"tomates-concassees-en-sac-mutti-25329\",\"sn\":\"tomates\",\"idxP\":27},{\"mq\":\"Mutti\",\"nm\":\"Coulis de tomates avec basilic\",\"nme\":\"Strained Tomatoes with Basil\",\"attr\":\"\",\"sku\":\"01179\",\"l2\":\"Tomate en conserve\",\"sl\":\"coulis-de-tomates-avec-basilic-mutti-01179\",\"sn\":\"tomates\",\"idxP\":100},{\"mq\":\"Mayrand CHEF\",\"nm\":\"Nouilles aux oeufs large\",\"nme\":\"Large egg noodles\",\"attr\":\"\",\"sku\":\"01189\",\"l2\":\"P\u00E2tes\",\"sl\":\"nouilles-aux-oeufs-large-mayrand-chef-01189\",\"sn\":\"oeufs\",\"idxP\":10},{\"mq\":\"Mayrand CHEF\",\"nm\":\"Nouilles aux oeufs moyenne\",\"nme\":\"Medium egg noodles\",\"attr\":\"\",\"sku\":\"01187\",\"l2\":\"P\u00E2tes\",\"sl\":\"nouilles-aux-oeufs-moyenne-mayrand-chef-01187\",\"sn\":\"oeufs\",\"idxP\":24},{\"mq\":\"Labont\u00E9\",\"nm\":\"Miel liquide ambr\u00E9 fonc\u00E9\",\"nme\":\"Dark Amber Liquid Honey\",\"attr\":\"\",\"sku\":\"48050\",\"l2\":\"Confiture et tartinade\",\"sl\":\"miel-liquide-ambre-fonce-labonte-48050\",\"sn\":\"\",\"idxP\":22},{\"mq\":\"Le veneziane\",\"nm\":\"P\u00E2tes macaroni sans gluten\",\"nme\":\"Gluten-free macaroni pasta\",\"attr\":\"Sans gluten\",\"sku\":\"01228\",\"l2\":\"P\u00E2tes\",\"sl\":\"pates-macaroni-sans-gluten-le-veneziane-01228\",\"sn\":\"\",\"idxP\":40},{\"mq\":\"Sun Med\",\"nm\":\"Abricots pel\u00E9s en moiti\u00E9\",\"nme\":\"Peeled Apricot Halves\",\"attr\":\"\",\"sku\":\"01245\",\"l2\":\"Fruit en conserve\",\"sl\":\"abricots-peles-en-moitie-sun-med-01245\",\"sn\":\"\",\"idxP\":44},{\"mq\":\"El Ma Mia\",\"nm\":\"\u00C9pice r\u00E9guli\u00E8re pour sauce \u00E0 spaghetti h16\",\"nme\":\"Spagehtti sauce Regular Spice h16\",\"attr\":\"\",\"sku\":\"17967\",\"l2\":\"\u00C9pice, sel et poivre\",\"sl\":\"epice-reguliere-pour-sauce-a-spaghetti-h16-el-ma-mia-17967\",\"sn\":\"\",\"idxP\":72},{\"mq\":\"Arden Mills\",\"nm\":\"Farine \u00E0 pizza dur\",\"nme\":\"Hard pizza flour\",\"attr\":\"\",\"sku\":\"01256\",\"l2\":\"Farine, semoule et chapelure\",\"sl\":\"farine-a-pizza-dur-arden-mills-01256\",\"sn\":\"\",\"idxP\":77},{\"mq\":\"Dare\",\"nm\":\"Craquelins Breton bouch\u00E9es original\",\"nme\":\"Breton original bites\",\"attr\":\"\",\"sku\":\"01371\",\"l2\":\"Biscuit et craquelin\",\"sl\":\"craquelins-breton-bouchees-original-dare-01371\",\"sn\":\"\",\"idxP\":38},{\"mq\":\"Mayrand CHEF\",\"nm\":\"M\u00E9lange pour sauce poutine\",\"nme\":\"Poutine Sauce Mix\",\"attr\":\"\",\"sku\":\"01396\",\"l2\":\"Sauce\",\"sl\":\"melange-pour-sauce-poutine-mayrand-chef-01396\",\"sn\":\"\",\"idxP\":27},{\"mq\":\"Grissol\",\"nm\":\"Croutons style restaurant ail et herbes\",\"nme\":\"Restaurant Style Croutons garlic and herbs\",\"attr\":\"\",\"sku\":\"01408\",\"l2\":\"Vinaigrette et Cro\u00FBton\",\"sl\":\"croutons-style-restaurant-ail-et-herbes-grissol-01408\",\"sn\":\"\",\"idxP\":48},{\"mq\":\"Post\",\"nm\":\"C\u00E9r\u00E9ales Shreddies\",\"nme\":\"Cereals Shreddies\",\"attr\":\"\",\"sku\":\"01336\",\"l2\":\"C\u00E9r\u00E9ales et barre\",\"sl\":\"cereales-shreddies-post-01336\",\"sn\":\"\",\"idxP\":41},{\"mq\":\"Dare\",\"nm\":\"Craquelins Grissol Toast melba nature\",\"nme\":\"Grissol Plain Melba Toast\",\"attr\":\"\",\"sku\":\"01375\",\"l2\":\"Biscuit et craquelin\",\"sl\":\"craquelins-grissol-toast-melba-nature-dare-01375\",\"sn\":\"\",\"idxP\":43},{\"mq\":\"Dare\",\"nm\":\"Craquelins Crisp l\u00E9gumes sel de mer\",\"nme\":\"Sea salt vegetable crackers\",\"attr\":\"\",\"sku\":\"01373\",\"l2\":\"Biscuit et craquelin\",\"sl\":\"craquelins-crisp-legumes-sel-de-mer-dare-01373\",\"sn\":\"\",\"idxP\":48},{\"mq\":\"Dare\",\"nm\":\"Biscuits Whippet original\",\"nme\":\"Whippet Original\",\"attr\":\"\",\"sku\":\"01378\",\"l2\":\"Biscuit et craquelin\",\"sl\":\"biscuits-whippet-original-dare-01378\",\"sn\":\"\",\"idxP\":34},{\"mq\":\"Mayrand CHEF\",\"nm\":\"M\u00E9lange pour sauce Barbecue\",\"nme\":\"Barbecue Sauce Mix\",\"attr\":\"\",\"sku\":\"01399\",\"l2\":\"Sauce\",\"sl\":\"melange-pour-sauce-barbecue-mayrand-chef-01399\",\"sn\":\"BBQ\",\"idxP\":9},{\"mq\":\"Dare\",\"nm\":\"Craquelins Breton bouch\u00E9es aux l\u00E9gumes\",\"nme\":\"Breton vegetable bites\",\"attr\":\"\",\"sku\":\"01372\",\"l2\":\"Biscuit et craquelin\",\"sl\":\"craquelins-breton-bouchees-aux-legumes-dare-01372\",\"sn\":\"\",\"idxP\":41},{\"mq\":\"Berthelet\",\"nm\":\"M\u00E9lange mousse instantan\u00E9e chocolat\",\"nme\":\"Chocolate Mousse instant Mix\",\"attr\":\"Produit local\",\"sku\":\"36207\",\"l2\":\"Ingr\u00E9dient de p\u00E2tisserie\",\"sl\":\"melange-mousse-instantanee-chocolat-berthelet-36207\",\"sn\":\"\",\"idxP\":34},{\"mq\":\"Dare\",\"nm\":\"Craquelins Crisp l\u00E9gumes ranch mordant\",\"nme\":\"Veggies crisps zesty ranch\",\"attr\":\"\",\"sku\":\"01374\",\"l2\":\"Biscuit et craquelin\",\"sl\":\"craquelins-crisp-legumes-ranch-mordant-dare-01374\",\"sn\":\"\",\"idxP\":58},{\"mq\":\"Grissol\",\"nm\":\"Croutons style restaurant c\u00E9sar\",\"nme\":\"Restaurant Style Croutons caesar\",\"attr\":\"\",\"sku\":\"01407\",\"l2\":\"Vinaigrette et Cro\u00FBton\",\"sl\":\"croutons-style-restaurant-cesar-grissol-01407\",\"sn\":\"\",\"idxP\":92},{\"mq\":\"Kellogg's\",\"nm\":\"Craquelins Cheez-it original\",\"nme\":\"Original Cheez-it Crackers\",\"attr\":\"\",\"sku\":\"01423\",\"l2\":\"Biscuit et craquelin\",\"sl\":\"craquelins-cheez-it-original-kelloggs-01423\",\"sn\":\"\",\"idxP\":26},{\"mq\":\"Mayrand CHEF\",\"nm\":\"M\u00E9lange pour sauce Demi Glace\",\"nme\":\"DemiGalce Sauce Mix\",\"attr\":\"\",\"sku\":\"01398\",\"l2\":\"Sauce\",\"sl\":\"melange-pour-sauce-demi-glace-mayrand-chef-01398\",\"sn\":\"\",\"idxP\":27},{\"mq\":\"Kellogg's\",\"nm\":\"Craquelins Cheez-it cheddar et ranch piquant\",\"nme\":\"Cheddar & Spicy Ranch Cheez-it Crackers\",\"attr\":\"\",\"sku\":\"01425\",\"l2\":\"Biscuit et craquelin\",\"sl\":\"craquelins-cheez-it-cheddar-et-ranch-piquant-kelloggs-01425\",\"sn\":\"\",\"idxP\":25},{\"mq\":\"Unico\",\"nm\":\"Riz Arborio\",\"nme\":\"Arborio Rice\",\"attr\":\"\",\"sku\":\"01503\",\"l2\":\"Riz et grain\",\"sl\":\"riz-arborio-unico-01503\",\"sn\":\"\",\"idxP\":100}], [{\"mq\":\"Cucina d'oro\",\"nm\":\"Olives vertes castelvetrano d\u00E9noyaut\u00E9es\",\"nme\":\"Green pitted olives castelvetrano\",\"attr\":\"\",\"sku\":\"01431\",\"l2\":\"Marinade\",\"sl\":\"olives-vertes-castelvetrano-denoyautees-cucina-doro-01431\",\"sn\":\"\",\"idxP\":44},{\"mq\":\"Grissol\",\"nm\":\"Croutons classique Herbes du jardin\",\"nme\":\"Restaurant Style Croutons caesar\",\"attr\":\"\",\"sku\":\"01628\",\"l2\":\"Vinaigrette et Cro\u00FBton\",\"sl\":\"croutons-classique-herbes-du-jardin-grissol-01628\",\"sn\":\"\",\"idxP\":52},{\"mq\":\"Les D\u00E9lices DL\",\"nm\":\"Biscotti bleuets et citron\",\"nme\":\"Blueberry and lemon biscotti\",\"attr\":\"\",\"sku\":\"01780\",\"l2\":\"Biscuit et craquelin\",\"sl\":\"biscotti-bleuets-et-citron-les-delices-dl-01780\",\"sn\":\"croustille, citrons\",\"idxP\":49},{\"mq\":\"McLean\",\"nm\":\"Sirop cerise pour barbotine\",\"nme\":\"Cherry Syrup Slush Base\",\"attr\":\"\",\"sku\":\"36012\",\"l2\":\"Bar laitier\",\"sl\":\"sirop-cerise-pour-barbotine-mclean-36012\",\"sn\":\"slush\",\"idxP\":19},{\"mq\":\"Allen's\",\"nm\":\"Vinaigre pour marinades\",\"nme\":\"Vinegar for marinades\",\"attr\":\"\",\"sku\":\"01830\",\"l2\":\"Huile et vinaigre\",\"sl\":\"vinaigre-pour-marinades-allens-01830\",\"sn\":\"\",\"idxP\":90},{\"mq\":\"Valentino\",\"nm\":\"Panettone chocolat et cerise\",\"nme\":\"Chocolate and cherry panettone\",\"attr\":\"\",\"sku\":\"01844\",\"l2\":\"Panettone\",\"sl\":\"panettone-chocolat-et-cerise-valentino-01844\",\"sn\":\"\",\"idxP\":16},{\"mq\":\"Gallo\",\"nm\":\"Huile d'olive extra vierge\",\"nme\":\"Extra Virgin Olive Oil\",\"attr\":\"\",\"sku\":\"33041\",\"l2\":\"Huile et vinaigre\",\"sl\":\"huile-dolive-extra-vierge-gallo-33041\",\"sn\":\"\",\"idxP\":100},{\"mq\":\"Valentino\",\"nm\":\"Panettone chocolat noir et poire\",\"nme\":\"Dark chocolate and pear panettone\",\"attr\":\"\",\"sku\":\"01843\",\"l2\":\"Panettone\",\"sl\":\"panettone-chocolat-noir-et-poire-valentino-01843\",\"sn\":\"poires\",\"idxP\":20},{\"mq\":\"Agrofusion\",\"nm\":\"Haricots tortue noirs\",\"nme\":\"Black Turtle Beans\",\"attr\":\"\",\"sku\":\"01875\",\"l2\":\"Riz et grain\",\"sl\":\"haricots-tortue-noirs-agrofusion-01875\",\"sn\":\"\",\"idxP\":18},{\"mq\":\"Econo\",\"nm\":\"M\u00E9lange \u00E0 soupe macaroni & l\u00E9gumes\",\"nme\":\"Vegetables & Macaroni Soup Mix\",\"attr\":\"\",\"sku\":\"21250\",\"l2\":\"Soupe et bouillon\",\"sl\":\"melange-a-soupe-macaroni-legumes-econo-21250\",\"sn\":\"\",\"idxP\":23},{\"mq\":\"Econo\",\"nm\":\"M\u00E9lange \u00E0 soupe nouillettes & l\u00E9gumes\",\"nme\":\"Small Noodles & Vegetables Soup Mix\",\"attr\":\"\",\"sku\":\"21222\",\"l2\":\"Soupe et bouillon\",\"sl\":\"melange-a-soupe-nouillettes-legumes-econo-21222\",\"sn\":\"\",\"idxP\":31},{\"mq\":\"Econo\",\"nm\":\"M\u00E9lange \u00E0 soupe aux l\u00E9gumes\",\"nme\":\"Vegetables Soup Mix\",\"attr\":\"\",\"sku\":\"21223\",\"l2\":\"Soupe et bouillon\",\"sl\":\"melange-a-soupe-aux-legumes-econo-21223\",\"sn\":\"\",\"idxP\":64},{\"mq\":\"Econo\",\"nm\":\"M\u00E9lange \u00E0 soupe minestrone\",\"nme\":\"Minestrone Soup Mix\",\"attr\":\"\",\"sku\":\"29138\",\"l2\":\"Soupe et bouillon\",\"sl\":\"melange-a-soupe-minestrone-econo-29138\",\"sn\":\"\",\"idxP\":36},{\"mq\":\"Unico\",\"nm\":\"Peperoncini\",\"nme\":\"Peperoncini\",\"attr\":\"\",\"sku\":\"01989\",\"l2\":\"Marinade\",\"sl\":\"peperoncini-unico-01989\",\"sn\":\"\",\"idxP\":64},{\"mq\":\"Lantic\",\"nm\":\"Sucre \u00E0 glacer\",\"nme\":\"Icing Sugar\",\"attr\":\"\",\"sku\":\"02070\",\"l2\":\"Sucre\",\"sl\":\"sucre-a-glacer-lantic-02070\",\"sn\":\"\",\"idxP\":100},{\"mq\":\"Bovril\",\"nm\":\"Concentr\u00E9 de bouillon de poulet\",\"nme\":\"Chicken Concentrate\",\"attr\":\"\",\"sku\":\"25160\",\"l2\":\"Soupe et bouillon\",\"sl\":\"concentre-de-bouillon-de-poulet-bovril-25160\",\"sn\":\"\",\"idxP\":27},{\"mq\":\"Lantic\",\"nm\":\"Sucre blanc\",\"nme\":\"White sugar\",\"attr\":\"\",\"sku\":\"04816\",\"l2\":\"Sucre\",\"sl\":\"sucre-blanc-lantic-04816\",\"sn\":\"\",\"idxP\":100},{\"mq\":\"Knorr\",\"nm\":\"Moutarde de dijon\",\"nme\":\"Dijon Mustard\",\"attr\":\"\",\"sku\":\"26616\",\"l2\":\"Condiment\",\"sl\":\"moutarde-de-dijon-knorr-26616\",\"sn\":\"\",\"idxP\":51},{\"mq\":\"Voortman\",\"nm\":\"Biscuits des f\u00EAtes pain d'\u00E9pices\",\"nme\":\"Holiday Gingerbread Cookies\",\"attr\":\"\",\"sku\":\"02119\",\"l2\":\"Biscuit et craquelin\",\"sl\":\"biscuits-des-fetes-pain-depices-voortman-02119\",\"sn\":\"\",\"idxP\":0},{\"mq\":\"Lantic\",\"nm\":\"Sucre granul\u00E9\",\"nme\":\"Granulated sugar\",\"attr\":\"\",\"sku\":\"04814\",\"l2\":\"Sucre\",\"sl\":\"sucre-granule-lantic-04814\",\"sn\":\"\",\"idxP\":100},{\"mq\":\"Kellogg's\",\"nm\":\"C\u00E9r\u00E9ales Rice Krispies\",\"nme\":\"Rice Krispies\",\"attr\":\"\",\"sku\":\"02144\",\"l2\":\"C\u00E9r\u00E9ales et barre\",\"sl\":\"cereales-rice-krispies-kelloggs-02144\",\"sn\":\"\",\"idxP\":72},{\"mq\":\"Voortman\",\"nm\":\"Biscuits g\u00E2terie des f\u00EAtes\",\"nme\":\"Holiday treats Cookie\",\"attr\":\"\",\"sku\":\"02117\",\"l2\":\"Biscuit et craquelin\",\"sl\":\"biscuits-gaterie-des-fetes-voortman-02117\",\"sn\":\"\",\"idxP\":0},{\"mq\":\"Old Bay\",\"nm\":\"Assaisonnement old bay\",\"nme\":\"Old Bay Seasoning\",\"attr\":\"\",\"sku\":\"34950\",\"l2\":\"\u00C9pice, sel et poivre\",\"sl\":\"assaisonnement-old-bay-old-bay-34950\",\"sn\":\"\",\"idxP\":46},{\"mq\":\"Kellogg's\",\"nm\":\"C\u00E9r\u00E9ales Mini wheats blanc\",\"nme\":\"White mini wheats\",\"attr\":\"\",\"sku\":\"02138\",\"l2\":\"C\u00E9r\u00E9ales et barre\",\"sl\":\"cereales-mini-wheats-blanc-kelloggs-02138\",\"sn\":\"\",\"idxP\":37},{\"mq\":\"Dare\",\"nm\":\"Craquelins Vinta collation\",\"nme\":\"Vinta Snacks Crackers\",\"attr\":\"\",\"sku\":\"35648\",\"l2\":\"Biscuit et craquelin\",\"sl\":\"craquelins-vinta-collation-dare-35648\",\"sn\":\"\",\"idxP\":61},{\"mq\":\"Kellogg's\",\"nm\":\"C\u00E9r\u00E9ales Corn Flakes\",\"nme\":\"Corn Flakes\",\"attr\":\"\",\"sku\":\"02143\",\"l2\":\"C\u00E9r\u00E9ales et barre\",\"sl\":\"cereales-corn-flakes-kelloggs-02143\",\"sn\":\"\",\"idxP\":58},{\"mq\":\"Elephant\",\"nm\":\"Riz basmati Elephant\",\"nme\":\"Basmati Rice Elephant\",\"attr\":\"\",\"sku\":\"02195\",\"l2\":\"Riz et grain\",\"sl\":\"riz-basmati-elephant-elephant-02195\",\"sn\":\"\",\"idxP\":87},{\"mq\":\"Hellmann's\",\"nm\":\"Mayonnaise v\u00E9g\u00E9tale\",\"nme\":\"Vegan Mayonnaise\",\"attr\":\"\",\"sku\":\"02236\",\"l2\":\"Condiment\",\"sl\":\"mayonnaise-vegetale-hellmanns-02236\",\"sn\":\"mayonnaise, v\u00E9g\u00E9talien\",\"idxP\":38},{\"mq\":\"Valentino\",\"nm\":\"Nougat mou amande et pistache\",\"nme\":\"Pistachio and Almond Soft Nougat\",\"attr\":\"\",\"sku\":\"08102\",\"l2\":\"Confiserie\",\"sl\":\"nougat-mou-amande-et-pistache-valentino-08102\",\"sn\":\"amandes\",\"idxP\":57},{\"mq\":\"Properzi\",\"nm\":\"Nougat tendre aux amandes\",\"nme\":\"Almonds Soft Torrone\",\"attr\":\"\",\"sku\":\"36069\",\"l2\":\"Confiserie\",\"sl\":\"nougat-tendre-aux-amandes-properzi-36069\",\"sn\":\"amandes\",\"idxP\":84},{\"mq\":\"Valentino\",\"nm\":\"Nougat mou amande et citron\",\"nme\":\"Lemon and Almond Soft Nougat\",\"attr\":\"\",\"sku\":\"08104\",\"l2\":\"Confiserie\",\"sl\":\"nougat-mou-amande-et-citron-valentino-08104\",\"sn\":\"amandes, citrons\",\"idxP\":58},{\"mq\":\"Valentino\",\"nm\":\"Nougat amande classico\",\"nme\":\"Almond Classico Nougat\",\"attr\":\"\",\"sku\":\"08105\",\"l2\":\"Confiserie\",\"sl\":\"nougat-amande-classico-valentino-08105\",\"sn\":\"amandes\",\"idxP\":75},{\"mq\":\"Valentino\",\"nm\":\"Panettone p\u00E9pites de chocolat\",\"nme\":\"Chocolate Chips Panettone\",\"attr\":\"\",\"sku\":\"34003\",\"l2\":\"Panettone\",\"sl\":\"panettone-pepites-de-chocolat-valentino-34003\",\"sn\":\"croustille\",\"idxP\":47},{\"mq\":\"Valentino\",\"nm\":\"Panettone au beurre et fruits confits\",\"nme\":\"Candied Fruit Butter Panettone\",\"attr\":\"\",\"sku\":\"40348\",\"l2\":\"Panettone\",\"sl\":\"panettone-au-beurre-et-fruits-confits-valentino-40348\",\"sn\":\"\",\"idxP\":66},{\"mq\":\"Agrofusion\",\"nm\":\"Prot\u00E9ine v\u00E9g\u00E9tale textur\u00E9e\",\"nme\":\"Textured Vegetable Protein\",\"attr\":\"\",\"sku\":\"02238\",\"l2\":\"Riz et grain\",\"sl\":\"proteine-vegetale-texturee-agrofusion-02238\",\"sn\":\"v\u00E9g\u00E9talien\",\"idxP\":86},{\"mq\":\"Aurora\",\"nm\":\"Risotto au safran\",\"nme\":\"Safron risotte\",\"attr\":\"\",\"sku\":\"02287\",\"l2\":\"Riz et grain\",\"sl\":\"risotto-au-safran-aurora-02287\",\"sn\":\"\",\"idxP\":45},{\"mq\":\"Aurora\",\"nm\":\"Risotto aux champignons porcini\",\"nme\":\"Porcini Risotto\",\"attr\":\"\",\"sku\":\"02288\",\"l2\":\"Riz et grain\",\"sl\":\"risotto-aux-champignons-porcini-aurora-02288\",\"sn\":\"\",\"idxP\":30},{\"mq\":\"Fourmi Bionique\",\"nm\":\"C\u00E9r\u00E9ales grand granola Euphoria\",\"nme\":\"Euphoria grand granola cereal\",\"attr\":\"\",\"sku\":\"32751\",\"l2\":\"C\u00E9r\u00E9ales et barre\",\"sl\":\"cereales-grand-granola-euphoria-fourmi-bionique-32751\",\"sn\":\"\",\"idxP\":19},{\"mq\":\"Fourmi Bionique\",\"nm\":\"C\u00E9r\u00E9ales grand granola Vitalit\u00E9\",\"nme\":\"Vitality Granola Cereal\",\"attr\":\"\",\"sku\":\"06752\",\"l2\":\"C\u00E9r\u00E9ales et barre\",\"sl\":\"cereales-grand-granola-vitalite-fourmi-bionique-06752\",\"sn\":\"\",\"idxP\":21},{\"mq\":\"Unico\",\"nm\":\"Peperoncini\",\"nme\":\"Peperoncini\",\"attr\":\"\",\"sku\":\"02320\",\"l2\":\"Marinade\",\"sl\":\"peperoncini-unico-02320\",\"sn\":\"piments\",\"idxP\":41},{\"mq\":\"Taormina\",\"nm\":\"Huile d'olive extra vierge\",\"nme\":\"Extra Virgin Olive Oil\",\"attr\":\"\",\"sku\":\"38967\",\"l2\":\"Huile et vinaigre\",\"sl\":\"huile-dolive-extra-vierge-taormina-38967\",\"sn\":\"\",\"idxP\":34},{\"mq\":\"Lee Kum Kee\",\"nm\":\"Sauce panda aromatis\u00E9e aux hu\u00EEtres\",\"nme\":\"Panda Oyster Sauce\",\"attr\":\"\",\"sku\":\"02402\",\"l2\":\"Condiment\",\"sl\":\"sauce-panda-aromatisee-aux-huitres-lee-kum-kee-02402\",\"sn\":\"\",\"idxP\":39},{\"mq\":\"Lesters\",\"nm\":\"Assaisonnement \u00E9pices \u00E0 steak\",\"nme\":\"Steak Spice seasoning\",\"attr\":\"\",\"sku\":\"02409\",\"l2\":\"\u00C9pice, sel et poivre\",\"sl\":\"assaisonnement-epices-a-steak-lesters-02409\",\"sn\":\"steak\",\"idxP\":67},{\"mq\":\"Lesters\",\"nm\":\"Assaisonnement secret du chef\",\"nme\":\"Chef secret seasoning seasoning\",\"attr\":\"\",\"sku\":\"02410\",\"l2\":\"\u00C9pice, sel et poivre\",\"sl\":\"assaisonnement-secret-du-chef-lesters-02410\",\"sn\":\"\",\"idxP\":79},{\"mq\":\"Siljans\",\"nm\":\"Croustade mini coquille \u00E0 remplir\",\"nme\":\"Mini Shell Crispy\",\"attr\":\"\",\"sku\":\"02423\",\"l2\":\"Biscuit et craquelin\",\"sl\":\"croustade-mini-coquille-a-remplir-siljans-02423\",\"sn\":\"\",\"idxP\":83},{\"mq\":\"Fourmi Bionique\",\"nm\":\"C\u00E9r\u00E9ales grand granola Aphrodisia\",\"nme\":\"Aphrodisia grand granola cereal\",\"attr\":\"\",\"sku\":\"02428\",\"l2\":\"C\u00E9r\u00E9ales et barre\",\"sl\":\"cereales-grand-granola-aphrodisia-fourmi-bionique-02428\",\"sn\":\"\",\"idxP\":31},{\"mq\":\"Fourmi Bionique\",\"nm\":\"C\u00E9r\u00E9ales grand granola Divine\",\"nme\":\"Divine grand granola cereal\",\"attr\":\"\",\"sku\":\"02435\",\"l2\":\"C\u00E9r\u00E9ales et barre\",\"sl\":\"cereales-grand-granola-divine-fourmi-bionique-02435\",\"sn\":\"\",\"idxP\":35},{\"mq\":\"Arctic Gardens\",\"nm\":\"Carottes en cubes\",\"nme\":\"Diced Carrot\",\"attr\":\"\",\"sku\":\"02475\",\"l2\":\"L\u00E9gume en conserve\",\"sl\":\"carottes-en-cubes-arctic-gardens-02475\",\"sn\":\"carottes\",\"idxP\":43},{\"mq\":\"Arctic Gardens\",\"nm\":\"Betteraves en cubes\",\"nme\":\"Diced Beets\",\"attr\":\"\",\"sku\":\"02473\",\"l2\":\"L\u00E9gume en conserve\",\"sl\":\"betteraves-en-cubes-arctic-gardens-02473\",\"sn\":\"\",\"idxP\":77},{\"mq\":\"Ewald\",\"nm\":\"G\u00E9latine en feuille\",\"nme\":\"Gelatine sheet\",\"attr\":\"\",\"sku\":\"31285\",\"l2\":\"Fruit en conserve\",\"sl\":\"gelatine-en-feuille-ewald-31285\",\"sn\":\"\",\"idxP\":48},{\"mq\":\"Arctic Gardens\",\"nm\":\"F\u00E8ves au lard \u00E0 la m\u00E9lasse\",\"nme\":\"Old Fashion Bakez Pork Bean\",\"attr\":\"\",\"sku\":\"02479\",\"l2\":\"L\u00E9gume en conserve\",\"sl\":\"feves-au-lard-a-la-melasse-arctic-gardens-02479\",\"sn\":\"\",\"idxP\":70},{\"mq\":\"Arctic Gardens\",\"nm\":\"Mac\u00E9doine\",\"nme\":\"Vegetable Mix\",\"attr\":\"\",\"sku\":\"02485\",\"l2\":\"L\u00E9gume en conserve\",\"sl\":\"macedoine-arctic-gardens-02485\",\"sn\":\"\",\"idxP\":52},{\"mq\":\"Arctic Gardens\",\"nm\":\"Pois et carottes\",\"nme\":\"Peas and Carrot Cube\",\"attr\":\"\",\"sku\":\"02486\",\"l2\":\"L\u00E9gume en conserve\",\"sl\":\"pois-et-carottes-arctic-gardens-02486\",\"sn\":\"carottes\",\"idxP\":55},{\"mq\":\"Arctic Gardens\",\"nm\":\"Ma\u00EFs \u00E0 grains entiers conserv\u00E9 sous vide\",\"nme\":\"Vacuum Packed Whole Kernel Corn\",\"attr\":\"\",\"sku\":\"02477\",\"l2\":\"L\u00E9gume en conserve\",\"sl\":\"mais-a-grains-entiers-conserve-sous-vide-arctic-gardens-02477\",\"sn\":\"\",\"idxP\":100},{\"mq\":\"Arctic Gardens\",\"nm\":\"Haricots rouges fonc\u00E9\",\"nme\":\"Red Kidney Bean\",\"attr\":\"\",\"sku\":\"02482\",\"l2\":\"L\u00E9gume en conserve\",\"sl\":\"haricots-rouges-fonce-arctic-gardens-02482\",\"sn\":\"\",\"idxP\":100},{\"mq\":\"Arctic Gardens\",\"nm\":\"Ma\u00EFs en cr\u00E8me\",\"nme\":\"Cream Style Corn\",\"attr\":\"\",\"sku\":\"02484\",\"l2\":\"L\u00E9gume en conserve\",\"sl\":\"mais-en-creme-arctic-gardens-02484\",\"sn\":\"\",\"idxP\":100},{\"mq\":\"Arctic Gardens\",\"nm\":\"Pois vert assortis\",\"nme\":\"Assorted Green Peas\",\"attr\":\"\",\"sku\":\"02487\",\"l2\":\"L\u00E9gume en conserve\",\"sl\":\"pois-vert-assortis-arctic-gardens-02487\",\"sn\":\"\",\"idxP\":60},{\"mq\":\"Stokely\",\"nm\":\"Pois assortis\",\"nme\":\"Assorted Peas\",\"attr\":\"\",\"sku\":\"02496\",\"l2\":\"L\u00E9gume en conserve\",\"sl\":\"pois-assortis-stokely-02496\",\"sn\":\"\",\"idxP\":96},{\"mq\":\"Fourmi Bionique\",\"nm\":\"C\u00E9r\u00E9ales grand granola Tonik\",\"nme\":\"Tonik grand granola cereals\",\"attr\":\"\",\"sku\":\"02437\",\"l2\":\"C\u00E9r\u00E9ales et barre\",\"sl\":\"cereales-grand-granola-tonik-fourmi-bionique-02437\",\"sn\":\"\",\"idxP\":29},{\"mq\":\"Arctic Gardens\",\"nm\":\"Pois chiches\",\"nme\":\"Chick Peas\",\"attr\":\"\",\"sku\":\"02488\",\"l2\":\"L\u00E9gume en conserve\",\"sl\":\"pois-chiches-arctic-gardens-02488\",\"sn\":\"\",\"idxP\":90},{\"mq\":\"Dare\",\"nm\":\"Craquelins Breton l\u00E9gumes du jardin\",\"nme\":\"Garden Vegetable Breton Crackers\",\"attr\":\"\",\"sku\":\"02562\",\"l2\":\"Biscuit et craquelin\",\"sl\":\"craquelins-breton-legumes-du-jardin-dare-02562\",\"sn\":\"\",\"idxP\":55},{\"mq\":\"Dare\",\"nm\":\"Biscuits collation noix de coco\",\"nme\":\"Coconut Cookies\",\"attr\":\"\",\"sku\":\"02559\",\"l2\":\"Biscuit et craquelin\",\"sl\":\"biscuits-collation-noix-de-coco-dare-02559\",\"sn\":\"\",\"idxP\":59},{\"mq\":\"Dare\",\"nm\":\"Biscuits collation farine d'avoine\",\"nme\":\"Oatmeal Cookies\",\"attr\":\"\",\"sku\":\"02560\",\"l2\":\"Biscuit et craquelin\",\"sl\":\"biscuits-collation-farine-davoine-dare-02560\",\"sn\":\"\",\"idxP\":-116},{\"mq\":\"Dare\",\"nm\":\"Craquelins Vinta original\",\"nme\":\"Original Vinta Crackers\",\"attr\":\"\",\"sku\":\"02565\",\"l2\":\"Biscuit et craquelin\",\"sl\":\"craquelins-vinta-original-dare-02565\",\"sn\":\"\",\"idxP\":71},{\"mq\":\"Dare\",\"nm\":\"Craquelins Breton original\",\"nme\":\"Original Breton Crackers\",\"attr\":\"\",\"sku\":\"02561\",\"l2\":\"Biscuit et craquelin\",\"sl\":\"craquelins-breton-original-dare-02561\",\"sn\":\"\",\"idxP\":57},{\"mq\":\"Dare\",\"nm\":\"Biscuits collation p\u00E9pites de chocolat\",\"nme\":\"Chocolate Chip Cookies\",\"attr\":\"\",\"sku\":\"02558\",\"l2\":\"Biscuit et craquelin\",\"sl\":\"biscuits-collation-pepites-de-chocolat-dare-02558\",\"sn\":\"\",\"idxP\":40},{\"mq\":\"El Ma Mia\",\"nm\":\"\u00C9pice r\u00E9guli\u00E8re forte pour spaghetti h14\",\"nme\":\"Strong Spaghetti Spice h14\",\"attr\":\"\",\"sku\":\"17973\",\"l2\":\"\u00C9pice, sel et poivre\",\"sl\":\"epice-reguliere-forte-pour-spaghetti-h14-el-ma-mia-17973\",\"sn\":\"\",\"idxP\":16},{\"mq\":\"Allen's\",\"nm\":\"Vinaigre de vin rouge\",\"nme\":\"Red wine Vinegar\",\"attr\":\"\",\"sku\":\"02577\",\"l2\":\"Huile et vinaigre\",\"sl\":\"vinaigre-de-vin-rouge-allens-02577\",\"sn\":\"\",\"idxP\":27},{\"mq\":\"Dare\",\"nm\":\"Biscuits tradition village\",\"nme\":\"Tradition village cookies\",\"attr\":\"\",\"sku\":\"35326\",\"l2\":\"Biscuit et craquelin\",\"sl\":\"biscuits-tradition-village-dare-35326\",\"sn\":\"\",\"idxP\":52},{\"mq\":\"Dare\",\"nm\":\"Craquelins Grissol canap\u00E9 nature\",\"nme\":\"Grissol Plain Canape Crackers\",\"attr\":\"\",\"sku\":\"00824\",\"l2\":\"Biscuit et craquelin\",\"sl\":\"craquelins-grissol-canape-nature-dare-00824\",\"sn\":\"\",\"idxP\":48},{\"mq\":\"Berthelet\",\"nm\":\"Safran Am\u00E9ricain\",\"nme\":\"American Safran\",\"attr\":\"Produit local\",\"sku\":\"10665\",\"l2\":\"\u00C9pice, sel et poivre\",\"sl\":\"safran-americain-berthelet-10665\",\"sn\":\"\",\"idxP\":27},{\"mq\":\"Farkay\",\"nm\":\"Nouilles chow mein\",\"nme\":\"Chow Mein Noodles\",\"attr\":\"\",\"sku\":\"30247\",\"l2\":\"P\u00E2tes\",\"sl\":\"nouilles-chow-mein-farkay-30247\",\"sn\":\"\",\"idxP\":32},{\"mq\":\"Bakemark\",\"nm\":\"Glucose sucre liquide\",\"nme\":\"Liquid sugar glucose\",\"attr\":\"\",\"sku\":\"33325\",\"l2\":\"Sucre\",\"sl\":\"glucose-sucre-liquide-bakemark-33325\",\"sn\":\"\",\"idxP\":18},{\"mq\":\"Berthelet\",\"nm\":\"M\u00E9lange pour sauce \u00E0 poutine\",\"nme\":\"Poutine Sauce Mix\",\"attr\":\"Produit local\",\"sku\":\"35867\",\"l2\":\"Sauce\",\"sl\":\"melange-pour-sauce-a-poutine-berthelet-35867\",\"sn\":\"\",\"idxP\":38},{\"mq\":\"Dare\",\"nm\":\"Biscuits Maxi fruits aux fraises\",\"nme\":\"Maxi fruits Strawberry\",\"attr\":\"\",\"sku\":\"46020\",\"l2\":\"Biscuit et craquelin\",\"sl\":\"biscuits-maxi-fruits-aux-fraises-dare-46020\",\"sn\":\"fraises\",\"idxP\":26},{\"mq\":\"Kraft\",\"nm\":\"Confiture de framboises en portion\",\"nme\":\"Jam raspberry\",\"attr\":\"\",\"sku\":\"00903\",\"l2\":\"Confiture et tartinade\",\"sl\":\"confiture-de-framboises-en-portion-kraft-00903\",\"sn\":\"framboises\",\"idxP\":14},{\"mq\":\"Farkay\",\"nm\":\"Nouille frite \u00E0 la vapeur\",\"nme\":\"Steamed fried noodle\",\"attr\":\"\",\"sku\":\"30259\",\"l2\":\"P\u00E2tes\",\"sl\":\"nouille-frite-a-la-vapeur-farkay-30259\",\"sn\":\"\",\"idxP\":25},{\"mq\":\"Berthelet\",\"nm\":\"M\u00E9lange pour sauce B\u00E9chamel\",\"nme\":\"Mix for Bechamel sauce\",\"attr\":\"Produit local\",\"sku\":\"00653\",\"l2\":\"Sauce\",\"sl\":\"melange-pour-sauce-bechamel-berthelet-00653\",\"sn\":\"\",\"idxP\":26},{\"mq\":\"Campbell\",\"nm\":\"Soupe aux l\u00E9gumes\",\"nme\":\"Vegetable Soup\",\"attr\":\"\",\"sku\":\"29303\",\"l2\":\"Soupe et bouillon\",\"sl\":\"soupe-aux-legumes-campbell-29303\",\"sn\":\"\",\"idxP\":52},{\"mq\":\"Quaker\",\"nm\":\"C\u00E9r\u00E9ales Croque nature\",\"nme\":\"Cereal Harvest Crunch\",\"attr\":\"\",\"sku\":\"30906\",\"l2\":\"C\u00E9r\u00E9ales et barre\",\"sl\":\"cereales-croque-nature-quaker-30906\",\"sn\":\"\",\"idxP\":71},{\"mq\":\"Dare\",\"nm\":\"Biscuits pattes d'ours \u00E0 la m\u00E9lasse\",\"nme\":\"Bear Paws Molasses\",\"attr\":\"\",\"sku\":\"34884\",\"l2\":\"Biscuit et craquelin\",\"sl\":\"biscuits-pattes-dours-a-la-melasse-dare-34884\",\"sn\":\"\",\"idxP\":40},{\"mq\":\"Berthelet\",\"nm\":\"Base de soupe au poulet\",\"nme\":\"Chicken Soup Base\",\"attr\":\"Produit local\",\"sku\":\"48649\",\"l2\":\"Soupe et bouillon\",\"sl\":\"base-de-soupe-au-poulet-berthelet-48649\",\"sn\":\"\",\"idxP\":15},{\"mq\":\"Kimphat\",\"nm\":\"Nouilles chow mein 3 minutes\",\"nme\":\"Chow Mein 3 minutes Noodles\",\"attr\":\"\",\"sku\":\"27735\",\"l2\":\"P\u00E2tes\",\"sl\":\"nouilles-chow-mein-3-minutes-kimphat-27735\",\"sn\":\"\",\"idxP\":91},{\"mq\":\"Golden dragon\",\"nm\":\"Sauce teriyaki \u00E9paisse\",\"nme\":\"Thick teriyaki sauce\",\"attr\":\"\",\"sku\":\"30428\",\"l2\":\"Sauce\",\"sl\":\"sauce-teriyaki-epaisse-golden-dragon-30428\",\"sn\":\"\",\"idxP\":64},{\"mq\":\"Club House\",\"nm\":\"Assaisonnement bacon \u00E0 l'\u00E9rable\",\"nme\":\"Maple bacon seasoning\",\"attr\":\"\",\"sku\":\"31970\",\"l2\":\"\u00C9pice, sel et poivre\",\"sl\":\"assaisonnement-bacon-a-lerable-club-house-31970\",\"sn\":\"\",\"idxP\":7},{\"mq\":\"Kimchi\",\"nm\":\"Bol nouilles instantan\u00E9es boeuf\",\"nme\":\"Beef Instant Noodle Bowl\",\"attr\":\"\",\"sku\":\"14304\",\"l2\":\"Soupe et bouillon\",\"sl\":\"bol-nouilles-instantanees-boeuf-kimchi-14304\",\"sn\":\"oeufs\",\"idxP\":44},{\"mq\":\"Golden dragon\",\"nm\":\"Sauce aux hu\u00EEtres\",\"nme\":\"Oyster sauce\",\"attr\":\"\",\"sku\":\"30431\",\"l2\":\"Sauce\",\"sl\":\"sauce-aux-huitres-golden-dragon-30431\",\"sn\":\"\",\"idxP\":51},{\"mq\":\"Post\",\"nm\":\"C\u00E9r\u00E9ales honey comb\",\"nme\":\"Honey Comb Cereal\",\"attr\":\"\",\"sku\":\"06993\",\"l2\":\"C\u00E9r\u00E9ales et barre\",\"sl\":\"cereales-honey-comb-post-06993\",\"sn\":\"\",\"idxP\":39},{\"mq\":\"Rose Hill\",\"nm\":\"Marjolaine enti\u00E8re\",\"nme\":\"Whole Marjoram\",\"attr\":\"\",\"sku\":\"11870\",\"l2\":\"\u00C9pice, sel et poivre\",\"sl\":\"marjolaine-entiere-rose-hill-11870\",\"sn\":\"\",\"idxP\":28},{\"mq\":\"Sushi chef\",\"nm\":\"Riz \u00E0 grain court fancy\",\"nme\":\"Fancy short grain rice\",\"attr\":\"\",\"sku\":\"30399\",\"l2\":\"Riz et grain\",\"sl\":\"riz-a-grain-court-fancy-sushi-chef-30399\",\"sn\":\"\",\"idxP\":52},{\"mq\":\"Redpath\",\"nm\":\"Sucre en cube\",\"nme\":\"Sugar Cube\",\"attr\":\"\",\"sku\":\"34009\",\"l2\":\"Sucre\",\"sl\":\"sucre-en-cube-redpath-34009\",\"sn\":\"\",\"idxP\":34},{\"mq\":\"Idahoan\",\"nm\":\"Pomme de terre en flocon\",\"nme\":\"Potato flakes\",\"attr\":\"\",\"sku\":\"01274\",\"l2\":\"Soupe et bouillon\",\"sl\":\"pomme-de-terre-en-flocon-idahoan-01274\",\"sn\":\"pommes\",\"idxP\":38},{\"mq\":\"Rose Hill\",\"nm\":\"Cumin moulu\",\"nme\":\"Ground Sumin\",\"attr\":\"\",\"sku\":\"21418\",\"l2\":\"\u00C9pice, sel et poivre\",\"sl\":\"cumin-moulu-rose-hill-21418\",\"sn\":\"\",\"idxP\":16},{\"mq\":\"Peek freans\",\"nm\":\"Biscuits th\u00E9 social\",\"nme\":\"Social Tea Biscuits\",\"attr\":\"\",\"sku\":\"34563\",\"l2\":\"Biscuit et craquelin\",\"sl\":\"biscuits-the-social-peek-freans-34563\",\"sn\":\"\",\"idxP\":26},{\"mq\":\"Nappe Blanche\",\"nm\":\"M\u00E9lange pour sauce aux 3 poivres\",\"nme\":\"3 peppers sauce mix\",\"attr\":\"\",\"sku\":\"00753\",\"l2\":\"Sauce\",\"sl\":\"melange-pour-sauce-aux-3-poivres-nappe-blanche-00753\",\"sn\":\"\",\"idxP\":21},{\"mq\":\"Grandma's\",\"nm\":\"M\u00E9lasse qualit\u00E9 fantaisie\",\"nme\":\"Molasses\",\"attr\":\"\",\"sku\":\"07701\",\"l2\":\"Confiture et tartinade\",\"sl\":\"melasse-qualite-fantaisie-grandmas-07701\",\"sn\":\"\",\"idxP\":35},{\"mq\":\"Rose Hill\",\"nm\":\"Assaisonnement cajun\",\"nme\":\"Cajun Season\",\"attr\":\"\",\"sku\":\"21540\",\"l2\":\"\u00C9pice, sel et poivre\",\"sl\":\"assaisonnement-cajun-rose-hill-21540\",\"sn\":\"\",\"idxP\":12},{\"mq\":\"Sugar in the Raw\",\"nm\":\"Sucre dor\u00E9\",\"nme\":\"Golden Sugar\",\"attr\":\"\",\"sku\":\"32170\",\"l2\":\"Sucre\",\"sl\":\"sucre-dore-sugar-in-the-raw-32170\",\"sn\":\"\",\"idxP\":42},{\"mq\":\"Rose Hill\",\"nm\":\"Cari en poudre\",\"nme\":\"Powder Curry\",\"attr\":\"\",\"sku\":\"34666\",\"l2\":\"\u00C9pice, sel et poivre\",\"sl\":\"cari-en-poudre-rose-hill-34666\",\"sn\":\"\",\"idxP\":11},{\"mq\":\"R.Fortin\",\"nm\":\"Flocons d'avoine cuisson rapide\",\"nme\":\"Quick Cooking Oat Flakes\",\"attr\":\"\",\"sku\":\"16033\",\"l2\":\"C\u00E9r\u00E9ales et barre\",\"sl\":\"flocons-davoine-cuisson-rapide-r.fortin-16033\",\"sn\":\"\",\"idxP\":91},{\"mq\":\"Rose Hill\",\"nm\":\"Menthe r\u00E2p\u00E9e\",\"nme\":\"Mint Rubbed\",\"attr\":\"\",\"sku\":\"11875\",\"l2\":\"\u00C9pice, sel et poivre\",\"sl\":\"menthe-rapee-rose-hill-11875\",\"sn\":\"\",\"idxP\":29},{\"mq\":\"Sifto\",\"nm\":\"Gros sel casher 1.36 kg\",\"nme\":\"Coarse Kasher Salt 1.36 kg\",\"attr\":\"\",\"sku\":\"21803\",\"l2\":\"\u00C9pice, sel et poivre\",\"sl\":\"gros-sel-casher-sifto-21803\",\"sn\":\"\",\"idxP\":68},{\"mq\":\"Frank's Red Hot\",\"nm\":\"Sauce au poivre de Cayenne RedHot\",\"nme\":\"Hot Cayenne Sauce\",\"attr\":\"\",\"sku\":\"06467\",\"l2\":\"Condiment\",\"sl\":\"sauce-au-poivre-de-cayenne-redhot-franks-red-hot-06467\",\"sn\":\"\",\"idxP\":40},{\"mq\":\"Nestl\u00E9\",\"nm\":\"C\u00E9r\u00E9ales Nesquik\",\"nme\":\"Nesquik Cereal\",\"attr\":\"\",\"sku\":\"15317\",\"l2\":\"C\u00E9r\u00E9ales et barre\",\"sl\":\"cereales-nesquik-nestle-15317\",\"sn\":\"\",\"idxP\":28},{\"mq\":\"Jif\",\"nm\":\"Beurre d'arachide en portion\",\"nme\":\"Peanut Butter Portion\",\"attr\":\"\",\"sku\":\"31865\",\"l2\":\"Confiture et tartinade\",\"sl\":\"beurre-darachide-en-portion-jif-31865\",\"sn\":\"\",\"idxP\":14},{\"mq\":\"Kikkoman\",\"nm\":\"Sauce Soya\",\"nme\":\"Soya Sauce\",\"attr\":\"\",\"sku\":\"36652\",\"l2\":\"Sauce\",\"sl\":\"sauce-soya-kikkoman-36652\",\"sn\":\"\",\"idxP\":4},{\"mq\":\"Rose Hill\",\"nm\":\"Romarin moulu\",\"nme\":\"Ground Rosemary\",\"attr\":\"\",\"sku\":\"13688\",\"l2\":\"\u00C9pice, sel et poivre\",\"sl\":\"romarin-moulu-rose-hill-13688\",\"sn\":\"\",\"idxP\":17},{\"mq\":\"Rose Hill\",\"nm\":\"Piment de Jama\u00EFque moulu\",\"nme\":\"Ground Jama\u00EFca Pepper\",\"attr\":\"\",\"sku\":\"21448\",\"l2\":\"\u00C9pice, sel et poivre\",\"sl\":\"piment-de-jamaique-moulu-rose-hill-21448\",\"sn\":\"piments\",\"idxP\":18},{\"mq\":\"Rose Hill\",\"nm\":\"Poivre noir concass\u00E9\",\"nme\":\"Crushed Black Pepper\",\"attr\":\"\",\"sku\":\"38349\",\"l2\":\"\u00C9pice, sel et poivre\",\"sl\":\"poivre-noir-concasse-rose-hill-38349\",\"sn\":\"\",\"idxP\":10},{\"mq\":\"Rose Hill\",\"nm\":\"5 \u00C9pices chinoise\",\"nme\":\"5 Spices Chinese\",\"attr\":\"\",\"sku\":\"41813\",\"l2\":\"\u00C9pice, sel et poivre\",\"sl\":\"5-epices-chinoise-rose-hill-41813\",\"sn\":\"\",\"idxP\":27},{\"mq\":\"Sunbec\",\"nm\":\"Sucre en b\u00E2tonnet\",\"nme\":\"Sugar Stick\",\"attr\":\"\",\"sku\":\"45195\",\"l2\":\"Sucre\",\"sl\":\"sucre-en-batonnet-sunbec-45195\",\"sn\":\"\",\"idxP\":15},{\"mq\":\"Golden dragon\",\"nm\":\"Sauce hoisin\",\"nme\":\"Hoisin sauce\",\"attr\":\"\",\"sku\":\"30430\",\"l2\":\"Sauce\",\"sl\":\"sauce-hoisin-golden-dragon-30430\",\"sn\":\"\",\"idxP\":50},{\"mq\":\"JFC\",\"nm\":\"Pois verts wasabi\",\"nme\":\"Wasabi green peas\",\"attr\":\"\",\"sku\":\"30535\",\"l2\":\"Riz et grain\",\"sl\":\"pois-verts-wasabi-jfc-30535\",\"sn\":\"\",\"idxP\":22},{\"mq\":\"Rose Hill\",\"nm\":\"Moutarde graine\",\"nme\":\"Seed Mustard\",\"attr\":\"\",\"sku\":\"11878\",\"l2\":\"\u00C9pice, sel et poivre\",\"sl\":\"moutarde-graine-rose-hill-11878\",\"sn\":\"\",\"idxP\":29},{\"mq\":\"El Ma Mia\",\"nm\":\"\u00C9pice pour spaghetti h164\",\"nme\":\"Spaghetti Spice h16\",\"attr\":\"\",\"sku\":\"17978\",\"l2\":\"\u00C9pice, sel et poivre\",\"sl\":\"epice-pour-spaghetti-h164-el-ma-mia-17978\",\"sn\":\"\",\"idxP\":24},{\"mq\":\"Dare\",\"nm\":\"Biscuits pattes d'ours p\u00E9pites chocolat\",\"nme\":\"Bear Paws Chocolate Chip\",\"attr\":\"\",\"sku\":\"34892\",\"l2\":\"Biscuit et craquelin\",\"sl\":\"biscuits-pattes-dours-pepites-chocolat-dare-34892\",\"sn\":\"\",\"idxP\":22},{\"mq\":\"Rose Hill\",\"nm\":\"Assaisonnement Jerk\",\"nme\":\"Jerk Season\",\"attr\":\"\",\"sku\":\"36397\",\"l2\":\"\u00C9pice, sel et poivre\",\"sl\":\"assaisonnement-jerk-rose-hill-36397\",\"sn\":\"\",\"idxP\":29},{\"mq\":\"Rose Hill\",\"nm\":\"Ail \u00E9minc\u00E9\",\"nme\":\"Minced Garlic\",\"attr\":\"\",\"sku\":\"38332\",\"l2\":\"\u00C9pice, sel et poivre\",\"sl\":\"ail-emince-rose-hill-38332\",\"sn\":\"\",\"idxP\":41},{\"mq\":\"Sunbec\",\"nm\":\"Sucre b\u00E2tonnet brut\",\"nme\":\"Raw Stick Sugar\",\"attr\":\"\",\"sku\":\"13915\",\"l2\":\"Sucre\",\"sl\":\"sucre-batonnet-brut-sunbec-13915\",\"sn\":\"\",\"idxP\":20},{\"mq\":\"Rose Hill\",\"nm\":\"Cannelle en b\u00E2ton 3\\\"\",\"nme\":\"Cinnamon Stick 3\\\"\",\"attr\":\"\",\"sku\":\"33297\",\"l2\":\"\u00C9pice, sel et poivre\",\"sl\":\"cannelle-en-baton-3-rose-hill-33297\",\"sn\":\"\",\"idxP\":24},{\"mq\":\"Rose Hill\",\"nm\":\"Oignon granul\u00E9\",\"nme\":\"Granulated Onion\",\"attr\":\"\",\"sku\":\"38341\",\"l2\":\"\u00C9pice, sel et poivre\",\"sl\":\"oignon-granule-rose-hill-38341\",\"sn\":\"onions, oignons\",\"idxP\":41},{\"mq\":\"Rose Hill\",\"nm\":\"Poudre de chili\",\"nme\":\"Powder Chili\",\"attr\":\"\",\"sku\":\"21752\",\"l2\":\"\u00C9pice, sel et poivre\",\"sl\":\"poudre-de-chili-rose-hill-21752\",\"sn\":\"\",\"idxP\":17},{\"mq\":\"Mutti\",\"nm\":\"Sauce pour p\u00E2tes marinara\",\"nme\":\"Marinara Pasta Sauce\",\"attr\":\"\",\"sku\":\"02665\",\"l2\":\"Sauce\",\"sl\":\"sauce-pour-pates-marinara-mutti-02665\",\"sn\":\"\",\"idxP\":73},{\"mq\":\"Good Morning\",\"nm\":\"Portion marmelade\",\"nme\":\"Marmelade Portion\",\"attr\":\"\",\"sku\":\"02667\",\"l2\":\"Confiture et tartinade\",\"sl\":\"portion-marmelade-good-morning-02667\",\"sn\":\"\",\"idxP\":7},{\"mq\":\"Mutti\",\"nm\":\"Sauce pour p\u00E2tes basilic\",\"nme\":\"Basil Pasta Sauce\",\"attr\":\"\",\"sku\":\"02664\",\"l2\":\"Sauce\",\"sl\":\"sauce-pour-pates-basilic-mutti-02664\",\"sn\":\"\",\"idxP\":97},{\"mq\":\"Mutti\",\"nm\":\"Sauce pour p\u00E2tes parmigiano reggiano\",\"nme\":\"Parmigiano Reggiano Pasta Sauce\",\"attr\":\"\",\"sku\":\"02662\",\"l2\":\"Sauce\",\"sl\":\"sauce-pour-pates-parmigiano-reggiano-mutti-02662\",\"sn\":\"\",\"idxP\":78},{\"mq\":\"Unico\",\"nm\":\"Huile de tournesol\",\"nme\":\"Sunflower Oil\",\"attr\":\"\",\"sku\":\"47439\",\"l2\":\"Huile et vinaigre\",\"sl\":\"huile-de-tournesol-unico-47439\",\"sn\":\"\",\"idxP\":100},{\"mq\":\"Stokely\",\"nm\":\"Ma\u00EFs \u00E0 grains entiers\",\"nme\":\"Whole Grains Corn\",\"attr\":\"\",\"sku\":\"49419\",\"l2\":\"L\u00E9gume en conserve\",\"sl\":\"mais-a-grains-entiers-stokely-49419\",\"sn\":\"\",\"idxP\":100},{\"mq\":\"Unico\",\"nm\":\"Huile de p\u00E9pins de raisin\",\"nme\":\"Grape Seed Oil\",\"attr\":\"\",\"sku\":\"30487\",\"l2\":\"Huile et vinaigre\",\"sl\":\"huile-de-pepins-de-raisin-unico-30487\",\"sn\":\"raisins\",\"idxP\":57},{\"mq\":\"R.Fortin\",\"nm\":\"Flocons d'avoine r\u00E9gulier\",\"nme\":\"Regular Rolled Oats\",\"attr\":\"\",\"sku\":\"48360\",\"l2\":\"C\u00E9r\u00E9ales et barre\",\"sl\":\"flocons-davoine-regulier-r.fortin-48360\",\"sn\":\"\",\"idxP\":94},{\"mq\":\"Gummy zone\",\"nm\":\"Bonbons fraises s\u00FBres\",\"nme\":\"Sour strawberry tingler candy\",\"attr\":\"\",\"sku\":\"02931\",\"l2\":\"Confiserie\",\"sl\":\"bonbons-fraises-sures-gummy-zone-02931\",\"sn\":\"fraises\",\"idxP\":21},{\"mq\":\"Valli\",\"nm\":\"F\u00E9cule de ma\u00EFs\",\"nme\":\"Corn Starch\",\"attr\":\"\",\"sku\":\"02884\",\"l2\":\"Ingr\u00E9dient de p\u00E2tisserie\",\"sl\":\"fecule-de-mais-valli-02884\",\"sn\":\"\",\"idxP\":48},{\"mq\":\"Gummy zone\",\"nm\":\"Bonbons double cerises s\u00FBres\",\"nme\":\"Sour cherry tingler candy\",\"attr\":\"\",\"sku\":\"02930\",\"l2\":\"Confiserie\",\"sl\":\"bonbons-double-cerises-sures-gummy-zone-02930\",\"sn\":\"\",\"idxP\":28},{\"mq\":\"Gummy zone\",\"nm\":\"Bonbons p\u00EAches\",\"nme\":\"Peachy candy\",\"attr\":\"\",\"sku\":\"02926\",\"l2\":\"Confiserie\",\"sl\":\"bonbons-peches-gummy-zone-02926\",\"sn\":\"\",\"idxP\":35},{\"mq\":\"Kandju\",\"nm\":\"Seau m\u00E9lange gommeux\",\"nme\":\"Gummi mix bucket\",\"attr\":\"\",\"sku\":\"02952\",\"l2\":\"Confiserie\",\"sl\":\"seau-melange-gommeux-kandju-02952\",\"sn\":\"\",\"idxP\":33},{\"mq\":\"Gummy zone\",\"nm\":\"Bonbons grenouilles\",\"nme\":\"Frog candy\",\"attr\":\"\",\"sku\":\"02927\",\"l2\":\"Confiserie\",\"sl\":\"bonbons-grenouilles-gummy-zone-02927\",\"sn\":\"\",\"idxP\":34},{\"mq\":\"Gummy zone\",\"nm\":\"Bonbons langues s\u00FBres g\u00E9antes\",\"nme\":\"Super sour tongue tingler candy\",\"attr\":\"\",\"sku\":\"02934\",\"l2\":\"Confiserie\",\"sl\":\"bonbons-langues-sures-geantes-gummy-zone-02934\",\"sn\":\"\",\"idxP\":10},{\"mq\":\"Gummy zone\",\"nm\":\"Bonbons vers de terre\",\"nme\":\"Wacky worms candy\",\"attr\":\"\",\"sku\":\"02935\",\"l2\":\"Confiserie\",\"sl\":\"bonbons-vers-de-terre-gummy-zone-02935\",\"sn\":\"\",\"idxP\":36},{\"mq\":\"Gummy zone\",\"nm\":\"Bonbons baies sauvages\",\"nme\":\"Wild berries candy\",\"attr\":\"\",\"sku\":\"02938\",\"l2\":\"Confiserie\",\"sl\":\"bonbons-baies-sauvages-gummy-zone-02938\",\"sn\":\"\",\"idxP\":39},{\"mq\":\"Kandju\",\"nm\":\"Seau m\u00E9lange gommeux\",\"nme\":\"Gummi mix bucket\",\"attr\":\"\",\"sku\":\"02957\",\"l2\":\"Confiserie\",\"sl\":\"seau-melange-gommeux-kandju-02957\",\"sn\":\"\",\"idxP\":57},{\"mq\":\"Kandju\",\"nm\":\"Seau m\u00E9lange sabl\u00E9\",\"nme\":\"Sanded mix bucket\",\"attr\":\"\",\"sku\":\"02961\",\"l2\":\"Confiserie\",\"sl\":\"seau-melange-sable-kandju-02961\",\"sn\":\"\",\"idxP\":41},{\"mq\":\"Ducale\",\"nm\":\"Biscotti basconcini au bl\u00E9 entier\",\"nme\":\"Whole Wheat Bastoncini Biscotti\",\"attr\":\"\",\"sku\":\"02897\",\"l2\":\"Biscuit et craquelin\",\"sl\":\"biscotti-basconcini-au-ble-entier-ducale-02897\",\"sn\":\"\",\"idxP\":42},{\"mq\":\"Gummy zone\",\"nm\":\"Bonbons langues s\u00FBres\",\"nme\":\"Sour tongue tingler candy\",\"attr\":\"\",\"sku\":\"02932\",\"l2\":\"Confiserie\",\"sl\":\"bonbons-langues-sures-gummy-zone-02932\",\"sn\":\"\",\"idxP\":36},{\"mq\":\"Gummy zone\",\"nm\":\"Bonbons vers de terre s\u00FBrs\",\"nme\":\"Sour wacky worms candy\",\"attr\":\"\",\"sku\":\"02936\",\"l2\":\"Confiserie\",\"sl\":\"bonbons-vers-de-terre-surs-gummy-zone-02936\",\"sn\":\"\",\"idxP\":38},{\"mq\":\"Kandju\",\"nm\":\"Seau m\u00E9lange r\u00E9gulier\",\"nme\":\"Regular mix bucket\",\"attr\":\"\",\"sku\":\"02958\",\"l2\":\"Confiserie\",\"sl\":\"seau-melange-regulier-kandju-02958\",\"sn\":\"\",\"idxP\":43},{\"mq\":\"Gummy zone\",\"nm\":\"Bonbons bouteilles cola cerise s\u00FBre\",\"nme\":\"Sour cherry cola candy\",\"attr\":\"\",\"sku\":\"02929\",\"l2\":\"Confiserie\",\"sl\":\"bonbons-bouteilles-cola-cerise-sure-gummy-zone-02929\",\"sn\":\"\",\"idxP\":35},{\"mq\":\"Kandju\",\"nm\":\"Seau m\u00E9lange r\u00E9gulier\",\"nme\":\"Regular mix bucket\",\"attr\":\"\",\"sku\":\"02960\",\"l2\":\"Confiserie\",\"sl\":\"seau-melange-regulier-kandju-02960\",\"sn\":\"\",\"idxP\":52},{\"mq\":\"Kandju\",\"nm\":\"Seau m\u00E9lange sabl\u00E9\",\"nme\":\"Sanded mix bucket\",\"attr\":\"\",\"sku\":\"02963\",\"l2\":\"Confiserie\",\"sl\":\"seau-melange-sable-kandju-02963\",\"sn\":\"\",\"idxP\":47},{\"mq\":\"La Milanaise\",\"nm\":\"Farine \u00E0 pizza tipo 00 biologique\",\"nme\":\"Organic tipo 00 pizza flour\",\"attr\":\"\",\"sku\":\"03078\",\"l2\":\"Farine, semoule et chapelure\",\"sl\":\"farine-a-pizza-tipo-00-biologique-la-milanaise-03078\",\"sn\":\"biologique, bio, organic, organique\",\"idxP\":46},{\"mq\":\"La Milanaise\",\"nm\":\"Farine \u00E0 pizza tipo 00 biologique\",\"nme\":\"Organic tipo 00 pizza flour\",\"attr\":\"Biologique, Aliment du Qu\u00E9bec, Produit local\",\"sku\":\"03075\",\"l2\":\"Farine, semoule et chapelure\",\"sl\":\"farine-a-pizza-tipo-00-biologique-la-milanaise-03075\",\"sn\":\"biologique, bio, organic, organique\",\"idxP\":32},{\"mq\":\"La P\u00E2tissi\u00E8re\",\"nm\":\"Essence de vanille brune\",\"nme\":\"Brown Vanilla Extract\",\"attr\":\"\",\"sku\":\"03140\",\"l2\":\"Ingr\u00E9dient de p\u00E2tisserie\",\"sl\":\"essence-de-vanille-brune-la-patissiere-03140\",\"sn\":\"\",\"idxP\":50},{\"mq\":\"Fourmi Bionique\",\"nm\":\"C\u00E9r\u00E9ales chocolat f\u00E8ves de cacao\",\"nme\":\"Cereals Chocolate Cocoa Nibs Mix\",\"attr\":\"\",\"sku\":\"03117\",\"l2\":\"C\u00E9r\u00E9ales et barre\",\"sl\":\"cereales-chocolat-feves-de-cacao-fourmi-bionique-03117\",\"sn\":\"\",\"idxP\":43},{\"mq\":\"R.Fortin\",\"nm\":\"Couscous isra\u00E9lien perl\u00E9\",\"nme\":\"Pearl Israeli Couscous\",\"attr\":\"\",\"sku\":\"03138\",\"l2\":\"Riz et grain\",\"sl\":\"couscous-israelien-perle-r.fortin-03138\",\"sn\":\"\",\"idxP\":32},{\"mq\":\"La P\u00E2tissi\u00E8re\",\"nm\":\"Essence de vanille brune\",\"nme\":\"Brown Vanilla Extract\",\"attr\":\"\",\"sku\":\"03141\",\"l2\":\"Ingr\u00E9dient de p\u00E2tisserie\",\"sl\":\"essence-de-vanille-brune-la-patissiere-03141\",\"sn\":\"\",\"idxP\":34},{\"mq\":\"Dare\",\"nm\":\"Craquelins Breton  50% moins de sel\",\"nme\":\"50% Less Salt Breton Crackers\",\"attr\":\"\",\"sku\":\"02564\",\"l2\":\"Biscuit et craquelin\",\"sl\":\"craquelins-breton-50-moins-de-sel-dare-02564\",\"sn\":\"\",\"idxP\":-50},{\"mq\":\"Exotic\",\"nm\":\"Mini cornets sucr\u00E9s\",\"nme\":\"Mini sugar cones\",\"attr\":\"\",\"sku\":\"03204\",\"l2\":\"Bar laitier\",\"sl\":\"mini-cornets-sucres-exotic-03204\",\"sn\":\"\",\"idxP\":74},{\"mq\":\"Cucina d'oro\",\"nm\":\"Champignons morceaux et pieds\",\"nme\":\"Mushrooms pieces and stems\",\"attr\":\"\",\"sku\":\"03221\",\"l2\":\"L\u00E9gume en conserve\",\"sl\":\"champignons-morceaux-et-pieds-cucina-doro-03221\",\"sn\":\"\",\"idxP\":24},{\"mq\":\"Heinz\",\"nm\":\"Mayonnaise\",\"nme\":\"Mayonnaise\",\"attr\":\"\",\"sku\":\"03170\",\"l2\":\"Condiment\",\"sl\":\"mayonnaise-heinz-03170\",\"sn\":\"mayonnaise\",\"idxP\":14},{\"mq\":\"Basic american food\",\"nm\":\"Pomme terre pur\u00E9e potato pearl\",\"nme\":\"Mashed potato pearl\",\"attr\":\"\",\"sku\":\"66104\",\"l2\":\"Soupe et bouillon\",\"sl\":\"pomme-terre-puree-potato-pearl-basic-american-food-66104\",\"sn\":\"pommes\",\"idxP\":55},{\"mq\":\"Bell'Orto\",\"nm\":\"Tomates broy\u00E9es pur\u00E9e\",\"nme\":\"Crushed tomatoes in pur\u00E9e\",\"attr\":\"\",\"sku\":\"33994\",\"l2\":\"Tomate en conserve\",\"sl\":\"tomates-broyees-puree-bellorto-33994\",\"sn\":\"tomates\",\"idxP\":49},{\"mq\":\"Italpasta\",\"nm\":\"P\u00E2tes grands coquillages\",\"nme\":\"Large shells pasta\",\"attr\":\"\",\"sku\":\"03436\",\"l2\":\"P\u00E2tes\",\"sl\":\"pates-grands-coquillages-italpasta-03436\",\"sn\":\"\",\"idxP\":85},{\"mq\":\"Vicenzi\",\"nm\":\"Biscuits Savoiardi\",\"nme\":\"Savoiardi Cookies\",\"attr\":\"\",\"sku\":\"10878\",\"l2\":\"Biscuit et craquelin\",\"sl\":\"biscuits-savoiardi-vicenzi-10878\",\"sn\":\"\",\"idxP\":76},{\"mq\":\"Delicia\",\"nm\":\"Huile d'olive extra vierge\",\"nme\":\"Extra Virgin Olive Oil\",\"attr\":\"\",\"sku\":\"03247\",\"l2\":\"Huile et vinaigre\",\"sl\":\"huile-dolive-extra-vierge-delicia-03247\",\"sn\":\"\",\"idxP\":89},{\"mq\":\"Italpasta\",\"nm\":\"P\u00E2tes scoobi do\",\"nme\":\"Scoobi do pasta\",\"attr\":\"\",\"sku\":\"03437\",\"l2\":\"P\u00E2tes\",\"sl\":\"pates-scoobi-do-italpasta-03437\",\"sn\":\"\",\"idxP\":88},{\"mq\":\"Kikkoman\",\"nm\":\"Sauce soya\",\"nme\":\"Soy Sauce\",\"attr\":\"\",\"sku\":\"66900\",\"l2\":\"Condiment\",\"sl\":\"sauce-soya-kikkoman-66900\",\"sn\":\"\",\"idxP\":0},{\"mq\":\"Joy\",\"nm\":\"Cornets sucr\u00E9s gros #310\",\"nme\":\"Sugar cones big #310\",\"attr\":\"\",\"sku\":\"03454\",\"l2\":\"Bar laitier\",\"sl\":\"cornets-sucres-gros-310-joy-03454\",\"sn\":\"\",\"idxP\":13},{\"mq\":\"Cucina d'oro\",\"nm\":\"Tomates d\u00E9s\",\"nme\":\"Diced tomatoes\",\"attr\":\"\",\"sku\":\"03538\",\"l2\":\"Tomate en conserve\",\"sl\":\"tomates-des-cucina-doro-03538\",\"sn\":\"tomates\",\"idxP\":100},{\"mq\":\"Mutti\",\"nm\":\"Tomates cerise\",\"nme\":\"Cherry tomatoes\",\"attr\":\"\",\"sku\":\"03550\",\"l2\":\"Tomate en conserve\",\"sl\":\"tomates-cerise-mutti-03550\",\"sn\":\"tomates\",\"idxP\":95},{\"mq\":\"Mister chef\",\"nm\":\"Huile d'olive vierge extra avec huile de tournesol\",\"nme\":\"Extra Virgin Olive Oil with Sunflower Oil\",\"attr\":\"\",\"sku\":\"03549\",\"l2\":\"Huile et vinaigre\",\"sl\":\"huile-dolive-vierge-extra-avec-huile-de-tournesol-mister-chef-03549\",\"sn\":\"\",\"idxP\":100},{\"mq\":\"Primo\",\"nm\":\"Sauce tomate\",\"nme\":\"Tomato Sauce\",\"attr\":\"\",\"sku\":\"41235\",\"l2\":\"Sauce\",\"sl\":\"sauce-tomate-primo-41235\",\"sn\":\"tomates\",\"idxP\":82},{\"mq\":\"Crespo\",\"nm\":\"Olives noires d\u00E9noyaut\u00E9es\",\"nme\":\"Pitted Black Olive\",\"attr\":\"\",\"sku\":\"21442\",\"l2\":\"Marinade\",\"sl\":\"olives-noires-denoyautees-crespo-21442\",\"sn\":\"\",\"idxP\":23},{\"mq\":\"Lantic\",\"nm\":\"Cassonade brune ancienne\",\"nme\":\"Old fashion brown sugar\",\"attr\":\"\",\"sku\":\"67056\",\"l2\":\"Sucre\",\"sl\":\"cassonade-brune-ancienne-lantic-67056\",\"sn\":\"\",\"idxP\":0},{\"mq\":\"Valli\",\"nm\":\"Cr\u00E8me de vinaigre balsamique\",\"nme\":\"Balsamic Vinegar Cream\",\"attr\":\"\",\"sku\":\"67104\",\"l2\":\"Huile et vinaigre\",\"sl\":\"creme-de-vinaigre-balsamique-valli-67104\",\"sn\":\"\",\"idxP\":24},{\"mq\":\"Primo\",\"nm\":\"Sauce tomate basilic\",\"nme\":\"Tomato And Basil Sauce\",\"attr\":\"\",\"sku\":\"35249\",\"l2\":\"Sauce\",\"sl\":\"sauce-tomate-basilic-primo-35249\",\"sn\":\"tomates\",\"idxP\":80},{\"mq\":\"Reginelli\",\"nm\":\"Huile d'olive extra vierge\",\"nme\":\"Extra virgin olive oil\",\"attr\":\"\",\"sku\":\"11996\",\"l2\":\"Huile et vinaigre\",\"sl\":\"huile-dolive-extra-vierge-reginelli-11996\",\"sn\":\"\",\"idxP\":59},{\"mq\":\"Agrofusion\",\"nm\":\"M\u00E9lange \u00E0 soupe\",\"nme\":\"Soup Mix\",\"attr\":\"\",\"sku\":\"10942\",\"l2\":\"Riz et grain\",\"sl\":\"melange-a-soupe-agrofusion-10942\",\"sn\":\"\",\"idxP\":16},{\"mq\":\"Lantic\",\"nm\":\"Cassonade dor\u00E9e\",\"nme\":\"Golden Yellow Sugar\",\"attr\":\"\",\"sku\":\"67055\",\"l2\":\"Sucre\",\"sl\":\"cassonade-doree-lantic-67055\",\"sn\":\"\",\"idxP\":0},{\"mq\":\"Capri\",\"nm\":\"Huile canola\",\"nme\":\"Canola Oil\",\"attr\":\"\",\"sku\":\"03570\",\"l2\":\"Huile et vinaigre\",\"sl\":\"huile-canola-capri-03570\",\"sn\":\"\",\"idxP\":55},{\"mq\":\"Aurora\",\"nm\":\"Lupini 1L\",\"nme\":\"Lupin Beans 1L\",\"attr\":\"\",\"sku\":\"10939\",\"l2\":\"Marinade\",\"sl\":\"lupini-1l-aurora-10939\",\"sn\":\"\",\"idxP\":56},{\"mq\":\"Gogo squeez\",\"nm\":\"Compote ananas, fraise, poire, mangue\",\"nme\":\"Pineapple, strawberry,pear, mango fruit sauce\",\"attr\":\"\",\"sku\":\"11079\",\"l2\":\"Fruit en conserve\",\"sl\":\"compote-ananas-fraise-poire-mangue-gogo-squeez-11079\",\"sn\":\"apples, ananas, fraises, mangues, poires\",\"idxP\":31},{\"mq\":\"Gogo squeez\",\"nm\":\"Compote pomme, raisin, baies\",\"nme\":\"Apple, grape, berries fruit sauce\",\"attr\":\"\",\"sku\":\"11078\",\"l2\":\"Fruit en conserve\",\"sl\":\"compote-pomme-raisin-baies-gogo-squeez-11078\",\"sn\":\"apples, pommes, raisins\",\"idxP\":31},{\"mq\":\"Gogo squeez\",\"nm\":\"Compote pomme, mangue, p\u00EAche, bleuet\",\"nme\":\"Apple, mango, peach, blueberry apple sauce\",\"attr\":\"\",\"sku\":\"11077\",\"l2\":\"Fruit en conserve\",\"sl\":\"compote-pomme-mangue-peche-bleuet-gogo-squeez-11077\",\"sn\":\"apples, mangues, pommes\",\"idxP\":34},{\"mq\":\"Lena\",\"nm\":\"Olives noires s\u00E9ch\u00E9es\",\"nme\":\"Dry cured black olives\",\"attr\":\"\",\"sku\":\"18331\",\"l2\":\"Marinade\",\"sl\":\"olives-noires-sechees-lena-18331\",\"sn\":\"\",\"idxP\":100},{\"mq\":\"Yum Yum\",\"nm\":\"Croustilles BBQ\",\"nme\":\"BBQ Chips\",\"attr\":\"\",\"sku\":\"11203\",\"l2\":\"Croustille et grignotine\",\"sl\":\"croustilles-bbq-yum-yum-11203\",\"sn\":\"croustille\",\"idxP\":100},{\"mq\":\"Gogo squeez\",\"nm\":\"Compote pomme, fraise,banane, p\u00EAche\",\"nme\":\"Apple, strawberry, banana, peach fruit sauce\",\"attr\":\"\",\"sku\":\"11080\",\"l2\":\"Fruit en conserve\",\"sl\":\"compote-pomme-fraisebanane-peche-gogo-squeez-11080\",\"sn\":\"ananas, apples, bananes, fraises, pommes\",\"idxP\":37},{\"mq\":\"Yum Yum\",\"nm\":\"Croustilles ondul\u00E9es saveur BBQ\",\"nme\":\"BBQ Flavor Wavy Chips\",\"attr\":\"\",\"sku\":\"11189\",\"l2\":\"Croustille et grignotine\",\"sl\":\"croustilles-ondulees-saveur-bbq-yum-yum-11189\",\"sn\":\"croustille\",\"idxP\":81},{\"mq\":\"Tropic\",\"nm\":\"Abricots demi sirop l\u00E9ger\",\"nme\":\"Apricot Halves in Syrup\",\"attr\":\"\",\"sku\":\"11272\",\"l2\":\"Fruit en conserve\",\"sl\":\"abricots-demi-sirop-leger-tropic-11272\",\"sn\":\"\",\"idxP\":11},{\"mq\":\"Dunya\",\"nm\":\"Farine de pois chiche\",\"nme\":\"Chick Pea Flour\",\"attr\":\"\",\"sku\":\"11157\",\"l2\":\"Farine, semoule et chapelure\",\"sl\":\"farine-de-pois-chiche-dunya-11157\",\"sn\":\"\",\"idxP\":50},{\"mq\":\"Mister chef\",\"nm\":\"Huile d'olive vierge extra avec huile de tournesol\",\"nme\":\"Extra Virgin Olive Oil with Sunflower Oil\",\"attr\":\"\",\"sku\":\"11169\",\"l2\":\"Huile et vinaigre\",\"sl\":\"huile-dolive-vierge-extra-avec-huile-de-tournesol-mister-chef-11169\",\"sn\":\"\",\"idxP\":88},{\"mq\":\"Yum Yum\",\"nm\":\"Croustilles nature\",\"nme\":\"Regular Chips\",\"attr\":\"\",\"sku\":\"11202\",\"l2\":\"Croustille et grignotine\",\"sl\":\"croustilles-nature-yum-yum-11202\",\"sn\":\"croustille\",\"idxP\":100},{\"mq\":\"Tropic\",\"nm\":\"Oranges mandarines section\",\"nme\":\"Mandarin Orange Slices\",\"attr\":\"\",\"sku\":\"11275\",\"l2\":\"Fruit en conserve\",\"sl\":\"oranges-mandarines-section-tropic-11275\",\"sn\":\"\",\"idxP\":15},{\"mq\":\"Alia\",\"nm\":\"Riz basmati long creamy\",\"nme\":\"Creamy Long Basmati Rice\",\"attr\":\"\",\"sku\":\"11243\",\"l2\":\"Riz et grain\",\"sl\":\"riz-basmati-long-creamy-alia-11243\",\"sn\":\"\",\"idxP\":34},{\"mq\":\"Tropic\",\"nm\":\"P\u00EAches en d\u00E9s sirop l\u00E9ger\",\"nme\":\"Diced Pears in Syrup\",\"attr\":\"\",\"sku\":\"11274\",\"l2\":\"Fruit en conserve\",\"sl\":\"peches-en-des-sirop-leger-tropic-11274\",\"sn\":\"\",\"idxP\":19},{\"mq\":\"Yum Yum\",\"nm\":\"Croustilles ondul\u00E9es saveur assaisonn\u00E9es\",\"nme\":\"All Dressed Flavor Wavy Chips\",\"attr\":\"\",\"sku\":\"11197\",\"l2\":\"Croustille et grignotine\",\"sl\":\"croustilles-ondulees-saveur-assaisonnees-yum-yum-11197\",\"sn\":\"croustille\",\"idxP\":87},{\"mq\":\"Tropic\",\"nm\":\"P\u00EAches demie sirop l\u00E9ger\",\"nme\":\"Peach Halves in Syrup\",\"attr\":\"\",\"sku\":\"11273\",\"l2\":\"Fruit en conserve\",\"sl\":\"peches-demie-sirop-leger-tropic-11273\",\"sn\":\"\",\"idxP\":42},{\"mq\":\"Ali Bon\",\"nm\":\"Poudre \u00E0 p\u00E2te\",\"nme\":\"Baking Powder\",\"attr\":\"\",\"sku\":\"34387\",\"l2\":\"Ingr\u00E9dient de p\u00E2tisserie\",\"sl\":\"poudre-a-pate-ali-bon-34387\",\"sn\":\"\",\"idxP\":47},{\"mq\":\"Cuetara\",\"nm\":\"Biscuits Maria\",\"nme\":\"Original Maria Cookies\",\"attr\":\"\",\"sku\":\"21778\",\"l2\":\"Biscuit et craquelin\",\"sl\":\"biscuits-maria-cuetara-21778\",\"sn\":\"\",\"idxP\":100},{\"mq\":\"Aurora\",\"nm\":\"Bouillon de poulet\",\"nme\":\"Chicken Broth\",\"attr\":\"\",\"sku\":\"11328\",\"l2\":\"Soupe et bouillon\",\"sl\":\"bouillon-de-poulet-aurora-11328\",\"sn\":\"\",\"idxP\":100},{\"mq\":\"Aurora\",\"nm\":\"Bouillon de boeuf\",\"nme\":\"Beef Broth\",\"attr\":\"\",\"sku\":\"11329\",\"l2\":\"Soupe et bouillon\",\"sl\":\"bouillon-de-boeuf-aurora-11329\",\"sn\":\"oeufs\",\"idxP\":88},{\"mq\":\"Agrofusion\",\"nm\":\"Riz parfum\u00E9 au jasmin\",\"nme\":\"Jasmine Perfumed Rice\",\"attr\":\"\",\"sku\":\"11341\",\"l2\":\"Riz et grain\",\"sl\":\"riz-parfume-au-jasmin-agrofusion-11341\",\"sn\":\"\",\"idxP\":15},{\"mq\":\"Aurora\",\"nm\":\"Bouillon de l\u00E9gumes\",\"nme\":\"Vegetable Broth\",\"attr\":\"\",\"sku\":\"11327\",\"l2\":\"Soupe et bouillon\",\"sl\":\"bouillon-de-legumes-aurora-11327\",\"sn\":\"\",\"idxP\":80},{\"mq\":\"Applesnax\",\"nm\":\"Compote de pomme non sucr\u00E9e\",\"nme\":\"Unsweetened apple sauce\",\"attr\":\"\",\"sku\":\"67191\",\"l2\":\"Fruit en conserve\",\"sl\":\"compote-de-pomme-non-sucree-applesnax-67191\",\"sn\":\"apples, pommes\",\"idxP\":22},{\"mq\":\"Miss Vickie's\",\"nm\":\"Croustilles sel et vinaigre\",\"nme\":\"Salt And Vinegar Chips\",\"attr\":\"\",\"sku\":\"09282\",\"l2\":\"Croustille et grignotine\",\"sl\":\"croustilles-sel-et-vinaigre-miss-vickies-09282\",\"sn\":\"croustille\",\"idxP\":16},{\"mq\":\"Big Daddy\",\"nm\":\"Biscuit aux morceaux de chocolat\",\"nme\":\"Chocolate Chunk Cookies\",\"attr\":\"\",\"sku\":\"13170\",\"l2\":\"Biscuit et craquelin\",\"sl\":\"biscuit-aux-morceaux-de-chocolat-big-daddy-13170\",\"sn\":\"\",\"idxP\":100},{\"mq\":\"Big Daddy\",\"nm\":\"Biscuits \u00E0 l'avoine\",\"nme\":\"Oatmeal Cookies\",\"attr\":\"\",\"sku\":\"11363\",\"l2\":\"Biscuit et craquelin\",\"sl\":\"biscuits-a-lavoine-big-daddy-11363\",\"sn\":\"\",\"idxP\":100},{\"mq\":\"Italpasta\",\"nm\":\"P\u00E2tes rotini\",\"nme\":\"Rotini Pasta\",\"attr\":\"\",\"sku\":\"35128\",\"l2\":\"P\u00E2tes\",\"sl\":\"pates-rotini-italpasta-35128\",\"sn\":\"\",\"idxP\":80},{\"mq\":\"Italpasta\",\"nm\":\"P\u00E2tes spaghettini\",\"nme\":\"Spaghettini Pasta\",\"attr\":\"\",\"sku\":\"37285\",\"l2\":\"P\u00E2tes\",\"sl\":\"pates-spaghettini-italpasta-37285\",\"sn\":\"\",\"idxP\":89},{\"mq\":\"Big Daddy\",\"nm\":\"Biscuits avoine et raisins\",\"nme\":\"Oatmeal and Raisins Cookies\",\"attr\":\"\",\"sku\":\"41992\",\"l2\":\"Biscuit et craquelin\",\"sl\":\"biscuits-avoine-et-raisins-big-daddy-41992\",\"sn\":\"raisins\",\"idxP\":100},{\"mq\":\"Cacao Barry\",\"nm\":\"Praline grain de noisette\",\"nme\":\"Hazelnut Drop Praline\",\"attr\":\"\",\"sku\":\"25756\",\"l2\":\"Ingr\u00E9dient de p\u00E2tisserie\",\"sl\":\"praline-grain-de-noisette-cacao-barry-25756\",\"sn\":\"\",\"idxP\":14},{\"mq\":\"Dare\",\"nm\":\"#Bonbons jujubes\",\"nme\":\"#Jujubes Candy\",\"attr\":\"\",\"sku\":\"67382\",\"l2\":\"Confiserie\",\"sl\":\"bonbons-jujubes-dare-67382\",\"sn\":\"\",\"idxP\":16},{\"mq\":\"Italpasta\",\"nm\":\"P\u00E2tes penne rigate\",\"nme\":\"Penne Rigate Pasta\",\"attr\":\"\",\"sku\":\"37473\",\"l2\":\"P\u00E2tes\",\"sl\":\"pates-penne-rigate-italpasta-37473\",\"sn\":\"\",\"idxP\":100},{\"mq\":\"Italpasta\",\"nm\":\"P\u00E2tes coude\",\"nme\":\"Bent Pasta\",\"attr\":\"\",\"sku\":\"44217\",\"l2\":\"P\u00E2tes\",\"sl\":\"pates-coude-italpasta-44217\",\"sn\":\"\",\"idxP\":89},{\"mq\":\"Unico\",\"nm\":\"L\u00E9gumes marin\u00E9s doux\",\"nme\":\"Mild Marinated Vegetables\",\"attr\":\"\",\"sku\":\"11377\",\"l2\":\"Marinade\",\"sl\":\"legumes-marines-doux-unico-11377\",\"sn\":\"\",\"idxP\":2},{\"mq\":\"Dare\",\"nm\":\"#Bonbons haricots\",\"nme\":\"#Jelly Beans Candy\",\"attr\":\"\",\"sku\":\"67355\",\"l2\":\"Confiserie\",\"sl\":\"bonbons-haricots-dare-67355\",\"sn\":\"\",\"idxP\":9},{\"mq\":\"Italpasta\",\"nm\":\"P\u00E2tes spaghetti\",\"nme\":\"Spaghetti Pasta\",\"attr\":\"\",\"sku\":\"43587\",\"l2\":\"P\u00E2tes\",\"sl\":\"pates-spaghetti-italpasta-43587\",\"sn\":\"\",\"idxP\":100},{\"mq\":\"Applesnax\",\"nm\":\"Compote de pomme non sucr\u00E9e\",\"nme\":\"Unsweeted Apple Sauce\",\"attr\":\"\",\"sku\":\"43049\",\"l2\":\"Fruit en conserve\",\"sl\":\"compote-de-pomme-non-sucree-applesnax-43049\",\"sn\":\"apples, pommes\",\"idxP\":23},{\"mq\":\"Italpasta\",\"nm\":\"P\u00E2tes linguini\",\"nme\":\"Linguini Pasta\",\"attr\":\"\",\"sku\":\"43524\",\"l2\":\"P\u00E2tes\",\"sl\":\"pates-linguini-italpasta-43524\",\"sn\":\"\",\"idxP\":81},{\"mq\":\"Good Morning\",\"nm\":\"Confiture de framboises en portion\",\"nme\":\"Raspberry Jam Portion\",\"attr\":\"\",\"sku\":\"20598\",\"l2\":\"Confiture et tartinade\",\"sl\":\"confiture-de-framboises-en-portion-good-morning-20598\",\"sn\":\"framboises\",\"idxP\":22},{\"mq\":\"Nupak ou Dunya Harvest\",\"nm\":\"Riz arborio\",\"nme\":\"Arborio Rice\",\"attr\":\"\",\"sku\":\"32963\",\"l2\":\"Riz et grain\",\"sl\":\"riz-arborio-nupak-ou-dunya-harvest-32963\",\"sn\":\"\",\"idxP\":37},{\"mq\":\"Unico\",\"nm\":\"P\u00E2te de tomates\",\"nme\":\"Tomato Paste\",\"attr\":\"\",\"sku\":\"11338\",\"l2\":\"Tomate en conserve\",\"sl\":\"pate-de-tomates-unico-11338\",\"sn\":\"tomates\",\"idxP\":65},{\"mq\":\"Big Daddy\",\"nm\":\"Biscuits double chocolat\",\"nme\":\"Double Chocolate Cookies\",\"attr\":\"\",\"sku\":\"30283\",\"l2\":\"Biscuit et craquelin\",\"sl\":\"biscuits-double-chocolat-big-daddy-30283\",\"sn\":\"\",\"idxP\":100},{\"mq\":\"Applesnax\",\"nm\":\"Compote de pomme et p\u00EAche\",\"nme\":\"Apple and peach apple sauce\",\"attr\":\"\",\"sku\":\"11311\",\"l2\":\"Fruit en conserve\",\"sl\":\"compote-de-pomme-et-peche-applesnax-11311\",\"sn\":\"apples, pommes\",\"idxP\":49},{\"mq\":\"Modestos\",\"nm\":\"Mayonnaise\",\"nme\":\"Mayonnaise\",\"attr\":\"\",\"sku\":\"01174\",\"l2\":\"Condiment\",\"sl\":\"mayonnaise-modestos-01174\",\"sn\":\"mayonnaise\",\"idxP\":92},{\"mq\":\"Maseca\",\"nm\":\"Farine de ma\u00EFs blanc #0\",\"nme\":\"White Corn Flour #0\",\"attr\":\"\",\"sku\":\"11380\",\"l2\":\"Farine, semoule et chapelure\",\"sl\":\"farine-de-mais-blanc-0-maseca-11380\",\"sn\":\"\",\"idxP\":0},{\"mq\":\"Agrofusion\",\"nm\":\"Ma\u00EFs granul\u00E9 #120\",\"nme\":\"Corn Grits #120\",\"attr\":\"\",\"sku\":\"36323\",\"l2\":\"Riz et grain\",\"sl\":\"mais-granule-120-agrofusion-36323\",\"sn\":\"\",\"idxP\":56},{\"mq\":\"Old Dutch\",\"nm\":\"Emballage assorti\",\"nme\":\"Bag variety pack\",\"attr\":\"\",\"sku\":\"03292\",\"l2\":\"Croustille et grignotine\",\"sl\":\"emballage-assorti-old-dutch-03292\",\"sn\":\"\",\"idxP\":19},{\"mq\":\"Sun Med\",\"nm\":\"Olives noires enti\u00E8res\",\"nme\":\"Whole Black Olives\",\"attr\":\"\",\"sku\":\"12229\",\"l2\":\"Marinade\",\"sl\":\"olives-noires-entieres-sun-med-12229\",\"sn\":\"\",\"idxP\":54},{\"mq\":\"Bella Del Sol\",\"nm\":\"Huile de tournesol\",\"nme\":\"Sunflower Oil\",\"attr\":\"\",\"sku\":\"11402\",\"l2\":\"Huile et vinaigre\",\"sl\":\"huile-de-tournesol-bella-del-sol-11402\",\"sn\":\"\",\"idxP\":32},{\"mq\":\"Cibona\",\"nm\":\"Cerise avec tige\",\"nme\":\"Cherry with stem\",\"attr\":\"\",\"sku\":\"12360\",\"l2\":\"Fruit en conserve\",\"sl\":\"cerise-avec-tige-cibona-12360\",\"sn\":\"\",\"idxP\":77},{\"mq\":\"Tousain\",\"nm\":\"F\u00E9cule de pomme de terre\",\"nme\":\"Potato starch\",\"attr\":\"\",\"sku\":\"33358\",\"l2\":\"Ingr\u00E9dient de p\u00E2tisserie\",\"sl\":\"fecule-de-pomme-de-terre-tousain-33358\",\"sn\":\"pommes\",\"idxP\":21},{\"mq\":\"Yum Yum\",\"nm\":\"Ma\u00EFs gonfl\u00E9\",\"nme\":\"Corn puffs\",\"attr\":\"\",\"sku\":\"32552\",\"l2\":\"Croustille et grignotine\",\"sl\":\"mais-gonfle-yum-yum-32552\",\"sn\":\"\",\"idxP\":68},{\"mq\":\"Rosso Gargano\",\"nm\":\"Tomates pel\u00E9es avec basilic\",\"nme\":\"Peeled Tomatoes with Basil\",\"attr\":\"\",\"sku\":\"33244\",\"l2\":\"Tomate en conserve\",\"sl\":\"tomates-pelees-avec-basilic-rosso-gargano-33244\",\"sn\":\"tomates\",\"idxP\":50},{\"mq\":\"Yum Yum\",\"nm\":\"B\u00E2tonnet de fromage\",\"nme\":\"Cheese Stick\",\"attr\":\"\",\"sku\":\"36036\",\"l2\":\"Croustille et grignotine\",\"sl\":\"batonnet-de-fromage-yum-yum-36036\",\"sn\":\"fromages\",\"idxP\":71},{\"mq\":\"Antica Bont\u00E0\",\"nm\":\"Artichauts en quartier\",\"nme\":\"Quartered Artichokes\",\"attr\":\"\",\"sku\":\"36283\",\"l2\":\"L\u00E9gume en conserve\",\"sl\":\"artichauts-en-quartier-antica-bonta-36283\",\"sn\":\"\",\"idxP\":68},{\"mq\":\"Cibona\",\"nm\":\"Cornichon marin\u00E9 sucr\u00E9\",\"nme\":\"Sweet Marinated Pickle\",\"attr\":\"\",\"sku\":\"34090\",\"l2\":\"Marinade\",\"sl\":\"cornichon-marine-sucre-cibona-34090\",\"sn\":\"\",\"idxP\":100},{\"mq\":\"Cibona\",\"nm\":\"Olive manzanilla farcie\",\"nme\":\"Stuffed Manzanilla Olive\",\"attr\":\"\",\"sku\":\"34091\",\"l2\":\"Marinade\",\"sl\":\"olive-manzanilla-farcie-cibona-34091\",\"sn\":\"\",\"idxP\":94},{\"mq\":\"McLean\",\"nm\":\"Sauce fraise pour coupe glac\u00E9e\",\"nme\":\"Strawberry Sundae Topping\",\"attr\":\"\",\"sku\":\"11431\",\"l2\":\"Bar laitier\",\"sl\":\"sauce-fraise-pour-coupe-glacee-mclean-11431\",\"sn\":\"fraises\",\"idxP\":8},{\"mq\":\"McLean\",\"nm\":\"Enrobage chocolat au lait pour cornet\",\"nme\":\"Cone Chocolate Dip\",\"attr\":\"\",\"sku\":\"27759\",\"l2\":\"Bar laitier\",\"sl\":\"enrobage-chocolat-au-lait-pour-cornet-mclean-27759\",\"sn\":\"\",\"idxP\":13},{\"mq\":\"Fourmi Bionique\",\"nm\":\"Granola sans grains et sans gluten Divine\",\"nme\":\"Grain Free and Gluten Free Divine Nutbrown\",\"attr\":\"\",\"sku\":\"11424\",\"l2\":\"C\u00E9r\u00E9ales et barre\",\"sl\":\"granola-sans-grains-et-sans-gluten-divine-fourmi-bionique-11424\",\"sn\":\"\",\"idxP\":0},{\"mq\":\"Fourmi Bionique\",\"nm\":\"Granola sans grains et sans gluten Aphrodisia\",\"nme\":\"Grain Free and Gluten Free Aphrodisia Nutbrown\",\"attr\":\"Sans gluten\",\"sku\":\"11421\",\"l2\":\"C\u00E9r\u00E9ales et barre\",\"sl\":\"granola-sans-grains-et-sans-gluten-aphrodisia-fourmi-bionique-11421\",\"sn\":\"\",\"idxP\":0},{\"mq\":\"Huy Fong\",\"nm\":\"Sauce sriracha chili piquante\",\"nme\":\"Sriracha Hot Chili Sauce\",\"attr\":\"\",\"sku\":\"07027\",\"l2\":\"Condiment\",\"sl\":\"sauce-sriracha-chili-piquante-huy-fong-07027\",\"sn\":\"\",\"idxP\":0},{\"mq\":\"Moli de Rafelet\",\"nm\":\"Riz marisma pour paella\",\"nme\":\"Paella Marisma Rice\",\"attr\":\"\",\"sku\":\"11463\",\"l2\":\"Riz et grain\",\"sl\":\"riz-marisma-pour-paella-moli-de-rafelet-11463\",\"sn\":\"\",\"idxP\":22},{\"mq\":\"Exotic\",\"nm\":\"Mini cornet \u00E0 cr\u00E8me glac\u00E9e\",\"nme\":\"Ice Cream Mini Cone\",\"attr\":\"\",\"sku\":\"11464\",\"l2\":\"Bar laitier\",\"sl\":\"mini-cornet-a-creme-glacee-exotic-11464\",\"sn\":\"\",\"idxP\":38},{\"mq\":\"Oreo\",\"nm\":\"Garniture Oreo pour coupe glac\u00E9e\",\"nme\":\"Oreo Sundae Topping\",\"attr\":\"\",\"sku\":\"42425\",\"l2\":\"Bar laitier\",\"sl\":\"garniture-oreo-pour-coupe-glacee-oreo-42425\",\"sn\":\"\",\"idxP\":36},{\"mq\":\"McLean\",\"nm\":\"Enrobage caramel sal\u00E9 pour cornet\",\"nme\":\"Cone Dip Salted Caramel\",\"attr\":\"\",\"sku\":\"27756\",\"l2\":\"Bar laitier\",\"sl\":\"enrobage-caramel-sale-pour-cornet-mclean-27756\",\"sn\":\"\",\"idxP\":10},{\"nm\":\"Huile de canola bo\u00EEte\",\"nme\":\"Canola Oil\",\"attr\":\"\",\"sku\":\"67514\",\"l2\":\"Huile et vinaigre\",\"sl\":\"huile-de-canola-boite-67514\",\"sn\":\"\",\"idxP\":100},{\"mq\":\"Made Good\",\"nm\":\"Mini biscuit p\u00E9pites de chocolat\",\"nme\":\"Mini Chocolate Chip Cookie\",\"attr\":\"\",\"sku\":\"11542\",\"l2\":\"C\u00E9r\u00E9ales et barre\",\"sl\":\"mini-biscuit-pepites-de-chocolat-made-good-11542\",\"sn\":\"\",\"idxP\":28},{\"mq\":\"Dare\",\"nm\":\"Biscuits pattes d'ours pain aux bananes\",\"nme\":\"Bear Paws Banana Bread\",\"attr\":\"\",\"sku\":\"67568\",\"l2\":\"Biscuit et craquelin\",\"sl\":\"biscuits-pattes-dours-pain-aux-bananes-dare-67568\",\"sn\":\"ananas, bananes\",\"idxP\":25},{\"mq\":\"Dare\",\"nm\":\"Biscuits pattes d'ours brownie\",\"nme\":\"Bear Paws Brownie\",\"attr\":\"\",\"sku\":\"67569\",\"l2\":\"Biscuit et craquelin\",\"sl\":\"biscuits-pattes-dours-brownie-dare-67569\",\"sn\":\"\",\"idxP\":23},{\"mq\":\"Club House\",\"nm\":\"Assaisonnement fum\u00E9e bois de pommier\",\"nme\":\"Apple Tree Smoke Seasoning\",\"attr\":\"\",\"sku\":\"11438\",\"l2\":\"\u00C9pice, sel et poivre\",\"sl\":\"assaisonnement-fumee-bois-de-pommier-club-house-11438\",\"sn\":\"apples\",\"idxP\":27},{\"nm\":\"Huile v\u00E9g\u00E9tale bo\u00EEte\",\"nme\":\"Vegetable Oil\",\"attr\":\"\",\"sku\":\"23925\",\"l2\":\"Huile et vinaigre\",\"sl\":\"huile-vegetale-boite-23925\",\"sn\":\"\",\"idxP\":100},{\"mq\":\"Takis\",\"nm\":\"Takis fuego\",\"nme\":\"Fuego Takis\",\"attr\":\"\",\"sku\":\"36031\",\"l2\":\"Croustille et grignotine\",\"sl\":\"takis-fuego-takis-36031\",\"sn\":\"croustille\",\"idxP\":0},{\"mq\":\"Viva Panettone\",\"nm\":\"Le Framboisissimo\",\"nme\":\"Le Framboisissimo\",\"attr\":\"\",\"sku\":\"11506\",\"l2\":\"Panettone\",\"sl\":\"le-framboisissimo-viva-panettone-11506\",\"sn\":\"\",\"idxP\":8},{\"mq\":\"Club House\",\"nm\":\"\u00C9pices ail r\u00F4ti poivron\",\"nme\":\"Roasted Garlic Pepper Spices\",\"attr\":\"\",\"sku\":\"11436\",\"l2\":\"\u00C9pice, sel et poivre\",\"sl\":\"epices-ail-roti-poivron-club-house-11436\",\"sn\":\"\",\"idxP\":26},{\"mq\":\"Cattlemans\",\"nm\":\"\u00C9pice \u00E0 frotter Texas longhorn\",\"nme\":\"Texas Longhorn Spice Rub\",\"attr\":\"\",\"sku\":\"67377\",\"l2\":\"\u00C9pice, sel et poivre\",\"sl\":\"epice-a-frotter-texas-longhorn-cattlemans-67377\",\"sn\":\"\",\"idxP\":14},{\"mq\":\"Takis\",\"nm\":\"Takis dragon chili piquant\",\"nme\":\"Dragon Spicy Sweet Chili Takis\",\"attr\":\"\",\"sku\":\"11495\",\"l2\":\"Croustille et grignotine\",\"sl\":\"takis-dragon-chili-piquant-takis-11495\",\"sn\":\"croustille\",\"idxP\":0},{\"mq\":\"Club House\",\"nm\":\"Assaisonnement grec\",\"nme\":\"Greek Seasoning\",\"attr\":\"\",\"sku\":\"16159\",\"l2\":\"\u00C9pice, sel et poivre\",\"sl\":\"assaisonnement-grec-club-house-16159\",\"sn\":\"\",\"idxP\":23},{\"mq\":\"Club House\",\"nm\":\"Assaisonnement poivre ail\",\"nme\":\"Garlic Pepper Seasoning\",\"attr\":\"\",\"sku\":\"67374\",\"l2\":\"\u00C9pice, sel et poivre\",\"sl\":\"assaisonnement-poivre-ail-club-house-67374\",\"sn\":\"\",\"idxP\":24},{\"mq\":\"Club House\",\"nm\":\"\u00C9pices steak Montr\u00E9al\",\"nme\":\"Montreal Steak Spices\",\"attr\":\"\",\"sku\":\"11439\",\"l2\":\"\u00C9pice, sel et poivre\",\"sl\":\"epices-steak-montreal-club-house-11439\",\"sn\":\"\",\"idxP\":8},{\"mq\":\"Club House\",\"nm\":\"Assaisonnement poulet Montr\u00E9al\",\"nme\":\"Montreal Chicken Seasoning\",\"attr\":\"\",\"sku\":\"11437\",\"l2\":\"\u00C9pice, sel et poivre\",\"sl\":\"assaisonnement-poulet-montreal-club-house-11437\",\"sn\":\"\",\"idxP\":41},{\"mq\":\"Club House\",\"nm\":\"Assaisonnement italiano signature\",\"nme\":\"Signature Italiano Seasoning\",\"attr\":\"\",\"sku\":\"16158\",\"l2\":\"\u00C9pice, sel et poivre\",\"sl\":\"assaisonnement-italiano-signature-club-house-16158\",\"sn\":\"\",\"idxP\":31},{\"mq\":\"Whirl\",\"nm\":\"Huile ar\u00F4me beurre liquide\",\"nme\":\"Liquid Butter Flavored Oil\",\"attr\":\"\",\"sku\":\"11505\",\"l2\":\"Huile et vinaigre\",\"sl\":\"huile-arome-beurre-liquide-whirl-11505\",\"sn\":\"\",\"idxP\":1},{\"mq\":\"Club House\",\"nm\":\"Assaisonnement BBQ style br\u00E9silien\",\"nme\":\"Brasilian Style BBQ Seasoning\",\"attr\":\"\",\"sku\":\"67379\",\"l2\":\"\u00C9pice, sel et poivre\",\"sl\":\"assaisonnement-bbq-style-bresilien-club-house-67379\",\"sn\":\"\",\"idxP\":16},{\"mq\":\"Scholvy\",\"nm\":\"Cr\u00E8me de marrons\",\"nme\":\"Chestnut cream\",\"attr\":\"\",\"sku\":\"12532\",\"l2\":\"Sucre\",\"sl\":\"creme-de-marrons-scholvy-12532\",\"sn\":\"\",\"idxP\":6},{\"mq\":\"Club House\",\"nm\":\"Assaisonnement parmesan fines herbes\",\"nme\":\"Parmesan Herbs Seasoning\",\"attr\":\"\",\"sku\":\"11440\",\"l2\":\"\u00C9pice, sel et poivre\",\"sl\":\"assaisonnement-parmesan-fines-herbes-club-house-11440\",\"sn\":\"\",\"idxP\":29},{\"mq\":\"Made Good\",\"nm\":\"Barre filet de chocolat g\u00E2teau anniversaire\",\"nme\":\"Chocolate Drizzle Birthday Cake Bar\",\"attr\":\"\",\"sku\":\"11540\",\"l2\":\"C\u00E9r\u00E9ales et barre\",\"sl\":\"barre-filet-de-chocolat-gateau-anniversaire-made-good-11540\",\"sn\":\"\",\"idxP\":27},{\"mq\":\"Viva Panettone\",\"nm\":\"Le Signature\",\"nme\":\"Le Signature\",\"attr\":\"\",\"sku\":\"11507\",\"l2\":\"Panettone\",\"sl\":\"le-signature-viva-panettone-11507\",\"sn\":\"\",\"idxP\":5},{\"mq\":\"Club House\",\"nm\":\"Assaisonnement ail plus\",\"nme\":\"Garlic Plus Seasoning\",\"attr\":\"\",\"sku\":\"11442\",\"l2\":\"\u00C9pice, sel et poivre\",\"sl\":\"assaisonnement-ail-plus-club-house-11442\",\"sn\":\"\",\"idxP\":28},{\"mq\":\"Cattlemans\",\"nm\":\"\u00C9pice \u00E0 frotter smokehouse\",\"nme\":\"Smokehouse Spice Rub\",\"attr\":\"\",\"sku\":\"67375\",\"l2\":\"\u00C9pice, sel et poivre\",\"sl\":\"epice-a-frotter-smokehouse-cattlemans-67375\",\"sn\":\"\",\"idxP\":15},{\"mq\":\"Pataks\",\"nm\":\"Sauce poulet au beurre\",\"nme\":\"Butter Chicken Sauce\",\"attr\":\"\",\"sku\":\"11563\",\"l2\":\"Sauce\",\"sl\":\"sauce-poulet-au-beurre-pataks-11563\",\"sn\":\"\",\"idxP\":0},{\"mq\":\"Plantin\",\"nm\":\"Huile truffe blanche\",\"nme\":\"White Truffle Oil\",\"attr\":\"\",\"sku\":\"11561\",\"l2\":\"Huile et vinaigre\",\"sl\":\"huile-truffe-blanche-plantin-11561\",\"sn\":\"\",\"idxP\":22},{\"mq\":\"Terra Mia\",\"nm\":\"Huile d'olive extra vierge\",\"nme\":\"Extra Virgin Olive Oil\",\"attr\":\"\",\"sku\":\"11604\",\"l2\":\"Huile et vinaigre\",\"sl\":\"huile-dolive-extra-vierge-terra-mia-11604\",\"sn\":\"\",\"idxP\":7},{\"mq\":\"Mayrand CHEF\",\"nm\":\"Mayonnaise\",\"nme\":\"Mayonnaise\",\"attr\":\"Produit local\",\"sku\":\"67695\",\"l2\":\"Condiment\",\"sl\":\"mayonnaise-mayrand-chef-67695\",\"sn\":\"mayonnaise\",\"idxP\":0},{\"mq\":\"Mayrand CHEF\",\"nm\":\"Mayonnaise\",\"nme\":\"Mayonnaise\",\"attr\":\"\",\"sku\":\"67696\",\"l2\":\"Condiment\",\"sl\":\"mayonnaise-mayrand-chef-67696\",\"sn\":\"mayonnaise\",\"idxP\":15},{\"mq\":\"Alia\",\"nm\":\"Riz parfum\u00E9 au jasmin\",\"nme\":\"Jasmine Rice\",\"attr\":\"\",\"sku\":\"11637\",\"l2\":\"Riz et grain\",\"sl\":\"riz-parfume-au-jasmin-alia-11637\",\"sn\":\"\",\"idxP\":0},{\"mq\":\"R.Fortin\",\"nm\":\"Couscous moyen\",\"nme\":\"Medium couscous\",\"attr\":\"\",\"sku\":\"31595\",\"l2\":\"Riz et grain\",\"sl\":\"couscous-moyen-r.fortin-31595\",\"sn\":\"\",\"idxP\":5},{\"mq\":\"Mayrand CHEF\",\"nm\":\"Mayonnaise\",\"nme\":\"Mayonnaise\",\"attr\":\"\",\"sku\":\"67694\",\"l2\":\"Condiment\",\"sl\":\"mayonnaise-mayrand-chef-67694\",\"sn\":\"mayonnaise\",\"idxP\":2},{\"mq\":\"Bubblemaniac\",\"nm\":\"Bulles Fusion BFCS4 | mangue\",\"nme\":\"Popping Boba BFCS4 | Mango\",\"attr\":\"\",\"sku\":\"11685\",\"l2\":\"Bar laitier\",\"sl\":\"bulles-fusion-bfcs4-mangue-bubblemaniac-11685\",\"sn\":\"mangues\",\"idxP\":25},{\"mq\":\"Clover Leaf\",\"nm\":\"Thon p\u00E2le \u00E9miett\u00E9 dans l'eau\",\"nme\":\"Flaked Light Tuna In Water\",\"attr\":\"\",\"sku\":\"26338\",\"l2\":\"Poisson et viande en conserve\",\"sl\":\"thon-pale-emiette-dans-leau-clover-leaf-26338\",\"sn\":\"\",\"idxP\":0},{\"mq\":\"Bubblemaniac\",\"nm\":\"Bulles Fusion BFCS4 | fraise\",\"nme\":\"Popping Boba BFCS4 | Strawberry\",\"attr\":\"\",\"sku\":\"11689\",\"l2\":\"Bar laitier\",\"sl\":\"bulles-fusion-bfcs4-fraise-bubblemaniac-11689\",\"sn\":\"fraises\",\"idxP\":34},{\"mq\":\"Vicenzi\",\"nm\":\"Biscuits amaretti italiens\",\"nme\":\"Amaretti Italian Cookies\",\"attr\":\"\",\"sku\":\"11698\",\"l2\":\"Biscuit et craquelin\",\"sl\":\"biscuits-amaretti-italiens-vicenzi-11698\",\"sn\":\"\",\"idxP\":0},{\"mq\":\"Bubblemaniac\",\"nm\":\"Bulles Fusion BFCS4 | melon d'eau\",\"nme\":\"Popping Boba BFCS4 | Watermelon\",\"attr\":\"\",\"sku\":\"11688\",\"l2\":\"Bar laitier\",\"sl\":\"bulles-fusion-bfcs4-melon-deau-bubblemaniac-11688\",\"sn\":\"\",\"idxP\":19},{\"mq\":\"Wing's\",\"nm\":\"Nouilles frites\",\"nme\":\"Fried Noodles\",\"attr\":\"\",\"sku\":\"12846\",\"l2\":\"P\u00E2tes\",\"sl\":\"nouilles-frites-wings-12846\",\"sn\":\"\",\"idxP\":0},{\"mq\":\"Bubblemaniac\",\"nm\":\"Bulles Fusion BFCS4 | framboise\",\"nme\":\"Popping Boba BFCS4 | Raspberry\",\"attr\":\"\",\"sku\":\"11680\",\"l2\":\"Bar laitier\",\"sl\":\"bulles-fusion-bfcs4-framboise-bubblemaniac-11680\",\"sn\":\"framboises\",\"idxP\":26},{\"mq\":\"Bubblemaniac\",\"nm\":\"Bulles Fusion BFCS4 | citron\",\"nme\":\"Popping Boba BFCS4 | Lemon\",\"attr\":\"\",\"sku\":\"11686\",\"l2\":\"Bar laitier\",\"sl\":\"bulles-fusion-bfcs4-citron-bubblemaniac-11686\",\"sn\":\"citrons\",\"idxP\":15},{\"mq\":\"Aurora\",\"nm\":\"Tartinade antipasto La Bomba\",\"nme\":\"La Bomba Antipasto Spread\",\"attr\":\"\",\"sku\":\"11700\",\"l2\":\"Marinade\",\"sl\":\"tartinade-antipasto-la-bomba-aurora-11700\",\"sn\":\"\",\"idxP\":0},{\"mq\":\"Bubblemaniac\",\"nm\":\"Bulles Fusion BFCS4 | fruit passion\",\"nme\":\"Popping Boba BFCS4 | Passion Fruit\",\"attr\":\"\",\"sku\":\"11687\",\"l2\":\"Bar laitier\",\"sl\":\"bulles-fusion-bfcs4-fruit-passion-bubblemaniac-11687\",\"sn\":\"\",\"idxP\":15},{\"mq\":\"Wing's\",\"nm\":\"Biscuit chinois\",\"nme\":\"Fortune Cookie\",\"attr\":\"\",\"sku\":\"12634\",\"l2\":\"Biscuit et craquelin\",\"sl\":\"biscuit-chinois-wings-12634\",\"sn\":\"\",\"idxP\":0},{\"mq\":\"Banquet\",\"nm\":\"Piment rouge doux r\u00F4ti\",\"nme\":\"Roasted Sweet Pepper\",\"attr\":\"\",\"sku\":\"11772\",\"l2\":\"Marinade\",\"sl\":\"piment-rouge-doux-roti-banquet-11772\",\"sn\":\"\",\"idxP\":0},{\"mq\":\"Takis\",\"nm\":\"Takis bleu br\u00FBlant\",\"nme\":\"Blue Heat Takis\",\"attr\":\"\",\"sku\":\"11832\",\"l2\":\"Croustille et grignotine\",\"sl\":\"takis-bleu-brulant-takis-11832\",\"sn\":\"\",\"idxP\":0},{\"mq\":\"Lotus\",\"nm\":\"Tartinade Biscoff\",\"nme\":\"Biscoff Spread\",\"attr\":\"\",\"sku\":\"11974\",\"l2\":\"Confiture et tartinade\",\"sl\":\"tartinade-biscoff-lotus-11974\",\"sn\":\"\",\"idxP\":8},{\"mq\":\"Italia\",\"nm\":\"Huile de grignon d'olive\",\"nme\":\"Pomace Olive Oil\",\"attr\":\"\",\"sku\":\"11936\",\"l2\":\"Huile et vinaigre\",\"sl\":\"huile-de-grignon-dolive-italia-11936\",\"sn\":\"\",\"idxP\":0},{\"mq\":\"Rose Hill\",\"nm\":\"Piment de Jama\u00EFque entier\",\"nme\":\"Whole Jamaican Pepper\",\"attr\":\"\",\"sku\":\"12011\",\"l2\":\"\u00C9pice, sel et poivre\",\"sl\":\"piment-de-jamaique-entier-rose-hill-12011\",\"sn\":\"piments\",\"idxP\":0},{\"mq\":\"Takis\",\"nm\":\"Takis fuego emballage multiple 40 pqt\",\"nme\":\"Fuego Takis 40 Pcs Multi Pack\",\"attr\":\"\",\"sku\":\"11834\",\"l2\":\"Croustille et grignotine\",\"sl\":\"takis-fuego-emballage-multiple-40-pqt-takis-11834\",\"sn\":\"\",\"idxP\":1},{\"mq\":\"Quaker\",\"nm\":\"M\u00E9lange \u00E0 muffin avoine et chocolat\",\"nme\":\"Oatmeal Chocolate Muffin Mix\",\"attr\":\"\",\"sku\":\"67991\",\"l2\":\"Ingr\u00E9dient de p\u00E2tisserie\",\"sl\":\"melange-a-muffin-avoine-et-chocolat-quaker-67991\",\"sn\":\"\",\"idxP\":4},{\"mq\":\"Aurora\",\"nm\":\"Pois chiches\",\"nme\":\"Chickpeas\",\"attr\":\"\",\"sku\":\"12042\",\"l2\":\"L\u00E9gume en conserve\",\"sl\":\"pois-chiches-aurora-12042\",\"sn\":\"\",\"idxP\":0},{\"mq\":\"Aurora\",\"nm\":\"Haricots blancs\",\"nme\":\"White Kidney Beans\",\"attr\":\"\",\"sku\":\"12034\",\"l2\":\"L\u00E9gume en conserve\",\"sl\":\"haricots-blancs-aurora-12034\",\"sn\":\"\",\"idxP\":0},{\"mq\":\"Aurora\",\"nm\":\"Haricots noirs\",\"nme\":\"Black Beans\",\"attr\":\"\",\"sku\":\"12038\",\"l2\":\"L\u00E9gume en conserve\",\"sl\":\"haricots-noirs-aurora-12038\",\"sn\":\"\",\"idxP\":0},{\"mq\":\"Aurora\",\"nm\":\"Haricots romano\",\"nme\":\"Romano Beans\",\"attr\":\"\",\"sku\":\"12039\",\"l2\":\"L\u00E9gume en conserve\",\"sl\":\"haricots-romano-aurora-12039\",\"sn\":\"\",\"idxP\":0},{\"mq\":\"Aurora\",\"nm\":\"Haricots m\u00E9lang\u00E9s\",\"nme\":\"Mixed Beans\",\"attr\":\"\",\"sku\":\"12043\",\"l2\":\"L\u00E9gume en conserve\",\"sl\":\"haricots-melanges-aurora-12043\",\"sn\":\"\",\"idxP\":0},{\"mq\":\"Aurora\",\"nm\":\"Haricots rouges\",\"nme\":\"Red Kidney Beans\",\"attr\":\"\",\"sku\":\"12040\",\"l2\":\"L\u00E9gume en conserve\",\"sl\":\"haricots-rouges-aurora-12040\",\"sn\":\"\",\"idxP\":0},{\"mq\":\"Tiger Shrimps\",\"nm\":\"Riz parfum\u00E9\",\"nme\":\"Scented Rice\",\"attr\":\"\",\"sku\":\"68113\",\"l2\":\"Riz et grain\",\"sl\":\"riz-parfume-tiger-shrimps-68113\",\"sn\":\"\",\"idxP\":0},{\"mq\":\"Mayrand CHEF\",\"nm\":\"Remplissage pour tarte aux pommes\",\"nme\":\"Apple Pie Filling\",\"attr\":\"\",\"sku\":\"12146\",\"l2\":\"Ingr\u00E9dient de p\u00E2tisserie\",\"sl\":\"remplissage-pour-tarte-aux-pommes-mayrand-chef-12146\",\"sn\":\"apples, pommes\",\"idxP\":6},{\"mq\":\"Makaya\",\"nm\":\"Ma\u00EFs jaune granul\u00E9 #16\",\"nme\":\"#16 Yellow Corn Grits\",\"attr\":\"\",\"sku\":\"12278\",\"l2\":\"Riz et grain\",\"sl\":\"mais-jaune-granule-16-makaya-12278\",\"sn\":\"\",\"idxP\":0},{\"mq\":\"Makaya\",\"nm\":\"Petit mil\",\"nme\":\"Sorghum\",\"attr\":\"\",\"sku\":\"12279\",\"l2\":\"Riz et grain\",\"sl\":\"petit-mil-makaya-12279\",\"sn\":\"\",\"idxP\":0},{\"mq\":\"McLean\",\"nm\":\"Base lime pour barbotine RTU 5+1\",\"nme\":\"Lime Sirup Slush Base\",\"attr\":\"\",\"sku\":\"47842\",\"l2\":\"Bar laitier\",\"sl\":\"base-lime-pour-barbotine-rtu-51-mclean-47842\",\"sn\":\"slush\",\"idxP\":4},{\"mq\":\"Freddo\",\"nm\":\"Lapin chocolat lait fleurs dor\u00E9es\",\"nme\":\"Milk Chocolate Golden Flowers Bunny\",\"attr\":\"\",\"sku\":\"12299\",\"l2\":\"Ingr\u00E9dient de p\u00E2tisserie\",\"sl\":\"lapin-chocolat-lait-fleurs-dorees-freddo-12299\",\"sn\":\"\",\"idxP\":37},{\"mq\":\"Aurora\",\"nm\":\"Huile d'avocat\",\"nme\":\"Avocado Oil\",\"attr\":\"\",\"sku\":\"12271\",\"l2\":\"Huile et vinaigre\",\"sl\":\"huile-davocat-aurora-12271\",\"sn\":\"avocats\",\"idxP\":0},{\"mq\":\"Makaya\",\"nm\":\"Bl\u00E9 bulgur fonc\u00E9 #3\",\"nme\":\"#3 Dark Bulgarian Wheat\",\"attr\":\"\",\"sku\":\"12272\",\"l2\":\"Riz et grain\",\"sl\":\"ble-bulgur-fonce-3-makaya-12272\",\"sn\":\"\",\"idxP\":0},{\"mq\":\"Freddo\",\"nm\":\"Lapin surprise\",\"nme\":\"Bunny Surprise\",\"attr\":\"\",\"sku\":\"12298\",\"l2\":\"Ingr\u00E9dient de p\u00E2tisserie\",\"sl\":\"lapin-surprise-freddo-12298\",\"sn\":\"\",\"idxP\":35},{\"mq\":\"Lotus\",\"nm\":\"Garniture coulis Biscoff\",\"nme\":\"Biscoff Topping\",\"attr\":\"\",\"sku\":\"12314\",\"l2\":\"Bar laitier\",\"sl\":\"garniture-coulis-biscoff-lotus-12314\",\"sn\":\"\",\"idxP\":0},{\"mq\":\"Freddo\",\"nm\":\"Bouch\u00E9es de P\u00E2ques\",\"nme\":\"Easter Bites\",\"attr\":\"\",\"sku\":\"12296\",\"l2\":\"Ingr\u00E9dient de p\u00E2tisserie\",\"sl\":\"bouchees-de-paques-freddo-12296\",\"sn\":\"\",\"idxP\":33},{\"mq\":\"Lotus\",\"nm\":\"Chapelure Biscoff\",\"nme\":\"Biscoff Crumbs\",\"attr\":\"\",\"sku\":\"12315\",\"l2\":\"Bar laitier\",\"sl\":\"chapelure-biscoff-lotus-12315\",\"sn\":\"\",\"idxP\":28},{\"mq\":\"Miss Vickie's\",\"nm\":\"Croustilles sel et vinaigre\",\"nme\":\"Salt and Vinegar Chips\",\"attr\":\"\",\"sku\":\"68315\",\"l2\":\"Croustille et grignotine\",\"sl\":\"croustilles-sel-et-vinaigre-miss-vickies-68315\",\"sn\":\"croustille\",\"idxP\":0},{\"mq\":\"Berthelet\",\"nm\":\"Sauce aux cerises\",\"nme\":\"Cherry Sauce\",\"attr\":\"\",\"sku\":\"68288\",\"l2\":\"Condiment\",\"sl\":\"sauce-aux-cerises-berthelet-68288\",\"sn\":\"\",\"idxP\":0},{\"mq\":\"Olde style\",\"nm\":\"Portion marmelade orange pure\",\"nme\":\"Pure orange marmalade portion\",\"attr\":\"\",\"sku\":\"68281\",\"l2\":\"Confiture et tartinade\",\"sl\":\"portion-marmelade-orange-pure-olde-style-68281\",\"sn\":\"\",\"idxP\":0},{\"mq\":\"Berthelet\",\"nm\":\"Sauce \u00E0 l'ananas\",\"nme\":\"Pineapple Sauce\",\"attr\":\"\",\"sku\":\"68289\",\"l2\":\"Condiment\",\"sl\":\"sauce-a-lananas-berthelet-68289\",\"sn\":\"apples, ananas\",\"idxP\":0},{\"mq\":\"Berthelet\",\"nm\":\"Sauce aux prunes\",\"nme\":\"Plum Sauce\",\"attr\":\"\",\"sku\":\"68290\",\"l2\":\"Condiment\",\"sl\":\"sauce-aux-prunes-berthelet-68290\",\"sn\":\"\",\"idxP\":0},{\"mq\":\"Freddo\",\"nm\":\"Lapins caramel\",\"nme\":\"Caramel Bunnies\",\"attr\":\"\",\"sku\":\"12297\",\"l2\":\"Ingr\u00E9dient de p\u00E2tisserie\",\"sl\":\"lapins-caramel-freddo-12297\",\"sn\":\"\",\"idxP\":34},{\"mq\":\"Freddo\",\"nm\":\"Funimals\",\"nme\":\"Funimals\",\"attr\":\"\",\"sku\":\"12300\",\"l2\":\"Ingr\u00E9dient de p\u00E2tisserie\",\"sl\":\"funimals-freddo-12300\",\"sn\":\"\",\"idxP\":33},{\"mq\":\"Cheetos\",\"nm\":\"Croustilles grignotine fromage puff\",\"nme\":\"Cheese Puff Chips\",\"attr\":\"\",\"sku\":\"68316\",\"l2\":\"Croustille et grignotine\",\"sl\":\"croustilles-grignotine-fromage-puff-cheetos-68316\",\"sn\":\"croustille, fromages\",\"idxP\":0},{\"mq\":\"Bauli\",\"nm\":\"Colombe cr\u00E8me Baileys\",\"nme\":\"Baileys Cream Colombe\",\"attr\":\"\",\"sku\":\"12301\",\"l2\":\"Panettone\",\"sl\":\"colombe-creme-baileys-bauli-12301\",\"sn\":\"\",\"idxP\":0},{\"mq\":\"Oreo\",\"nm\":\"Garniture Oreo concass\u00E9e pour coupe glac\u00E9e\",\"nme\":\"Crushed Oreo Sundae Topping\",\"attr\":\"\",\"sku\":\"12313\",\"l2\":\"Sucre\",\"sl\":\"garniture-oreo-concassee-pour-coupe-glacee-oreo-12313\",\"sn\":\"\",\"idxP\":0},{\"mq\":\"Miss Vickie's\",\"nm\":\"Croustilles originales\",\"nme\":\"Original Chips\",\"attr\":\"\",\"sku\":\"68319\",\"l2\":\"Croustille et grignotine\",\"sl\":\"croustilles-originales-miss-vickies-68319\",\"sn\":\"croustille\",\"idxP\":0},{\"mq\":\"Olde style\",\"nm\":\"Portion miel moutarde\",\"nme\":\"Honey mustard portion\",\"attr\":\"\",\"sku\":\"68280\",\"l2\":\"Condiment\",\"sl\":\"portion-miel-moutarde-olde-style-68280\",\"sn\":\"\",\"idxP\":0},{\"mq\":\"Olde style\",\"nm\":\"Portion sauce BBQ\",\"nme\":\"BBQ sauce portion\",\"attr\":\"\",\"sku\":\"68284\",\"l2\":\"Condiment\",\"sl\":\"portion-sauce-bbq-olde-style-68284\",\"sn\":\"\",\"idxP\":0},{\"mq\":\"Berthelet\",\"nm\":\"Sauce aigre douce\",\"nme\":\"Sweet and Sour Sauce\",\"attr\":\"\",\"sku\":\"68292\",\"l2\":\"Condiment\",\"sl\":\"sauce-aigre-douce-berthelet-68292\",\"sn\":\"\",\"idxP\":0},{\"mq\":\"Berthelet\",\"nm\":\"Sauce teriyaki\",\"nme\":\"Teriyaki Sauce\",\"attr\":\"\",\"sku\":\"68293\",\"l2\":\"Condiment\",\"sl\":\"sauce-teriyaki-berthelet-68293\",\"sn\":\"\",\"idxP\":0},{\"mq\":\"Olde style\",\"nm\":\"Portion fraise pectine\",\"nme\":\"Strawberry jam portion\",\"attr\":\"\",\"sku\":\"68282\",\"l2\":\"Confiture et tartinade\",\"sl\":\"portion-fraise-pectine-olde-style-68282\",\"sn\":\"fraises\",\"idxP\":0},{\"mq\":\"Olde style\",\"nm\":\"Portion miel tartinade\",\"nme\":\"Honey spread portion\",\"attr\":\"\",\"sku\":\"68283\",\"l2\":\"Confiture et tartinade\",\"sl\":\"portion-miel-tartinade-olde-style-68283\",\"sn\":\"\",\"idxP\":0},{\"mq\":\"Olde style\",\"nm\":\"Portion sauce tartare\",\"nme\":\"Tartare sauce portion\",\"attr\":\"\",\"sku\":\"68297\",\"l2\":\"Condiment\",\"sl\":\"portion-sauce-tartare-olde-style-68297\",\"sn\":\"\",\"idxP\":0}], [{\"mq\":\"Tostitos\",\"nm\":\"Croustilles Tostitos scoop\",\"nme\":\"Tostitos Scoop Chips\",\"attr\":\"\",\"sku\":\"68317\",\"l2\":\"Croustille et grignotine\",\"sl\":\"croustilles-tostitos-scoop-tostitos-68317\",\"sn\":\"croustille\",\"idxP\":14},{\"mq\":\"Doritos\",\"nm\":\"Croustilles Doritos\",\"nme\":\"Doritos Chips\",\"attr\":\"\",\"sku\":\"68318\",\"l2\":\"Croustille et grignotine\",\"sl\":\"croustilles-doritos-doritos-68318\",\"sn\":\"croustille\",\"idxP\":0},{\"mq\":\"Olde style\",\"nm\":\"Portion caramel\",\"nme\":\"Caramel spread portion\",\"attr\":\"\",\"sku\":\"68296\",\"l2\":\"Confiture et tartinade\",\"sl\":\"portion-caramel-olde-style-68296\",\"sn\":\"\",\"idxP\":0},{\"mq\":\"Berthelet\",\"nm\":\"Sauce c\u00F4te lev\u00E9e moyenne\",\"nme\":\"Medium Spare Ribs Sauce\",\"attr\":\"\",\"sku\":\"68291\",\"l2\":\"Condiment\",\"sl\":\"sauce-cote-levee-moyenne-berthelet-68291\",\"sn\":\"\",\"idxP\":0},{\"mq\":\"Olde style\",\"nm\":\"Portion sauce aigre-douce\",\"nme\":\"Sweet and sour portion\",\"attr\":\"\",\"sku\":\"68294\",\"l2\":\"Condiment\",\"sl\":\"portion-sauce-aigre-douce-olde-style-68294\",\"sn\":\"\",\"idxP\":0},{\"mq\":\"Whyte's\",\"nm\":\"Cornichons cashers \u00E0 l'aneth\",\"nme\":\"Kosher Dill Pickles\",\"attr\":\"\",\"sku\":\"68337\",\"l2\":\"Marinade\",\"sl\":\"cornichons-cashers-a-laneth-mrs-whytes-68337\",\"sn\":\"\",\"idxP\":0},{\"mq\":\"Reese\",\"nm\":\"Garniture Reese concass\u00E9s pour coupe glac\u00E9e\",\"nme\":\"Reese Crushed Sunday Topping\",\"attr\":\"\",\"sku\":\"24992\",\"l2\":\"Bar laitier\",\"sl\":\"garniture-reese-concasses-pour-coupe-glacee-reese-24992\",\"sn\":\"\",\"idxP\":27},{\"mq\":\"Reese\",\"nm\":\"Garniture Reese concass\u00E9e pour coupe glac\u00E9e\",\"nme\":\"Reese Pieces Sunday Topping\",\"attr\":\"\",\"sku\":\"24990\",\"l2\":\"Bar laitier\",\"sl\":\"garniture-reese-concassee-pour-coupe-glacee-reese-24990\",\"sn\":\"\",\"idxP\":-12},{\"mq\":\"Takis\",\"nm\":\"Takis fuego nacho emballage multiple 40 pqt\",\"nme\":\"Fuego Nacho Takis 40 Pcs Multi Pack\",\"attr\":\"\",\"sku\":\"12411\",\"l2\":\"Croustille et grignotine\",\"sl\":\"takis-fuego-nacho-emballage-multiple-40-pqt-takis-12411\",\"sn\":\"\",\"idxP\":0},{\"mq\":\"Berthelet\",\"nm\":\"Sauce c\u00F4tes lev\u00E9es ail forte\",\"nme\":\"Strong Garlic Spare Ribs Sauce\",\"attr\":\"\",\"sku\":\"12406\",\"l2\":\"Condiment\",\"sl\":\"sauce-cotes-levees-ail-forte-berthelet-12406\",\"sn\":\"\",\"idxP\":0},{\"mq\":\"Tostitos\",\"nm\":\"Croustilles Tostitos style restaurant\",\"nme\":\"Tostitos Restaurant Style Chips\",\"attr\":\"\",\"sku\":\"68362\",\"l2\":\"Croustille et grignotine\",\"sl\":\"croustilles-tostitos-style-restaurant-tostitos-68362\",\"sn\":\"croustille\",\"idxP\":0},{\"mq\":\"Lallemand\",\"nm\":\"Levure instaferm or\",\"nme\":\"Instaferm Gold Yeast\",\"attr\":\"\",\"sku\":\"12424\",\"l2\":\"Ingr\u00E9dient de p\u00E2tisserie\",\"sl\":\"levure-instaferm-or-lallemand-12424\",\"sn\":\"\",\"idxP\":0},{\"mq\":\"Valli\",\"nm\":\"Riz \u00E0 grain long \u00E9tuv\u00E9\",\"nme\":\"Long Grain Parboiled Rice\",\"attr\":\"\",\"sku\":\"12470\",\"l2\":\"Riz et grain\",\"sl\":\"riz-a-grain-long-etuve-valli-12470\",\"sn\":\"\",\"idxP\":0},{\"mq\":\"Terra Delyssa\",\"nm\":\"Huile d'olive extra vierge\",\"nme\":\"Extra Virgin Olive Oil\",\"attr\":\"\",\"sku\":\"02196\",\"l2\":\"Huile et vinaigre\",\"sl\":\"huile-dolive-extra-vierge-02196\",\"sn\":\"\",\"idxP\":18},{\"mq\":\"Arctic Gardens\",\"nm\":\"Betteraves tranch\u00E9es\",\"nme\":\"Sliced Red Beets\",\"attr\":\"\",\"sku\":\"02474\",\"l2\":\"L\u00E9gume en conserve\",\"sl\":\"betteraves-tranchees-284-l-02474\",\"sn\":\"\",\"idxP\":27},{\"mq\":\"Cucina d'oro\",\"nm\":\"Tomates d\u00E9s\",\"nme\":\"Diced tomatoes\",\"attr\":\"\",\"sku\":\"03220\",\"l2\":\"Tomate en conserve\",\"sl\":\"tomates-des-284-l-03220\",\"sn\":\"tomates\",\"idxP\":13},{\"mq\":\"Flying goose\",\"nm\":\"Sauce sriracha\",\"nme\":\"Sriracha Sauce\",\"attr\":\"\",\"sku\":\"03453\",\"l2\":\"Condiment\",\"sl\":\"sauce-sriracha-03453\",\"sn\":\"\",\"idxP\":33},{\"mq\":\"Flying goose\",\"nm\":\"Sambal oelek\",\"nme\":\"Sambal oelek\",\"attr\":\"\",\"sku\":\"03534\",\"l2\":\"Condiment\",\"sl\":\"sambal-oelek-03534\",\"sn\":\"\",\"idxP\":33},{\"mq\":\"Valli\",\"nm\":\"Olives noires tranch\u00E9es\",\"nme\":\"Sliced Black Olives\",\"attr\":\"\",\"sku\":\"03571\",\"l2\":\"Marinade\",\"sl\":\"olives-noires-tranchees-284-l-03571\",\"sn\":\"\",\"idxP\":33},{\"mq\":\"Tropic\",\"nm\":\"Cocktail de fruit sirop l\u00E9ger\",\"nme\":\"Fruit Cocktail in Light Sirup\",\"attr\":\"\",\"sku\":\"03575\",\"l2\":\"Fruit en conserve\",\"sl\":\"cocktail-de-fruit-sirop-leger-03575\",\"sn\":\"\",\"idxP\":30},{\"mq\":\"Tropic\",\"nm\":\"Poires d\u00E9s sirop l\u00E9ger\",\"nme\":\"Pear diced light syrup\",\"attr\":\"\",\"sku\":\"03576\",\"l2\":\"Fruit en conserve\",\"sl\":\"poires-des-sirop-leger-03576\",\"sn\":\"poires\",\"idxP\":18},{\"mq\":\"Sun Med\",\"nm\":\"Mandarines en segments dans un sirop l\u00E9ger\",\"nme\":\"Mangerines in segments in a light syrup\",\"attr\":\"\",\"sku\":\"04879\",\"l2\":\"Fruit en conserve\",\"sl\":\"mandarines-en-segments-dans-un-sirop-leger-04879\",\"sn\":\"\",\"idxP\":18},{\"mq\":\"Berthelet\",\"nm\":\"Pouding instantan\u00E9 \u00E0 la banane\",\"nme\":\"Banana Instant Pudding\",\"attr\":\"\",\"sku\":\"05909\",\"l2\":\"Fruit en conserve\",\"sl\":\"pouding-instantane-a-la-banane-1-kg-05909\",\"sn\":\"ananas, bananes\",\"idxP\":14},{\"mq\":\"Aurora\",\"nm\":\"Lentilles\",\"nme\":\"Lentils\",\"attr\":\"\",\"sku\":\"12041\",\"l2\":\"L\u00E9gume en conserve\",\"sl\":\"lentilles-398-ml-12041\",\"sn\":\"\",\"idxP\":33},{\"mq\":\"Exotic\",\"nm\":\"Couscous moyen\",\"nme\":\"Medium Coucous\",\"attr\":\"\",\"sku\":\"12123\",\"l2\":\"Riz et grain\",\"sl\":\"couscous-moyen-12123\",\"sn\":\"\",\"idxP\":33},{\"mq\":\"Jell-O\",\"nm\":\"Gel\u00E9e en poudre \u00E0 la limette\",\"nme\":\"Lime Powder Jelly\",\"attr\":\"\",\"sku\":\"20082\",\"l2\":\"Fruit en conserve\",\"sl\":\"gelee-en-poudre-a-la-limette-20082\",\"sn\":\"\",\"idxP\":23},{\"mq\":\"Cucina d'oro\",\"nm\":\"Olives vertes enti\u00E8res\",\"nme\":\"Whole Green Olives\",\"attr\":\"\",\"sku\":\"28155\",\"l2\":\"Marinade\",\"sl\":\"olives-vertes-entieres-28155\",\"sn\":\"\",\"idxP\":13},{\"mq\":\"Agrofusion\",\"nm\":\"Petits haricots rouges\",\"nme\":\"Small Red Beans\",\"attr\":\"\",\"sku\":\"29083\",\"l2\":\"Riz et grain\",\"sl\":\"petits-haricots-rouges-4-kg-29083\",\"sn\":\"\",\"idxP\":5},{\"mq\":\"Cucina d'oro\",\"nm\":\"Olives marin\u00E9es craqu\u00E9es\",\"nme\":\"Sliced Marinated Olives\",\"attr\":\"\",\"sku\":\"29114\",\"l2\":\"Marinade\",\"sl\":\"olives-marinees-craquees-29114\",\"sn\":\"\",\"idxP\":15},{\"mq\":\"Cibona\",\"nm\":\"Oignon sucr\u00E9\",\"nme\":\"Sewwt Onion\",\"attr\":\"\",\"sku\":\"32839\",\"l2\":\"Marinade\",\"sl\":\"oignon-sucre-32839\",\"sn\":\"onions, oignons\",\"idxP\":33},{\"mq\":\"Quaker\",\"nm\":\"M\u00E9lange \u00E0 biscuit \u00E0 l'avoine\",\"nme\":\"Oat Cookie Mix\",\"attr\":\"\",\"sku\":\"33618\",\"l2\":\"Ingr\u00E9dient de p\u00E2tisserie\",\"sl\":\"melange-a-biscuit-a-lavoine-33618\",\"sn\":\"\",\"idxP\":17},{\"mq\":\"Cibona\",\"nm\":\"Marinade m\u00E9lange sucre\",\"nme\":\"Sweet Pickles Mix\",\"attr\":\"\",\"sku\":\"35823\",\"l2\":\"Marinade\",\"sl\":\"marinades-melangees-sucrees-4-l-35823\",\"sn\":\"\",\"idxP\":14},{\"mq\":\"Cibona\",\"nm\":\"Oignons marin\u00E9s surs\",\"nme\":\"Sour Pickled Onions\",\"attr\":\"\",\"sku\":\"37118\",\"l2\":\"Marinade\",\"sl\":\"oignons-marines-surs-4-l-37118\",\"sn\":\"onions, oignons\",\"idxP\":14},{\"mq\":\"Querico\",\"nm\":\"Bonbon mini melon sur\",\"nme\":\"Mini Sur Melon Candy\",\"attr\":\"\",\"sku\":\"37348\",\"l2\":\"Confiserie\",\"sl\":\"bonbon-mini-melon-sur-37348\",\"sn\":\"\",\"idxP\":22},{\"mq\":\"Heinz\",\"nm\":\"Moutarde jaune\",\"nme\":\"Mustard Big Yellow Bottle\",\"attr\":\"\",\"sku\":\"38363\",\"l2\":\"Condiment\",\"sl\":\"moutarde-jaune-38363\",\"sn\":\"\",\"idxP\":33},{\"mq\":\"French's\",\"nm\":\"Ketchup m\u00E9ga plastique\",\"nme\":\"Ketchup mega  plastic\",\"attr\":\"\",\"sku\":\"40347\",\"l2\":\"Condiment\",\"sl\":\"ketchup-mega-plastique-40347\",\"sn\":\"\",\"idxP\":0},{\"mq\":\"Valli\",\"nm\":\"F\u00E9cule de ma\u00EFs\",\"nme\":\"Corn Starch\",\"attr\":\"\",\"sku\":\"66505\",\"l2\":\"Ingr\u00E9dient de p\u00E2tisserie\",\"sl\":\"fecule-de-mais-66505\",\"sn\":\"\",\"idxP\":6},{\"mq\":\"Dare\",\"nm\":\"Biscuits pattes d'ours g\u00E2teau anniversaire\",\"nme\":\"Bear Paws Birthday Cake\",\"attr\":\"\",\"sku\":\"67570\",\"l2\":\"Biscuit et craquelin\",\"sl\":\"biscuits-pattes-dours-gateau-anniversaire-67570\",\"sn\":\"\",\"idxP\":4},{\"mq\":\"Sifto\",\"nm\":\"Gros sel \u00E0 marinade\",\"nme\":\"Coarse Pickling Salt\",\"attr\":\"\",\"sku\":\"68380\",\"l2\":\"\u00C9pice, sel et poivre\",\"sl\":\"gros-sel-a-marinade-68380\",\"sn\":\"\",\"idxP\":20},{\"mq\":\"Kellogg's\",\"nm\":\"C\u00E9r\u00E9ales Froot Loops\",\"nme\":\"Froot Loops Cereal\",\"attr\":\"\",\"sku\":\"68388\",\"l2\":\"C\u00E9r\u00E9ales et barre\",\"sl\":\"cereales-froot-loops-68388\",\"sn\":\"\",\"idxP\":0},{\"mq\":\"Earth's choice\",\"nm\":\"Cr\u00E8me de noix de coco biologique\",\"nme\":\"Organic Coconut Cream\",\"attr\":\"\",\"sku\":\"14366\",\"l2\":\"Ingr\u00E9dient de p\u00E2tisserie\",\"sl\":\"creme-de-noix-de-coco-biologique-14366\",\"sn\":\"biologique, bio, organic, organique\",\"idxP\":33},{\"mq\":\"Haiku\",\"nm\":\"Cr\u00E8me de coco sucr\u00E9e\",\"nme\":\"Sweet coconut cream\",\"attr\":\"\",\"sku\":\"30228\",\"l2\":\"Ingr\u00E9dient de p\u00E2tisserie\",\"sl\":\"creme-de-coco-sucree-30228\",\"sn\":\"\",\"idxP\":17},{\"mq\":\"Agrocan\",\"nm\":\"Lait de coco\",\"nme\":\"Coconut Milk\",\"attr\":\"\",\"sku\":\"34179\",\"l2\":\"Ingr\u00E9dient de p\u00E2tisserie\",\"sl\":\"lait-de-coco-34179\",\"sn\":\"\",\"idxP\":33},{\"mq\":\"Brands\",\"nm\":\"Bonbon g\u00E9latine Gummi Party\",\"nme\":\"Gummi Party Gelatin Candy\",\"attr\":\"\",\"sku\":\"01128\",\"l2\":\"Confiserie\",\"sl\":\"bonbon-gelatine-gummi-party-01128\",\"sn\":\"\",\"idxP\":0},{\"mq\":\"R\u00E9gal\",\"nm\":\"Rouleaux rocket\",\"nme\":\"Rocket Rolls\",\"attr\":\"\",\"sku\":\"02657\",\"l2\":\"Confiserie\",\"sl\":\"rouleaux-rocket-02657\",\"sn\":\"\",\"idxP\":0},{\"mq\":\"Valli\",\"nm\":\"Vinaigre balsamique de Mod\u00E8ne IGP\",\"nme\":\"Modena IGP Balsamic Vinegar\",\"attr\":\"\",\"sku\":\"10290\",\"l2\":\"Huile et vinaigre\",\"sl\":\"vinaigre-balsamique-de-modene-igp-10290\",\"sn\":\"\",\"idxP\":8},{\"mq\":\"Gruo\",\"nm\":\"Gruau poire et chai\",\"nme\":\"Pear and Chai Oatmeal\",\"attr\":\"\",\"sku\":\"12518\",\"l2\":\"C\u00E9r\u00E9ales et barre\",\"sl\":\"gruau-poire-et-chai-12518\",\"sn\":\"poires\",\"idxP\":11},{\"mq\":\"Gruo\",\"nm\":\"Gruau pomme cannelle\",\"nme\":\"Apple Cinnamon Oatmeal\",\"attr\":\"\",\"sku\":\"12519\",\"l2\":\"C\u00E9r\u00E9ales et barre\",\"sl\":\"gruau-pomme-cannelle-12519\",\"sn\":\"apples, pommes\",\"idxP\":33},{\"mq\":\"Gruo\",\"nm\":\"Gruau pomme fraise\",\"nme\":\"Apple Strawberry Oatmeal\",\"attr\":\"\",\"sku\":\"12520\",\"l2\":\"C\u00E9r\u00E9ales et barre\",\"sl\":\"gruau-pomme-fraise-12520\",\"sn\":\"apples, fraises, pommes\",\"idxP\":33},{\"mq\":\"La Maison Orph\u00E9e\",\"nm\":\"Huile de noix de coco biologique d\u00E9sodoris\u00E9e\",\"nme\":\"Organic deodorized Coconut Oil\",\"attr\":\"\",\"sku\":\"12596\",\"l2\":\"Huile et vinaigre\",\"sl\":\"huile-de-noix-de-coco-biologique-desodorisee-12596\",\"sn\":\"biologique, bio, organic, organique\",\"idxP\":9},{\"mq\":\"Slush Puppie\",\"nm\":\"Base framboise 4L\",\"nme\":\"Raspberry Base 4L\",\"attr\":\"\",\"sku\":\"12626\",\"l2\":\"Bar laitier\",\"sl\":\"base-framboise-12626\",\"sn\":\"framboises\",\"idxP\":33},{\"mq\":\"Slush Puppie\",\"nm\":\"Base cerise 4 L\",\"nme\":\"Cherry Base 4 L\",\"attr\":\"\",\"sku\":\"12627\",\"l2\":\"Bar laitier\",\"sl\":\"base-cerise-12627\",\"sn\":\"\",\"idxP\":33},{\"mq\":\"Slush Puppie\",\"nm\":\"Base lime 4 L\",\"nme\":\"Lime Base 4 L\",\"attr\":\"\",\"sku\":\"12628\",\"l2\":\"Bar laitier\",\"sl\":\"base-lime-12628\",\"sn\":\"\",\"idxP\":33},{\"mq\":\"Slush Puppie\",\"nm\":\"Base melon d'eau\",\"nme\":\"Watermelon Base\",\"attr\":\"\",\"sku\":\"12629\",\"l2\":\"Bar laitier\",\"sl\":\"base-melon-deau-12629\",\"sn\":\"\",\"idxP\":33},{\"mq\":\"Rio\",\"nm\":\"Cornet gobelet #55\",\"nme\":\"Ice Cream Cone #55\",\"attr\":\"\",\"sku\":\"12637\",\"l2\":\"Bar laitier\",\"sl\":\"cornet-gobelet-55-12637\",\"sn\":\"\",\"idxP\":33},{\"mq\":\"Slush Puppie\",\"nm\":\"Base neutre\",\"nme\":\"Neutral Base\",\"attr\":\"\",\"sku\":\"12658\",\"l2\":\"Bar laitier\",\"sl\":\"base-neutre-12658\",\"sn\":\"\",\"idxP\":33},{\"mq\":\"Brands\",\"nm\":\"Bonbon partie de monstre g\u00E9latine\",\"nme\":\"Gummy Monster Parts\",\"attr\":\"\",\"sku\":\"12667\",\"l2\":\"Confiserie\",\"sl\":\"bonbon-partie-de-monstre-gelatine-12667\",\"sn\":\"\",\"idxP\":0},{\"mq\":\"Brands\",\"nm\":\"Bonbon moelleux s\u00FBr\",\"nme\":\"Sour Chewy Candy\",\"attr\":\"\",\"sku\":\"12668\",\"l2\":\"Confiserie\",\"sl\":\"bonbon-moelleux-sur-12668\",\"sn\":\"\",\"idxP\":0},{\"mq\":\"Lynch\",\"nm\":\"Sirop simple\",\"nme\":\"Simple Syrup\",\"attr\":\"\",\"sku\":\"12669\",\"l2\":\"Bar laitier\",\"sl\":\"sirop-simple-12669\",\"sn\":\"\",\"idxP\":0},{\"mq\":\"Lynch\",\"nm\":\"Sirop saveur fraise\",\"nme\":\"Strawberry Flavored Syrup\",\"attr\":\"\",\"sku\":\"12671\",\"l2\":\"Bar laitier\",\"sl\":\"sirop-saveur-fraise-12671\",\"sn\":\"fraises\",\"idxP\":0},{\"mq\":\"Freddo\",\"nm\":\"Chocolat fant\u00F4me vrac\",\"nme\":\"Bulk Ghost Chocolate\",\"attr\":\"\",\"sku\":\"12674\",\"l2\":\"Confiserie\",\"sl\":\"chocolat-fantome-vrac-12674\",\"sn\":\"\",\"idxP\":0},{\"mq\":\"Freddo\",\"nm\":\"Chocolat citrouille caramel\",\"nme\":\"Pumpkin Caramel Chocolate\",\"attr\":\"\",\"sku\":\"12675\",\"l2\":\"Confiserie\",\"sl\":\"chocolat-citrouille-caramel-12675\",\"sn\":\"\",\"idxP\":0},{\"mq\":\"Laura Secord\",\"nm\":\"Ensemble panier cadeau rouge\",\"nme\":\"Red Basket Gift Set\",\"attr\":\"\",\"sku\":\"12683\",\"l2\":\"Confiserie\",\"sl\":\"ensemble-panier-cadeau-rouge-12683\",\"sn\":\"\",\"idxP\":0},{\"mq\":\"Lindt\",\"nm\":\"Ensemble panier Le Gourmet\",\"nme\":\"Gourmet Basket Gift Set\",\"attr\":\"\",\"sku\":\"12684\",\"l2\":\"Confiserie\",\"sl\":\"ensemble-panier-le-gourmet-12684\",\"sn\":\"\",\"idxP\":0},{\"mq\":\"Delicia\",\"nm\":\"Huile d'olive extra vierge\",\"nme\":\"Extra Virgin Olive Oil\",\"attr\":\"\",\"sku\":\"37766\",\"l2\":\"Huile et vinaigre\",\"sl\":\"huile-dolive-extra-vierge-37766\",\"sn\":\"\",\"idxP\":33},{\"mq\":\"Querico\",\"nm\":\"Bonbon Halloween assortis\",\"nme\":\"Assorted Halloween Candy\",\"attr\":\"\",\"sku\":\"40461\",\"l2\":\"Confiserie\",\"sl\":\"bonbon-halloween-assortis-40461\",\"sn\":\"\",\"idxP\":0},{\"mq\":\"Delicia\",\"nm\":\"P\u00E2te de tomates\",\"nme\":\"Tomato Paste\",\"attr\":\"\",\"sku\":\"68386\",\"l2\":\"Tomate en conserve\",\"sl\":\"pate-de-tomates-68386\",\"sn\":\"tomates\",\"idxP\":33},{\"mq\":\"Delicia\",\"nm\":\"Tomates italiennes enti\u00E8res\",\"nme\":\"Whole Italian Tomatoes\",\"attr\":\"\",\"sku\":\"68387\",\"l2\":\"Tomate en conserve\",\"sl\":\"tomates-italiennes-entieres-68387\",\"sn\":\"tomates\",\"idxP\":33},{\"mq\":\"Brickstone\",\"nm\":\"Sauce duo BBQ asiatique\",\"nme\":\"BBQ Asian Sauce Duo\",\"attr\":\"\",\"sku\":\"68677\",\"l2\":\"Condiment\",\"sl\":\"sauce-duo-bbq-asiatique-68677\",\"sn\":\"\",\"idxP\":3},{\"mq\":\"Brickstone\",\"nm\":\"Sauce duo BBQ classique\",\"nme\":\"BBQ Classic Sauce Duo\",\"attr\":\"\",\"sku\":\"68678\",\"l2\":\"Condiment\",\"sl\":\"sauce-duo-bbq-classique-68678\",\"sn\":\"\",\"idxP\":3},{\"mq\":\"Brickstone\",\"nm\":\"Sauce duo teriyaki\",\"nme\":\"Teriyaki Sauce Duo\",\"attr\":\"\",\"sku\":\"68679\",\"l2\":\"Condiment\",\"sl\":\"sauce-duo-teriyaki-68679\",\"sn\":\"\",\"idxP\":4},{\"mq\":\"Brickstone\",\"nm\":\"Sauce duo steak poivre ail\",\"nme\":\"Pepper Garlic Steak Sauce Duo\",\"attr\":\"\",\"sku\":\"68682\",\"l2\":\"Condiment\",\"sl\":\"sauce-duo-steak-poivre-ail-68682\",\"sn\":\"\",\"idxP\":3},{\"mq\":\"Brickstone\",\"nm\":\"Sauce duo grillade savoureuse\",\"nme\":\"Smoky BBQ Sauce Duo\",\"attr\":\"\",\"sku\":\"68683\",\"l2\":\"Condiment\",\"sl\":\"sauce-duo-grillade-savoureuse-68683\",\"sn\":\"\",\"idxP\":4},{\"mq\":\"Brickstone\",\"nm\":\"Sauce duo General Tao\",\"nme\":\"General Tao Sauce Duo\",\"attr\":\"\",\"sku\":\"68684\",\"l2\":\"Condiment\",\"sl\":\"sauce-duo-general-tao-68684\",\"sn\":\"\",\"idxP\":3},{\"mq\":\"Smarties\",\"nm\":\"Garniture broy\u00E9e Smarties\",\"nme\":\"Crushed Smarties\",\"attr\":\"\",\"sku\":\"68724\",\"l2\":\"Bar laitier\",\"sl\":\"garniture-broyee-smarties-68724\",\"sn\":\"\",\"idxP\":0},{\"mq\":\"Coffee Crisp\",\"nm\":\"Garniture broy\u00E9e Coffee Crisp\",\"nme\":\"Crushed Coffee Crisp\",\"attr\":\"\",\"sku\":\"68725\",\"l2\":\"Bar laitier\",\"sl\":\"garniture-broyee-coffee-crisp-68725\",\"sn\":\"\",\"idxP\":0},{\"mq\":\"Kit Kat\",\"nm\":\"Garniture broy\u00E9e Kit Kat\",\"nme\":\"Crushed Kit Kat\",\"attr\":\"\",\"sku\":\"68726\",\"l2\":\"Bar laitier\",\"sl\":\"garniture-broyee-kit-kat-68726\",\"sn\":\"\",\"idxP\":0},{\"mq\":\"La Lich\u00E9e\",\"nm\":\"Caramel au beurre\",\"nme\":\"Butter Caramel\",\"attr\":\"\",\"sku\":\"12685\",\"l2\":\"Confiture et tartinade\",\"sl\":\"caramel-au-beurre-12685\",\"sn\":\"\",\"idxP\":0},{\"mq\":\"La Lich\u00E9e\",\"nm\":\"Caramel fleur de sel\",\"nme\":\"Salted Caramel\",\"attr\":\"\",\"sku\":\"12686\",\"l2\":\"Confiture et tartinade\",\"sl\":\"caramel-fleur-de-sel-12686\",\"sn\":\"\",\"idxP\":0},{\"mq\":\"Rio\",\"nm\":\"Cornet plat #59\",\"nme\":\"#59 Flat Ice Cream Cone\",\"attr\":\"\",\"sku\":\"12689\",\"l2\":\"Bar laitier\",\"sl\":\"cornet-plat-59-12689\",\"sn\":\"\",\"idxP\":0},{\"mq\":\"Rio\",\"nm\":\"Cornet sucr\u00E9 #52\",\"nme\":\"#52 Sweet Ice Cream Cone\",\"attr\":\"\",\"sku\":\"12690\",\"l2\":\"Bar laitier\",\"sl\":\"cornet-sucre-52-12690\",\"sn\":\"\",\"idxP\":0},{\"mq\":\"Rio\",\"nm\":\"Cornet conique #59\",\"nme\":\"#59 Conical Ice Cream Cone\",\"attr\":\"\",\"sku\":\"12691\",\"l2\":\"Bar laitier\",\"sl\":\"cornet-conique-59-12691\",\"sn\":\"\",\"idxP\":0},{\"mq\":\"Valli\",\"nm\":\"Vinaigre de vin rouge\",\"nme\":\"Red Wine Vinegar\",\"attr\":\"\",\"sku\":\"01193\",\"l2\":\"Huile et vinaigre\",\"sl\":\"vinaigre-de-vin-rouge-01193\",\"sn\":\"\",\"idxP\":0},{\"mq\":\"Caputo\",\"nm\":\"Farine pour p\u00E2tes\",\"nme\":\"Pasta Flour\",\"attr\":\"\",\"sku\":\"12701\",\"l2\":\"Farine, semoule et chapelure\",\"sl\":\"farine-pour-pates-12701\",\"sn\":\"\",\"idxP\":0},{\"mq\":\"Caputo\",\"nm\":\"Farine RED\",\"nme\":\"RED Flour\",\"attr\":\"\",\"sku\":\"12702\",\"l2\":\"Farine, semoule et chapelure\",\"sl\":\"farine-red-12702\",\"sn\":\"\",\"idxP\":0},{\"mq\":\"Caputo\",\"nm\":\"Farine 00\",\"nme\":\"00 Flour\",\"attr\":\"\",\"sku\":\"12703\",\"l2\":\"Farine, semoule et chapelure\",\"sl\":\"farine-00-12703\",\"sn\":\"\",\"idxP\":0},{\"mq\":\"Caputo\",\"nm\":\"Farine 00\",\"nme\":\"00 Flour\",\"attr\":\"\",\"sku\":\"12704\",\"l2\":\"Farine, semoule et chapelure\",\"sl\":\"farine-00-12704\",\"sn\":\"\",\"idxP\":0},{\"mq\":\"Banquet\",\"nm\":\"C\u00E9leri rave \u00E9minc\u00E9\",\"nme\":\"Celeriac Thin Sliced\",\"attr\":\"\",\"sku\":\"24790\",\"l2\":\"Marinade\",\"sl\":\"celeri-rave-emince-24790\",\"sn\":\"\",\"idxP\":0},{\"mq\":\"Caputo\",\"nm\":\"Farine pour pizza\",\"nme\":\"Pizza Flour\",\"attr\":\"\",\"sku\":\"12761\",\"l2\":\"Farine, semoule et chapelure\",\"sl\":\"farine-pour-pizza-12761\",\"sn\":\"\",\"idxP\":0},{\"mq\":\"Sticap\",\"nm\":\"P\u00E2te harissa\",\"nme\":\"Harissa Paste\",\"attr\":\"\",\"sku\":\"12782\",\"l2\":\"Condiment\",\"sl\":\"pate-harissa-12782\",\"sn\":\"\",\"idxP\":0},{\"mq\":\"Battistero\",\"nm\":\"Tronchetto cr\u00E8me chocolat\",\"nme\":\"Tronchetto chocolate cream\",\"attr\":\"\",\"sku\":\"12793\",\"l2\":\"Panettone\",\"sl\":\"tronchetto-creme-chocolat-12793\",\"sn\":\"\",\"idxP\":0},{\"mq\":\"Battistero\",\"nm\":\"Tronchetto cr\u00E8me caramel\",\"nme\":\"Tronchetto caramel cream\",\"attr\":\"\",\"sku\":\"12794\",\"l2\":\"Panettone\",\"sl\":\"tronchetto-creme-caramel-12794\",\"sn\":\"\",\"idxP\":0},{\"mq\":\"Scarpato\",\"nm\":\"Panettone chocolat dubai\",\"nme\":\"Dubai chocolate Panettone\",\"attr\":\"\",\"sku\":\"12802\",\"l2\":\"Panettone\",\"sl\":\"panettone-chocolat-dubai-12802\",\"sn\":\"\",\"idxP\":0},{\"mq\":\"Motta\",\"nm\":\"Panettone malaga\",\"nme\":\"Malaga panettone\",\"attr\":\"\",\"sku\":\"12805\",\"l2\":\"Panettone\",\"sl\":\"panettone-malaga-12805\",\"sn\":\"\",\"idxP\":0},{\"mq\":\"Sploosh\",\"nm\":\"Bonbons paquet vari\u00E9\",\"nme\":\"Mixed pack candy\",\"attr\":\"\",\"sku\":\"12806\",\"l2\":\"Confiserie\",\"sl\":\"bonbons-paquet-varie-12806\",\"sn\":\"\",\"idxP\":0},{\"mq\":\"Sploosh\",\"nm\":\"Bonbons framboise bleue\",\"nme\":\"Blue raspberry candy\",\"attr\":\"\",\"sku\":\"12807\",\"l2\":\"Confiserie\",\"sl\":\"bonbons-framboise-bleue-12807\",\"sn\":\"framboises\",\"idxP\":0},{\"mq\":\"Captain Galaxy\",\"nm\":\"Bonbon oeufs extraterrestres\",\"nme\":\"Alien eggs candy\",\"attr\":\"\",\"sku\":\"12808\",\"l2\":\"Confiserie\",\"sl\":\"bonbon-oeufs-extraterrestres-12808\",\"sn\":\"oeufs\",\"idxP\":0},{\"mq\":\"Captain Galaxy\",\"nm\":\"Bonbon fraises cosmiques\",\"nme\":\"Cosmic strawberries candy\",\"attr\":\"\",\"sku\":\"12810\",\"l2\":\"Confiserie\",\"sl\":\"bonbon-fraises-cosmiques-12810\",\"sn\":\"fraises\",\"idxP\":0},{\"mq\":\"Tacu\",\"nm\":\"Bonbon boulettes de viande\",\"nme\":\"Spaghetti meatballs candy\",\"attr\":\"\",\"sku\":\"12811\",\"l2\":\"Confiserie\",\"sl\":\"bonbon-boulettes-de-viande-12811\",\"sn\":\"\",\"idxP\":0},{\"mq\":\"Chocolat Habibi Dubai\",\"nm\":\"Chocolat au lait pistache kunafa\",\"nme\":\"Kunafa pistachio milk chocolate\",\"attr\":\"\",\"sku\":\"12820\",\"l2\":\"Confiserie\",\"sl\":\"chocolat-au-lait-pistache-kunafa-12820\",\"sn\":\"\",\"idxP\":0},{\"mq\":\"Chocolat Habibi Dubai\",\"nm\":\"Chocolat lotus caramel sal\u00E9\",\"nme\":\"salted caramel lotus chocolate\",\"attr\":\"\",\"sku\":\"12822\",\"l2\":\"Confiserie\",\"sl\":\"chocolat-lotus-caramel-sale-12822\",\"sn\":\"\",\"idxP\":0},{\"mq\":\"Freddo\",\"nm\":\"Chocolat P\u00E8re No\u00EBl creux\",\"nme\":\"Chocolate hollow santa claus\",\"attr\":\"\",\"sku\":\"12823\",\"l2\":\"Confiserie\",\"sl\":\"chocolat-pere-noel-creux-12823\",\"sn\":\"\",\"idxP\":0},{\"mq\":\"Freddo\",\"nm\":\"Chocolat P\u00E8re No\u00EBl creux\",\"nme\":\"Chocolate hollow santa claus\",\"attr\":\"\",\"sku\":\"12825\",\"l2\":\"Confiserie\",\"sl\":\"chocolat-pere-noel-creux-12825\",\"sn\":\"\",\"idxP\":0},{\"mq\":\"Freddo\",\"nm\":\"Bouch\u00E9es p\u00E8re no\u00EBl caramel\",\"nme\":\"Bite-size santas caramel\",\"attr\":\"\",\"sku\":\"12826\",\"l2\":\"Confiserie\",\"sl\":\"bouchees-pere-noel-caramel-12826\",\"sn\":\"\",\"idxP\":0},{\"mq\":\"Freddo\",\"nm\":\"Bouch\u00E9es p\u00E8re no\u00EBl chocolat au lait\",\"nme\":\"Bite-size santas milk chocolate\",\"attr\":\"\",\"sku\":\"12827\",\"l2\":\"Confiserie\",\"sl\":\"bouchees-pere-noel-chocolat-au-lait-12827\",\"sn\":\"\",\"idxP\":0},{\"mq\":\"Freddo\",\"nm\":\"Bouch\u00E9es p\u00E8re no\u00EBl chocolat noir 70%\",\"nme\":\"Bite-size santas 70% dark chocolate\",\"attr\":\"\",\"sku\":\"12828\",\"l2\":\"Confiserie\",\"sl\":\"bouchees-pere-noel-chocolat-noir-70-12828\",\"sn\":\"\",\"idxP\":0},{\"mq\":\"Di Stefano\",\"nm\":\"Panettone aux amandes siciliens\",\"nme\":\"Sicilian Almond Panettone\",\"attr\":\"\",\"sku\":\"12840\",\"l2\":\"Panettone\",\"sl\":\"panettone-aux-amandes-siciliens-12840\",\"sn\":\"amandes\",\"idxP\":0},{\"mq\":\"Di Stefano\",\"nm\":\"Panettone Classique Sicilien\",\"nme\":\"Classic Sicilian Panettone\",\"attr\":\"\",\"sku\":\"12841\",\"l2\":\"Panettone\",\"sl\":\"panettone-classique-sicilien-12841\",\"sn\":\"\",\"idxP\":0},{\"mq\":\"Di Stefano\",\"nm\":\"Panettone aux poires et au chocolat\",\"nme\":\"Pear Chocolate Panettone\",\"attr\":\"\",\"sku\":\"12842\",\"l2\":\"Panettone\",\"sl\":\"panettone-aux-poires-et-au-chocolat-12842\",\"sn\":\"poires\",\"idxP\":0},{\"mq\":\"Valentino\",\"nm\":\"Panettone raisin et zeste d'orange\",\"nme\":\"Raisin and orange zest panettone\",\"attr\":\"\",\"sku\":\"12845\",\"l2\":\"Panettone\",\"sl\":\"panettone-raisin-et-zeste-dorange-12845\",\"sn\":\"raisins\",\"idxP\":0},{\"mq\":\"Valentino\",\"nm\":\"Panettone cr\u00E8me de citron\",\"nme\":\"Lemon cream panettone\",\"attr\":\"\",\"sku\":\"12847\",\"l2\":\"Panettone\",\"sl\":\"panettone-creme-de-citron-12847\",\"sn\":\"citrons\",\"idxP\":0},{\"mq\":\"Valentino\",\"nm\":\"Pandoro\",\"nme\":\"Pandoro\",\"attr\":\"\",\"sku\":\"12848\",\"l2\":\"Panettone\",\"sl\":\"pandoro-12848\",\"sn\":\"\",\"idxP\":0},{\"mq\":\"Valentino\",\"nm\":\"Panettone cr\u00E8me de pistache\",\"nme\":\"Pistachio cream panettone\",\"attr\":\"\",\"sku\":\"12849\",\"l2\":\"Panettone\",\"sl\":\"panettone-creme-de-pistache-12849\",\"sn\":\"\",\"idxP\":0},{\"mq\":\"Valentino\",\"nm\":\"Panettone raisins et zeste d'orange SANS GLUTEN\",\"nme\":\"GLUTEN FREE raisin and orange zest panettone\",\"attr\":\"\",\"sku\":\"12855\",\"l2\":\"Panettone\",\"sl\":\"panettone-raisins-et-zeste-dorange-sans-gluten-12855\",\"sn\":\"raisins\",\"idxP\":0},{\"mq\":\"Valentino\",\"nm\":\"Panettone brisure de chocolat SANS GLUTEN\",\"nme\":\"GLUTEN FREE chocolate chip panettone\",\"attr\":\"\",\"sku\":\"12856\",\"l2\":\"Panettone\",\"sl\":\"panettone-brisure-de-chocolat-sans-gluten-12856\",\"sn\":\"\",\"idxP\":0},{\"mq\":\"Valentino\",\"nm\":\"Biscuits Biscottone Cacao\",\"nme\":\"Biscottone cocoa cookies\",\"attr\":\"\",\"sku\":\"12857\",\"l2\":\"Biscuit et craquelin\",\"sl\":\"biscuits-biscottone-cacao-12857\",\"sn\":\"\",\"idxP\":0},{\"mq\":\"Valentino\",\"nm\":\"Biscuits Biscottone au lait\",\"nme\":\"Biscottone milk cookies\",\"attr\":\"\",\"sku\":\"12858\",\"l2\":\"Biscuit et craquelin\",\"sl\":\"biscuits-biscottone-au-lait-12858\",\"sn\":\"\",\"idxP\":0},{\"mq\":\"Bauli\",\"nm\":\"Pandoro \u00E0 la cr\u00E8me Baileys\",\"nme\":\"Baileys Cream Pandoro\",\"attr\":\"\",\"sku\":\"28272\",\"l2\":\"Panettone\",\"sl\":\"pandoro-a-la-creme-baileys-28272\",\"sn\":\"\",\"idxP\":0},{\"mq\":\"Valentino\",\"nm\":\"Panettone marron glac\u00E9\",\"nme\":\"Glazed Chestnut Panettone\",\"attr\":\"\",\"sku\":\"12844\",\"l2\":\"Panettone\",\"sl\":\"panettone-marron-glace-12844\",\"sn\":\"\",\"idxP\":0},{\"mq\":\"Scarpato\",\"nm\":\"Panettone marron glac\u00E9\",\"nme\":\"Glazed Chestnut Panettone\",\"attr\":\"\",\"sku\":\"12861\",\"l2\":\"Panettone\",\"sl\":\"panettone-marron-glace-12861\",\"sn\":\"\",\"idxP\":0},{\"mq\":\"Scarpato\",\"nm\":\"Panettone chocolat S\u00E3o Tom\u00E9\",\"nme\":\"S\u00E3o tom\u00E9 Chocolate Panettone\",\"attr\":\"\",\"sku\":\"12862\",\"l2\":\"Panettone\",\"sl\":\"panettone-chocolat-sao-tome-12862\",\"sn\":\"\",\"idxP\":0},{\"mq\":\"Valentino\",\"nm\":\"Pandoro\",\"nme\":\"Pandoro\",\"attr\":\"\",\"sku\":\"12867\",\"l2\":\"Panettone\",\"sl\":\"pandoro-12867\",\"sn\":\"\",\"idxP\":0},{\"mq\":\"Brine\",\"nm\":\"Cornichon sucr\u00E9\",\"nme\":\"Sweet Pickle\",\"attr\":\"\",\"sku\":\"12967\",\"l2\":\"Marinade\",\"sl\":\"cornichon-sucre-12967\",\"sn\":\"\",\"idxP\":0},{\"mq\":\"Brine\",\"nm\":\"Cornichon aneth croquant\",\"nme\":\"Cruchy Dill Pickle\",\"attr\":\"\",\"sku\":\"12968\",\"l2\":\"Marinade\",\"sl\":\"cornichon-aneth-croquant-12968\",\"sn\":\"\",\"idxP\":0},{\"mq\":\"Brine\",\"nm\":\"Cornichon aneth extra ail\",\"nme\":\"Extra Garlic Dill Pickle\",\"attr\":\"\",\"sku\":\"12969\",\"l2\":\"Marinade\",\"sl\":\"cornichon-aneth-extra-ail-12969\",\"sn\":\"\",\"idxP\":0},{\"mq\":\"Brine\",\"nm\":\"Betterave marin\u00E9e tranch\u00E9e\",\"nme\":\"Sliced Marinated Beet\",\"attr\":\"\",\"sku\":\"12970\",\"l2\":\"Marinade\",\"sl\":\"betterave-marinee-tranchee-12970\",\"sn\":\"\",\"idxP\":0},{\"mq\":\"Toundra\",\"nm\":\"Relish nordique\",\"nme\":\"Nordic Relish\",\"attr\":\"\",\"sku\":\"12971\",\"l2\":\"Condiment\",\"sl\":\"relish-nordique-12971\",\"sn\":\"\",\"idxP\":0},{\"mq\":\"Ferrara\",\"nm\":\"Bonbon Halloween assortis\",\"nme\":\"Assorted Halloween Candy\",\"attr\":\"\",\"sku\":\"12988\",\"l2\":\"Confiserie\",\"sl\":\"bonbon-halloween-assortis-12988\",\"sn\":\"\",\"idxP\":0},{\"mq\":\"Caprice\",\"nm\":\"Gaufrette roul\u00E9e noisette cacao\",\"nme\":\"Hazelnut Cocoa Wafer Roll\",\"attr\":\"\",\"sku\":\"12997\",\"l2\":\"Biscuit et craquelin\",\"sl\":\"gaufrette-roulee-noisette-cacao-12997\",\"sn\":\"\",\"idxP\":0},{\"mq\":\"Laura Secord\",\"nm\":\"Sucre \u00E0 la cr\u00E8me\",\"nme\":\"Butter Cream Fudge\",\"attr\":\"\",\"sku\":\"13000\",\"l2\":\"Confiserie\",\"sl\":\"sucre-a-la-creme-13000\",\"sn\":\"\",\"idxP\":0},{\"mq\":\"Laura Secord\",\"nm\":\"Fudge au chocolat\",\"nme\":\"Chocolate Fudge\",\"attr\":\"\",\"sku\":\"13001\",\"l2\":\"Confiserie\",\"sl\":\"fudge-au-chocolat-13001\",\"sn\":\"\",\"idxP\":0},{\"mq\":\"Vachon\",\"nm\":\"G\u00E2teau rosette\",\"nme\":\"Rosette Cake\",\"attr\":\"\",\"sku\":\"13041\",\"l2\":\"Biscuit et craquelin\",\"sl\":\"gateau-rosette-13041\",\"sn\":\"\",\"idxP\":0},{\"mq\":\"Vachon\",\"nm\":\"G\u00E2teau doigt de dame\",\"nme\":\"Lady Finger Cake\",\"attr\":\"\",\"sku\":\"13042\",\"l2\":\"Biscuit et craquelin\",\"sl\":\"gateau-doigt-de-dame-13042\",\"sn\":\"\",\"idxP\":0},{\"mq\":\"Vachon\",\"nm\":\"G\u00E2teau croquette\",\"nme\":\"Croquette Cake\",\"attr\":\"\",\"sku\":\"13043\",\"l2\":\"Biscuit et craquelin\",\"sl\":\"gateau-croquette-13043\",\"sn\":\"\",\"idxP\":0},{\"mq\":\"Vachon\",\"nm\":\"G\u00E2teau roul\u00E9 suisse\",\"nme\":\"Swiss Roll Cake\",\"attr\":\"\",\"sku\":\"13044\",\"l2\":\"Biscuit et craquelin\",\"sl\":\"gateau-roule-suisse-13044\",\"sn\":\"\",\"idxP\":0},{\"mq\":\"Young & Young\",\"nm\":\"Litchi dans sirop\",\"nme\":\"Lychee in Syrup\",\"attr\":\"\",\"sku\":\"13046\",\"l2\":\"Fruit en conserve\",\"sl\":\"litchi-dans-sirop-13046\",\"sn\":\"\",\"idxP\":0},{\"mq\":\"Cholula\",\"nm\":\"Sauce chipotle\",\"nme\":\"Chipotle Sauce\",\"attr\":\"\",\"sku\":\"13065\",\"l2\":\"Condiment\",\"sl\":\"sauce-chipotle-13065\",\"sn\":\"\",\"idxP\":0},{\"mq\":\"Cholula\",\"nm\":\"Sauce piquante originale\",\"nme\":\"Original Hot Sauce\",\"attr\":\"\",\"sku\":\"13066\",\"l2\":\"Condiment\",\"sl\":\"sauce-piquante-originale-13066\",\"sn\":\"\",\"idxP\":0},{\"mq\":\"Cholula\",\"nm\":\"Sauce extra forte\",\"nme\":\"Extra Hot Sauce\",\"attr\":\"\",\"sku\":\"13067\",\"l2\":\"Condiment\",\"sl\":\"sauce-extra-forte-13067\",\"sn\":\"\",\"idxP\":0},{\"mq\":\"Cholula\",\"nm\":\"Sauce piquante originale\",\"nme\":\"Original Hot Sauce\",\"attr\":\"\",\"sku\":\"13068\",\"l2\":\"Condiment\",\"sl\":\"sauce-piquante-originale-13068\",\"sn\":\"\",\"idxP\":0},{\"mq\":\"Viva\",\"nm\":\"Croustilles l\u00E9gumes BBQ rondelles\",\"nme\":\"BBQ Veggie Chips Rings\",\"attr\":\"\",\"sku\":\"13069\",\"l2\":\"Croustille et grignotine\",\"sl\":\"croustilles-legumes-bbq-rondelles-13069\",\"sn\":\"croustille\",\"idxP\":0},{\"mq\":\"Buldak\",\"nm\":\"Nouilles instant ramen carbonara\",\"nme\":\"Carbonara Instant Ramen\",\"attr\":\"\",\"sku\":\"13079\",\"l2\":\"Soupe et bouillon\",\"sl\":\"nouilles-instant-ramen-carbonara-13079\",\"sn\":\"\",\"idxP\":0},{\"mq\":\"Buldak\",\"nm\":\"Nouilles instant ramen cr\u00E8me carbonara\",\"nme\":\"Carbonara Cream Instant Ramen\",\"attr\":\"\",\"sku\":\"13080\",\"l2\":\"Soupe et bouillon\",\"sl\":\"nouilles-instant-ramen-creme-carbonara-13080\",\"sn\":\"\",\"idxP\":0},{\"mq\":\"Buldak\",\"nm\":\"Nouilles instant ramen poulet piquant fromage\",\"nme\":\"Spicy Chicken Cheese Instant Ramen\",\"attr\":\"\",\"sku\":\"13081\",\"l2\":\"Soupe et bouillon\",\"sl\":\"nouilles-instant-ramen-poulet-piquant-fromage-13081\",\"sn\":\"fromages\",\"idxP\":0},{\"mq\":\"Buldak\",\"nm\":\"Nouilles instant ramen poulet \u00E9pic\u00E9\",\"nme\":\"Spicy Chicken Instant Ramen\",\"attr\":\"\",\"sku\":\"13082\",\"l2\":\"Soupe et bouillon\",\"sl\":\"nouilles-instant-ramen-poulet-epice-13082\",\"sn\":\"\",\"idxP\":0},{\"mq\":\"Buldak\",\"nm\":\"Sauce \u00E9pic\u00E9e poulet\",\"nme\":\"Hot Chicken Sauce\",\"attr\":\"\",\"sku\":\"13084\",\"l2\":\"Soupe et bouillon\",\"sl\":\"sauce-epicee-poulet-13084\",\"sn\":\"\",\"idxP\":0},{\"mq\":\"Buldak\",\"nm\":\"Sauce \u00E9pic\u00E9e poulet extr\u00EAme\",\"nme\":\"Extreme Hot Chicken Sauce\",\"attr\":\"\",\"sku\":\"13085\",\"l2\":\"Soupe et bouillon\",\"sl\":\"sauce-epicee-poulet-extreme-13085\",\"sn\":\"\",\"idxP\":0},{\"mq\":\"Buldak\",\"nm\":\"Sauce \u00E9pic\u00E9e poulet carbonara\",\"nme\":\"Carbonara Hot Chicken Sauce\",\"attr\":\"\",\"sku\":\"13087\",\"l2\":\"Soupe et bouillon\",\"sl\":\"sauce-epicee-poulet-carbonara-13087\",\"sn\":\"\",\"idxP\":0},{\"mq\":\"Nongshim\",\"nm\":\"Nouilles instant kimchi 5 en 1\",\"nme\":\"5 in 1 Kimchi Instant Ramen\",\"attr\":\"\",\"sku\":\"13088\",\"l2\":\"Soupe et bouillon\",\"sl\":\"nouilles-instant-kimchi-5-en-1-13088\",\"sn\":\"\",\"idxP\":0},{\"mq\":\"Nongshim\",\"nm\":\"Nouilles instant neoguri udon 5 en 1\",\"nme\":\"5 in 1 Neoguri Udon Instant Ramen\",\"attr\":\"\",\"sku\":\"13090\",\"l2\":\"Soupe et bouillon\",\"sl\":\"nouilles-instant-neoguri-udon-5-en-1-13090\",\"sn\":\"\",\"idxP\":0},{\"mq\":\"Nongshim\",\"nm\":\"Nouilles instant shin 5 en 1\",\"nme\":\"5 in 1 Shin Instant Ramen\",\"attr\":\"\",\"sku\":\"13092\",\"l2\":\"Soupe et bouillon\",\"sl\":\"nouilles-instant-shin-5-en-1-13092\",\"sn\":\"\",\"idxP\":0},{\"mq\":\"Nissin\",\"nm\":\"Nouilles instant boeuf\",\"nme\":\"Beef Cup Noodle\",\"attr\":\"\",\"sku\":\"13095\",\"l2\":\"Soupe et bouillon\",\"sl\":\"nouilles-instant-boeuf-13095\",\"sn\":\"oeufs\",\"idxP\":0},{\"mq\":\"Nissin\",\"nm\":\"Nouilles instant poulet\",\"nme\":\"Chicken Cup Noodle\",\"attr\":\"\",\"sku\":\"13096\",\"l2\":\"Soupe et bouillon\",\"sl\":\"nouilles-instant-poulet-13096\",\"sn\":\"\",\"idxP\":0},{\"nm\":\"Panier cadeau panettone Sofia\",\"nme\":\"Sofia Panettone Gift Basket\",\"attr\":\"\",\"sku\":\"13105\",\"l2\":\"Panettone\",\"sl\":\"panier-cadeau-panettone-sofia-13105\",\"sn\":\"\",\"idxP\":0},{\"nm\":\"Panier cadeau panettone Tortino\",\"nme\":\"Tortino Panettone Gift Basket\",\"attr\":\"\",\"sku\":\"13107\",\"l2\":\"Panettone\",\"sl\":\"panier-cadeau-panettone-tortino-13107\",\"sn\":\"\",\"idxP\":0},{\"nm\":\"Panier cadeau panettone Contea\",\"nme\":\"Contea Panettone Gift Basket\",\"attr\":\"\",\"sku\":\"13108\",\"l2\":\"Panettone\",\"sl\":\"panier-cadeau-panettone-contea-13108\",\"sn\":\"\",\"idxP\":0},{\"mq\":\"Brine\",\"nm\":\"Cornichon sucr\u00E9 \u00E9pic\u00E9\",\"nme\":\"Sweet and Spicy Pickle\",\"attr\":\"\",\"sku\":\"13114\",\"l2\":\"Marinade\",\"sl\":\"cornichon-sucre-epice-13114\",\"sn\":\"\",\"idxP\":0},{\"mq\":\"Casa Das Tias\",\"nm\":\"Sauce piri piri\",\"nme\":\"Piri Piri Sauce\",\"attr\":\"\",\"sku\":\"13126\",\"l2\":\"Condiment\",\"sl\":\"sauce-piri-piri-13126\",\"sn\":\"\",\"idxP\":0},{\"mq\":\"Milano\",\"nm\":\"Biscuit doigt de dame g\u00E9ant chocolat\",\"nme\":\"Chocolate Giant Lady Finger Cookie\",\"attr\":\"\",\"sku\":\"13135\",\"l2\":\"Biscuit et craquelin\",\"sl\":\"biscuit-doigt-de-dame-geant-chocolat-13135\",\"sn\":\"\",\"idxP\":0},{\"mq\":\"Milano\",\"nm\":\"Biscuit doigt de dame g\u00E9ant\",\"nme\":\"Giant Lady Finger Cookie\",\"attr\":\"\",\"sku\":\"13136\",\"l2\":\"Biscuit et craquelin\",\"sl\":\"biscuit-doigt-de-dame-geant-13136\",\"sn\":\"\",\"idxP\":0},{\"mq\":\"Windsor\",\"nm\":\"Sel gros \u00E0 marinade\",\"nme\":\"Coarse Pickling Salt\",\"attr\":\"\",\"sku\":\"13156\",\"l2\":\"\u00C9pice, sel et poivre\",\"sl\":\"sel-gros-a-marinade-13156\",\"sn\":\"\",\"idxP\":0},{\"mq\":\"Donata\",\"nm\":\"Sauce tomate Basilico\",\"nme\":\"Basilico Tomato Sauce\",\"attr\":\"\",\"sku\":\"13163\",\"l2\":\"Sauce\",\"sl\":\"sauce-tomate-basilico-13163\",\"sn\":\"tomates\",\"idxP\":0},{\"mq\":\"Donata\",\"nm\":\"Sauce tomate Puttanesca\",\"nme\":\"Puttanesca Tomato Sauce\",\"attr\":\"\",\"sku\":\"13164\",\"l2\":\"Sauce\",\"sl\":\"sauce-tomate-puttanesca-13164\",\"sn\":\"tomates\",\"idxP\":0},{\"mq\":\"Tarall'oro\",\"nm\":\"Cadeau No\u00EBl valigetta hexagonale\",\"nme\":\"Hexagonal Valigetta Christmas Gift\",\"attr\":\"\",\"sku\":\"13180\",\"l2\":\"Autre\",\"sl\":\"cadeau-noel-valigetta-hexagonale-13180\",\"sn\":\"\",\"idxP\":0},{\"mq\":\"La Lich\u00E9e\",\"nm\":\"Caramel \u00E0 l'\u00E9rable\",\"nme\":\"Maple Caramel\",\"attr\":\"\",\"sku\":\"13193\",\"l2\":\"Confiture et tartinade\",\"sl\":\"caramel-a-lerable-13193\",\"sn\":\"\",\"idxP\":0},{\"mq\":\"Elephant\",\"nm\":\"Bretzel s\u00E9same noir & blanc\",\"nme\":\"Black & White Sesame Pretzel\",\"attr\":\"\",\"sku\":\"13205\",\"l2\":\"Croustille et grignotine\",\"sl\":\"bretzel-sesame-noir-blanc-13205\",\"sn\":\"\",\"idxP\":0},{\"mq\":\"Elephant\",\"nm\":\"Bretzel sel de mer\",\"nme\":\"Sea Salt Pretzel\",\"attr\":\"\",\"sku\":\"13206\",\"l2\":\"Croustille et grignotine\",\"sl\":\"bretzel-sel-de-mer-13206\",\"sn\":\"\",\"idxP\":0},{\"mq\":\"Elephant\",\"nm\":\"Bretzel tomates & herbes\",\"nme\":\"Tomato & Herb Pretzel\",\"attr\":\"\",\"sku\":\"13207\",\"l2\":\"Croustille et grignotine\",\"sl\":\"bretzel-tomates-herbes-13207\",\"sn\":\"tomates\",\"idxP\":0},{\"mq\":\"Villa Toscane\",\"nm\":\"Huile de grignon d'olive\",\"nme\":\"Pomace Olive Oil\",\"attr\":\"\",\"sku\":\"13210\",\"l2\":\"Huile et vinaigre\",\"sl\":\"huile-de-grignon-dolive-13210\",\"sn\":\"\",\"idxP\":0},{\"mq\":\"Reginelli\",\"nm\":\"Huile canola avec huile d'olive extra vierge\",\"nme\":\"Canola Oil with Extra Virgin Olive Oil\",\"attr\":\"\",\"sku\":\"13211\",\"l2\":\"Huile et vinaigre\",\"sl\":\"huile-canola-avec-huile-dolive-extra-vierge-13211\",\"sn\":\"\",\"idxP\":0},{\"mq\":\"Costa\",\"nm\":\"Cr\u00E8me pistache sucr\u00E9e 20%\",\"nme\":\"20% Sweet Pistachio Cream\",\"attr\":\"\",\"sku\":\"13250\",\"l2\":\"Confiture et tartinade\",\"sl\":\"creme-pistache-sucree-20-13250\",\"sn\":\"\",\"idxP\":0},{\"mq\":\"Costa\",\"nm\":\"Cr\u00E8me pistache sucr\u00E9e\",\"nme\":\"Sweet Pistachio Cream\",\"attr\":\"\",\"sku\":\"13251\",\"l2\":\"Confiture et tartinade\",\"sl\":\"creme-pistache-sucree-13251\",\"sn\":\"\",\"idxP\":0},{\"mq\":\"Brine\",\"nm\":\"Piments bananes forts tranch\u00E9s\",\"nme\":\"Sliced Hot Banana Pepper\",\"attr\":\"\",\"sku\":\"13257\",\"l2\":\"Marinade\",\"sl\":\"piments-bananes-forts-tranches-13257\",\"sn\":\"ananas, bananes, piments\",\"idxP\":0},{\"mq\":\"Deci\",\"nm\":\"Panier No\u00EBl petit\",\"nme\":\"Small Christmas Basket\",\"attr\":\"\",\"sku\":\"13295\",\"l2\":\"Autre\",\"sl\":\"panier-noel-petit-13295\",\"sn\":\"\",\"idxP\":0},{\"mq\":\"Lion\",\"nm\":\"Vinaigre blanc 5%\",\"nme\":\"5% White Vinegar\",\"attr\":\"\",\"sku\":\"13361\",\"l2\":\"Huile et vinaigre\",\"sl\":\"vinaigre-blanc-5-13361\",\"sn\":\"\",\"idxP\":0},{\"mq\":\"Mechaalany\",\"nm\":\"Navet marin\u00E9\",\"nme\":\"Pickled Turnip\",\"attr\":\"\",\"sku\":\"13367\",\"l2\":\"Marinade\",\"sl\":\"navet-marine-13367\",\"sn\":\"\",\"idxP\":0},{\"mq\":\"Alkanater\",\"nm\":\"Tahini\",\"nme\":\"Tahini\",\"attr\":\"\",\"sku\":\"13368\",\"l2\":\"Condiment\",\"sl\":\"tahini-13368\",\"sn\":\"\",\"idxP\":0},{\"mq\":\"Choconutta\",\"nm\":\"Tartinade chocolat noisette\",\"nme\":\"Chocolate Hazelnut Spread\",\"attr\":\"\",\"sku\":\"13547\",\"l2\":\"Confiture et tartinade\",\"sl\":\"tartinade-chocolat-noisette-13547\",\"sn\":\"\",\"idxP\":0},{\"mq\":\"Little John\",\"nm\":\"Gruau cuisson rapide\",\"nme\":\"Quick Oats\",\"attr\":\"\",\"sku\":\"13551\",\"l2\":\"C\u00E9r\u00E9ales et barre\",\"sl\":\"gruau-cuisson-rapide-13551\",\"sn\":\"\",\"idxP\":0},{\"mq\":\"Little John\",\"nm\":\"Gruau cuisson rapide\",\"nme\":\"Quick Oats\",\"attr\":\"\",\"sku\":\"13552\",\"l2\":\"C\u00E9r\u00E9ales et barre\",\"sl\":\"gruau-cuisson-rapide-13552\",\"sn\":\"\",\"idxP\":0},{\"mq\":\"Twizzler\",\"nm\":\"Bonbon r\u00E9glisse fraise\",\"nme\":\"Strawberry Licorice Candy\",\"attr\":\"\",\"sku\":\"13553\",\"l2\":\"Confiserie\",\"sl\":\"bonbon-reglisse-fraise-13553\",\"sn\":\"fraises\",\"idxP\":4},{\"mq\":\"Italpasta\",\"nm\":\"P\u00E2tes capellini\",\"nme\":\"Capellini Pasta\",\"attr\":\"\",\"sku\":\"13554\",\"l2\":\"P\u00E2tes\",\"sl\":\"pates-capellini-13554\",\"sn\":\"\",\"idxP\":0},{\"mq\":\"Italpasta\",\"nm\":\"P\u00E2tes bucatini\",\"nme\":\"Bucatini Pasta\",\"attr\":\"\",\"sku\":\"13555\",\"l2\":\"P\u00E2tes\",\"sl\":\"pates-bucatini-13555\",\"sn\":\"\",\"idxP\":0},{\"mq\":\"Italpasta\",\"nm\":\"P\u00E2tes petites coquillettes\",\"nme\":\"Small Shell Pasta\",\"attr\":\"\",\"sku\":\"13559\",\"l2\":\"P\u00E2tes\",\"sl\":\"pates-petites-coquillettes-13559\",\"sn\":\"\",\"idxP\":0},{\"mq\":\"Italpasta\",\"nm\":\"P\u00E2tes orzo\",\"nme\":\"Orzo Pasta\",\"attr\":\"\",\"sku\":\"13564\",\"l2\":\"P\u00E2tes\",\"sl\":\"pates-orzo-13564\",\"sn\":\"\",\"idxP\":0},{\"mq\":\"Italpasta\",\"nm\":\"P\u00E2tes acini di pepe\",\"nme\":\"Acini Di Pepe Pasta\",\"attr\":\"\",\"sku\":\"13566\",\"l2\":\"P\u00E2tes\",\"sl\":\"pates-acini-di-pepe-13566\",\"sn\":\"\",\"idxP\":0},{\"mq\":\"Italpasta\",\"nm\":\"P\u00E2tes pennine rigate\",\"nme\":\"Pennine Rigate Pasta\",\"attr\":\"\",\"sku\":\"13568\",\"l2\":\"P\u00E2tes\",\"sl\":\"pates-pennine-rigate-13568\",\"sn\":\"\",\"idxP\":0},{\"mq\":\"Italpasta\",\"nm\":\"P\u00E2tes bocconcini\",\"nme\":\"Bocconcini Pasta\",\"attr\":\"\",\"sku\":\"13573\",\"l2\":\"P\u00E2tes\",\"sl\":\"pates-bocconcini-13573\",\"sn\":\"boconccini\",\"idxP\":0},{\"mq\":\"Italpasta\",\"nm\":\"P\u00E2tes coudes\",\"nme\":\"Elbow Pasta\",\"attr\":\"\",\"sku\":\"13575\",\"l2\":\"P\u00E2tes\",\"sl\":\"pates-coudes-13575\",\"sn\":\"\",\"idxP\":0},{\"mq\":\"Italpasta\",\"nm\":\"P\u00E2tes spaghetti\",\"nme\":\"Spaghetti Pasta\",\"attr\":\"\",\"sku\":\"13576\",\"l2\":\"P\u00E2tes\",\"sl\":\"pates-spaghetti-13576\",\"sn\":\"\",\"idxP\":0},{\"mq\":\"Italpasta\",\"nm\":\"P\u00E2tes spaghettini\",\"nme\":\"Spaghettini Pasta\",\"attr\":\"\",\"sku\":\"13577\",\"l2\":\"P\u00E2tes\",\"sl\":\"pates-spaghettini-13577\",\"sn\":\"\",\"idxP\":0},{\"mq\":\"Italpasta\",\"nm\":\"P\u00E2tes spaghetti sans gluten\",\"nme\":\"Gluten-Free Spaghetti Pasta\",\"attr\":\"\",\"sku\":\"13578\",\"l2\":\"P\u00E2tes\",\"sl\":\"pates-spaghetti-sans-gluten-13578\",\"sn\":\"\",\"idxP\":0},{\"mq\":\"Italpasta\",\"nm\":\"P\u00E2tes rigate sans gluten\",\"nme\":\"Gluten-Free Rigate Pasta\",\"attr\":\"\",\"sku\":\"13581\",\"l2\":\"P\u00E2tes\",\"sl\":\"pates-rigate-sans-gluten-13581\",\"sn\":\"\",\"idxP\":0},{\"mq\":\"Italpasta\",\"nm\":\"P\u00E2tes fusili sans gluten\",\"nme\":\"Gluten-Free Fusili Pasta\",\"attr\":\"\",\"sku\":\"13583\",\"l2\":\"P\u00E2tes\",\"sl\":\"pates-fusili-sans-gluten-13583\",\"sn\":\"\",\"idxP\":0},{\"mq\":\"Italpasta\",\"nm\":\"P\u00E2tes lasagne sans gluten\",\"nme\":\"Gluten-Free Lasagna Pasta\",\"attr\":\"\",\"sku\":\"13584\",\"l2\":\"P\u00E2tes\",\"sl\":\"pates-lasagne-sans-gluten-13584\",\"sn\":\"\",\"idxP\":0},{\"mq\":\"Italpasta\",\"nm\":\"P\u00E2tes vermicelli\",\"nme\":\"Vermicelli Pasta\",\"attr\":\"\",\"sku\":\"37474\",\"l2\":\"P\u00E2tes\",\"sl\":\"pates-vermicelli-37474\",\"sn\":\"\",\"idxP\":0},{\"mq\":\"Italpasta\",\"nm\":\"P\u00E2tes fettucine\",\"nme\":\"Fettucine Pasta\",\"attr\":\"\",\"sku\":\"37475\",\"l2\":\"P\u00E2tes\",\"sl\":\"pates-fettucine-37475\",\"sn\":\"\",\"idxP\":0},{\"mq\":\"Italpasta\",\"nm\":\"P\u00E2tes scoobi do\",\"nme\":\"Scoobi Do Pasta\",\"attr\":\"\",\"sku\":\"01131\",\"l2\":\"P\u00E2tes\",\"sl\":\"pates-scoobi-do-01131\",\"sn\":\"\",\"idxP\":0},{\"mq\":\"Italpasta\",\"nm\":\"P\u00E2tes spaghetti\",\"nme\":\"Spaghetti Pasta\",\"attr\":\"\",\"sku\":\"03455\",\"l2\":\"P\u00E2tes\",\"sl\":\"pates-spaghetti-03455\",\"sn\":\"\",\"idxP\":0},{\"mq\":\"Italpasta\",\"nm\":\"P\u00E2tes fettuccine\",\"nme\":\"Fettuccine Pasta\",\"attr\":\"\",\"sku\":\"03456\",\"l2\":\"P\u00E2tes\",\"sl\":\"pates-fettuccine-03456\",\"sn\":\"\",\"idxP\":0},{\"mq\":\"Italpasta\",\"nm\":\"P\u00E2tes spaghettini\",\"nme\":\"Spaghettini Pasta\",\"attr\":\"\",\"sku\":\"03457\",\"l2\":\"P\u00E2tes\",\"sl\":\"pates-spaghettini-03457\",\"sn\":\"\",\"idxP\":0},{\"mq\":\"Italpasta\",\"nm\":\"P\u00E2tes penne lisce\",\"nme\":\"Penne Lisce Pasta\",\"attr\":\"\",\"sku\":\"06786\",\"l2\":\"P\u00E2tes\",\"sl\":\"pates-penne-lisce-06786\",\"sn\":\"\",\"idxP\":0},{\"mq\":\"Italpasta\",\"nm\":\"P\u00E2tes fusili\",\"nme\":\"Fusili Pasta\",\"attr\":\"\",\"sku\":\"35129\",\"l2\":\"P\u00E2tes\",\"sl\":\"pates-fusili-35129\",\"sn\":\"\",\"idxP\":0},{\"mq\":\"Italpasta\",\"nm\":\"P\u00E2tes rigatoni\",\"nme\":\"Rigatoni Pasta\",\"attr\":\"\",\"sku\":\"37472\",\"l2\":\"P\u00E2tes\",\"sl\":\"pates-rigatoni-37472\",\"sn\":\"\",\"idxP\":0},{\"mq\":\"Italpasta\",\"nm\":\"P\u00E2tes fusili\",\"nme\":\"Fusili Pasta\",\"attr\":\"\",\"sku\":\"42982\",\"l2\":\"P\u00E2tes\",\"sl\":\"pates-fusili-42982\",\"sn\":\"\",\"idxP\":0},{\"mq\":\"Italpasta\",\"nm\":\"P\u00E2tes lasagne pr\u00EAte au four\",\"nme\":\"Oven Ready Lasagna Pasta\",\"attr\":\"\",\"sku\":\"42983\",\"l2\":\"P\u00E2tes\",\"sl\":\"pates-lasagne-prete-au-four-42983\",\"sn\":\"\",\"idxP\":0},{\"mq\":\"Italpasta\",\"nm\":\"P\u00E2tes penne rigate\",\"nme\":\"Penne Rigate Pasta\",\"attr\":\"\",\"sku\":\"48742\",\"l2\":\"P\u00E2tes\",\"sl\":\"pates-penne-rigate-48742\",\"sn\":\"\",\"idxP\":0},{\"mq\":\"Italpasta\",\"nm\":\"P\u00E2tes rotini\",\"nme\":\"Rotini Pasta\",\"attr\":\"\",\"sku\":\"48743\",\"l2\":\"P\u00E2tes\",\"sl\":\"pates-rotini-48743\",\"sn\":\"\",\"idxP\":0},{\"mq\":\"Italpasta\",\"nm\":\"P\u00E2tes coude\",\"nme\":\"Elbow Pasta\",\"attr\":\"\",\"sku\":\"48856\",\"l2\":\"P\u00E2tes\",\"sl\":\"pates-coude-48856\",\"sn\":\"\",\"idxP\":0},{\"mq\":\"Italpasta\",\"nm\":\"P\u00E2tes coquillettes\",\"nme\":\"Shell Pasta\",\"attr\":\"\",\"sku\":\"13640\",\"l2\":\"P\u00E2tes\",\"sl\":\"pates-coquillettes-13640\",\"sn\":\"\",\"idxP\":0},{\"mq\":\"Orville\",\"nm\":\"Popcorn au beurre\",\"nme\":\"Buttery Popcorn\",\"attr\":\"\",\"sku\":\"13641\",\"l2\":\"Croustille et grignotine\",\"sl\":\"popcorn-au-beurre-13641\",\"sn\":\"\",\"idxP\":0},{\"mq\":\"Banquet\",\"nm\":\"Betteraves tranch\u00E9es\",\"nme\":\"Sliced Red Beets\",\"attr\":\"\",\"sku\":\"11361\",\"l2\":\"L\u00E9gume en conserve\",\"sl\":\"betteraves-tranchees-11361\",\"sn\":\"\",\"idxP\":0},{\"mq\":\"Banquet\",\"nm\":\"Betteraves en d\u00E9s\",\"nme\":\"Diced Beets\",\"attr\":\"\",\"sku\":\"13673\",\"l2\":\"L\u00E9gume en conserve\",\"sl\":\"betteraves-en-des-13673\",\"sn\":\"\",\"idxP\":0},{\"mq\":\"Banquet\",\"nm\":\"Pommes de terre blanches tranch\u00E9es\",\"nme\":\"Sliced White Potatoes\",\"attr\":\"\",\"sku\":\"13678\",\"l2\":\"L\u00E9gume en conserve\",\"sl\":\"pommes-de-terre-blanches-tranchees-13678\",\"sn\":\"pommes\",\"idxP\":0},{\"mq\":\"Banquet\",\"nm\":\"Pommes de terre blanches enti\u00E8res\",\"nme\":\"Whole White Potatoes\",\"attr\":\"\",\"sku\":\"13679\",\"l2\":\"L\u00E9gume en conserve\",\"sl\":\"pommes-de-terre-blanches-entieres-13679\",\"sn\":\"pommes\",\"idxP\":0},{\"mq\":\"Banquet\",\"nm\":\"Ma\u00EFs \u00E9pis miniatures\",\"nme\":\"Whole Baby Corn\",\"attr\":\"\",\"sku\":\"13684\",\"l2\":\"L\u00E9gume en conserve\",\"sl\":\"mais-epis-miniatures-13684\",\"sn\":\"\",\"idxP\":0},{\"mq\":\"Tropic\",\"nm\":\"Cocktail fruits sirop l\u00E9ger\",\"nme\":\"Fruit Cocktail in Light Syrup\",\"attr\":\"\",\"sku\":\"13685\",\"l2\":\"Fruit en conserve\",\"sl\":\"cocktail-fruits-sirop-leger-13685\",\"sn\":\"\",\"idxP\":0},{\"mq\":\"Banquet\",\"nm\":\"Champignons pieds et morceaux\",\"nme\":\"Mushroom Stems and Pieces\",\"attr\":\"\",\"sku\":\"13686\",\"l2\":\"L\u00E9gume en conserve\",\"sl\":\"champignons-pieds-et-morceaux-13686\",\"sn\":\"\",\"idxP\":0},{\"mq\":\"Moulin-Charlevoix\",\"nm\":\"Farine bl\u00E9 Tradition\",\"nme\":\"Tradition Wheat Flour\",\"attr\":\"\",\"sku\":\"13690\",\"l2\":\"Farine, semoule et chapelure\",\"sl\":\"farine-ble-tradition-13690\",\"sn\":\"\",\"idxP\":0},{\"mq\":\"Moulin-Charlevoix\",\"nm\":\"Farine bl\u00E9 Cr\u00E8me\",\"nme\":\"Cream Wheat Flour\",\"attr\":\"\",\"sku\":\"13691\",\"l2\":\"Farine, semoule et chapelure\",\"sl\":\"farine-ble-creme-13691\",\"sn\":\"\",\"idxP\":0},{\"mq\":\"Moulin-Charlevoix\",\"nm\":\"Farine Belle Meuni\u00E8re\",\"nme\":\"Belle Meuni\u00E8re Flour\",\"attr\":\"\",\"sku\":\"13694\",\"l2\":\"Farine, semoule et chapelure\",\"sl\":\"farine-belle-meuniere-13694\",\"sn\":\"\",\"idxP\":0},{\"mq\":\"Moulin-Charlevoix\",\"nm\":\"Farine T65\",\"nme\":\"T65 Flour\",\"attr\":\"\",\"sku\":\"13695\",\"l2\":\"Farine, semoule et chapelure\",\"sl\":\"farine-t65-13695\",\"sn\":\"\",\"idxP\":0},{\"mq\":\"D\u00E9lices de la For\u00EAt\",\"nm\":\"Semoule de bl\u00E9 durum\",\"nme\":\"Durum Wheat Semolina\",\"attr\":\"\",\"sku\":\"13708\",\"l2\":\"Riz et grain\",\"sl\":\"semoule-de-ble-durum-13708\",\"sn\":\"moules\",\"idxP\":0},{\"mq\":\"R.Fortin\",\"nm\":\"Semoule de bl\u00E9 gros grain\",\"nme\":\"Coarse Grain Wheat Semolina\",\"attr\":\"\",\"sku\":\"13710\",\"l2\":\"Riz et grain\",\"sl\":\"semoule-de-ble-gros-grain-13710\",\"sn\":\"moules\",\"idxP\":0},{\"mq\":\"R.Fortin\",\"nm\":\"Ma\u00EFs granul\u00E9 #400\",\"nme\":\"#400 Corn Grits\",\"attr\":\"\",\"sku\":\"13713\",\"l2\":\"Riz et grain\",\"sl\":\"mais-granule-400-13713\",\"sn\":\"\",\"idxP\":0},{\"mq\":\"R.Fortin\",\"nm\":\"Farine de seigle fonc\u00E9e\",\"nme\":\"Dark Rye Flour\",\"attr\":\"\",\"sku\":\"13726\",\"l2\":\"Farine, semoule et chapelure\",\"sl\":\"farine-de-seigle-foncee-13726\",\"sn\":\"\",\"idxP\":0},{\"mq\":\"R.Fortin\",\"nm\":\"Farine de sarrasin\",\"nme\":\"Buckwheat Flour\",\"attr\":\"\",\"sku\":\"13728\",\"l2\":\"Farine, semoule et chapelure\",\"sl\":\"farine-de-sarrasin-13728\",\"sn\":\"\",\"idxP\":0},{\"mq\":\"R.Fortin\",\"nm\":\"F\u00E8ves blanches\",\"nme\":\"White Navy Beans\",\"attr\":\"\",\"sku\":\"13736\",\"l2\":\"Riz et grain\",\"sl\":\"feves-blanches-13736\",\"sn\":\"\",\"idxP\":0},{\"mq\":\"R.Fortin\",\"nm\":\"F\u00E8ves blanches\",\"nme\":\"White Navy Beans\",\"attr\":\"\",\"sku\":\"13737\",\"l2\":\"Riz et grain\",\"sl\":\"feves-blanches-13737\",\"sn\":\"\",\"idxP\":0},{\"mq\":\"R.Fortin\",\"nm\":\"F\u00E8ves rouge p\u00E2le\",\"nme\":\"Light Red Beans\",\"attr\":\"\",\"sku\":\"13739\",\"l2\":\"Riz et grain\",\"sl\":\"feves-rouge-pale-13739\",\"sn\":\"\",\"idxP\":0},{\"mq\":\"R.Fortin\",\"nm\":\"Lentilles brunes\",\"nme\":\"Brown Lentils\",\"attr\":\"\",\"sku\":\"13742\",\"l2\":\"Riz et grain\",\"sl\":\"lentilles-brunes-13742\",\"sn\":\"\",\"idxP\":0},{\"mq\":\"R.Fortin\",\"nm\":\"Pois chiches\",\"nme\":\"Chickpeas\",\"attr\":\"\",\"sku\":\"13743\",\"l2\":\"Riz et grain\",\"sl\":\"pois-chiches-13743\",\"sn\":\"\",\"idxP\":0},{\"mq\":\"R.Fortin\",\"nm\":\"Pois jaunes cass\u00E9s\",\"nme\":\"Yellow Split Peas\",\"attr\":\"\",\"sku\":\"13744\",\"l2\":\"Riz et grain\",\"sl\":\"pois-jaunes-casses-13744\",\"sn\":\"\",\"idxP\":0},{\"mq\":\"R.Fortin\",\"nm\":\"Pois verts cass\u00E9s\",\"nme\":\"Green Split Peas\",\"attr\":\"\",\"sku\":\"13745\",\"l2\":\"Riz et grain\",\"sl\":\"pois-verts-casses-13745\",\"sn\":\"\",\"idxP\":0},{\"mq\":\"Reginelli ou Villa Toscanella\",\"nm\":\"Huile d'olive extra vierge\",\"nme\":\"Extra Virgin Olive Oil\",\"attr\":\"\",\"sku\":\"13748\",\"l2\":\"Huile et vinaigre\",\"sl\":\"huile-dolive-extra-vierge-13748\",\"sn\":\"\",\"idxP\":0},{\"mq\":\"Old Dutch\",\"nm\":\"Croustilles assaisonn\u00E9es\",\"nme\":\"All Dressed Chips\",\"attr\":\"\",\"sku\":\"13914\",\"l2\":\"Croustille et grignotine\",\"sl\":\"croustilles-assaisonnees-13914\",\"sn\":\"croustille\",\"idxP\":0},{\"mq\":\"Old Dutch\",\"nm\":\"Croustilles ketchup\",\"nme\":\"Ketchup Chips\",\"attr\":\"\",\"sku\":\"13919\",\"l2\":\"Croustille et grignotine\",\"sl\":\"croustilles-ketchup-13919\",\"sn\":\"croustille\",\"idxP\":0},{\"mq\":\"Old Dutch\",\"nm\":\"Croustilles Rip-L cr\u00E8me s\u00FBre oignon vert\",\"nme\":\"Sour Cream Green Onion Rip-L Chips\",\"attr\":\"\",\"sku\":\"13920\",\"l2\":\"Croustille et grignotine\",\"sl\":\"croustilles-rip-l-creme-sure-oignon-vert-13920\",\"sn\":\"croustille, onions, oignons\",\"idxP\":0},{\"mq\":\"Old Dutch\",\"nm\":\"Croustilles Ridgies assaisonn\u00E9es\",\"nme\":\"All Dressed Ridgies Chips\",\"attr\":\"\",\"sku\":\"13921\",\"l2\":\"Croustille et grignotine\",\"sl\":\"croustilles-ridgies-assaisonnees-13921\",\"sn\":\"croustille\",\"idxP\":0},{\"mq\":\"Old Dutch\",\"nm\":\"Croustilles Ridgies ketchup\",\"nme\":\"Ketchup Ridgies Chips\",\"attr\":\"\",\"sku\":\"13922\",\"l2\":\"Croustille et grignotine\",\"sl\":\"croustilles-ridgies-ketchup-13922\",\"sn\":\"croustille\",\"idxP\":0},{\"mq\":\"Old Dutch\",\"nm\":\"Croustilles Ridgies extra sel vinaigre\",\"nme\":\"Extra Salt Vinegar Ridgies Chips\",\"attr\":\"\",\"sku\":\"13925\",\"l2\":\"Croustille et grignotine\",\"sl\":\"croustilles-ridgies-extra-sel-vinaigre-13925\",\"sn\":\"croustille\",\"idxP\":0},{\"mq\":\"Old Dutch\",\"nm\":\"Croustilles Ridgies extra miel BBQ\",\"nme\":\"Extra Honey BBQ Ridgies Chips\",\"attr\":\"\",\"sku\":\"13930\",\"l2\":\"Croustille et grignotine\",\"sl\":\"croustilles-ridgies-extra-miel-bbq-13930\",\"sn\":\"croustille\",\"idxP\":0},{\"mq\":\"Old Dutch\",\"nm\":\"Croustilles Rip-L cr\u00E8me s\u00FBre oignon vert\",\"nme\":\"Sour Cream Grean Onion Rip-L Chips\",\"attr\":\"\",\"sku\":\"13932\",\"l2\":\"Croustille et grignotine\",\"sl\":\"croustilles-rip-l-creme-sure-oignon-vert-13932\",\"sn\":\"croustille, onions, oignons\",\"idxP\":0},{\"mq\":\"Old Dutch\",\"nm\":\"Croustilles Rip-L aneth cr\u00E9meux\",\"nme\":\"Creamy Dill Rip-L Chips\",\"attr\":\"\",\"sku\":\"13933\",\"l2\":\"Croustille et grignotine\",\"sl\":\"croustilles-rip-l-aneth-cremeux-13933\",\"sn\":\"croustille\",\"idxP\":0},{\"mq\":\"Old Dutch\",\"nm\":\"Croustilles Rip-L l\u00E9g\u00E8rement sal\u00E9es\",\"nme\":\"Lightly Salted Rip-L Chips\",\"attr\":\"\",\"sku\":\"13936\",\"l2\":\"Croustille et grignotine\",\"sl\":\"croustilles-rip-l-legerement-salees-13936\",\"sn\":\"croustille\",\"idxP\":0},{\"mq\":\"Old Dutch\",\"nm\":\"Croustilles Arriba fromage nacho\",\"nme\":\"Nacho Cheese Arriba Chips\",\"attr\":\"\",\"sku\":\"13937\",\"l2\":\"Croustille et grignotine\",\"sl\":\"croustilles-arriba-fromage-nacho-13937\",\"sn\":\"croustille, fromages\",\"idxP\":0},{\"mq\":\"Old Dutch\",\"nm\":\"Croustilles Crunch originales\",\"nme\":\"Original Crunch Chips\",\"attr\":\"\",\"sku\":\"13938\",\"l2\":\"Croustille et grignotine\",\"sl\":\"croustilles-crunch-originales-13938\",\"sn\":\"croustille\",\"idxP\":0},{\"mq\":\"Old Dutch\",\"nm\":\"Croustilles Arriba fromage nacho\",\"nme\":\"Nacho Cheese Arriba Chips\",\"attr\":\"\",\"sku\":\"13946\",\"l2\":\"Croustille et grignotine\",\"sl\":\"croustilles-arriba-fromage-nacho-13946\",\"sn\":\"croustille, fromages\",\"idxP\":0},{\"mq\":\"Old Dutch\",\"nm\":\"Croustilles Restaurante originales\",\"nme\":\"Original Restaurante Chips\",\"attr\":\"\",\"sku\":\"13952\",\"l2\":\"Croustille et grignotine\",\"sl\":\"croustilles-restaurante-originales-13952\",\"sn\":\"croustille\",\"idxP\":0},{\"mq\":\"Old Dutch\",\"nm\":\"Croustilles Restaurante rondelles deli\",\"nme\":\"Round Deli Restaurante Chips\",\"attr\":\"\",\"sku\":\"13957\",\"l2\":\"Croustille et grignotine\",\"sl\":\"croustilles-restaurante-rondelles-deli-13957\",\"sn\":\"croustille\",\"idxP\":0},{\"mq\":\"Old Dutch\",\"nm\":\"Croustilles Crunch BBQ Mesquite\",\"nme\":\"Mesquite BBQ Crunch Chips\",\"attr\":\"\",\"sku\":\"13961\",\"l2\":\"Croustille et grignotine\",\"sl\":\"croustilles-crunch-bbq-mesquite-13961\",\"sn\":\"croustille\",\"idxP\":0},{\"mq\":\"Old Dutch\",\"nm\":\"Croustilles Crunch originales\",\"nme\":\"Original Crunch Chips\",\"attr\":\"\",\"sku\":\"13962\",\"l2\":\"Croustille et grignotine\",\"sl\":\"croustilles-crunch-originales-13962\",\"sn\":\"croustille\",\"idxP\":0},{\"mq\":\"Old Dutch\",\"nm\":\"Croustilles Ringolo BBQ\",\"nme\":\"BBQ Ringolo Chips\",\"attr\":\"\",\"sku\":\"13965\",\"l2\":\"Croustille et grignotine\",\"sl\":\"croustilles-ringolo-bbq-13965\",\"sn\":\"croustille\",\"idxP\":0},{\"mq\":\"Old Dutch\",\"nm\":\"Croustilles M\u00E9lange Fiesta originales\",\"nme\":\"Original Party Mix Chips\",\"attr\":\"\",\"sku\":\"13966\",\"l2\":\"Croustille et grignotine\",\"sl\":\"croustilles-melange-fiesta-originales-13966\",\"sn\":\"croustille\",\"idxP\":0},{\"mq\":\"Old Dutch\",\"nm\":\"Croustilles originales\",\"nme\":\"Original Chips\",\"attr\":\"\",\"sku\":\"13967\",\"l2\":\"Croustille et grignotine\",\"sl\":\"croustilles-originales-13967\",\"sn\":\"croustille\",\"idxP\":0},{\"mq\":\"R.Fortin\",\"nm\":\"Farine de ma\u00EFs #600\",\"nme\":\"#600 Corn Flour\",\"attr\":\"\",\"sku\":\"13973\",\"l2\":\"Farine, semoule et chapelure\",\"sl\":\"farine-de-mais-600-13973\",\"sn\":\"\",\"idxP\":0},{\"mq\":\"Exotic\",\"nm\":\"Flocons d'avoine \u00E0 cuisson rapide\",\"nme\":\"Quick Oats\",\"attr\":\"\",\"sku\":\"13975\",\"l2\":\"C\u00E9r\u00E9ales et barre\",\"sl\":\"flocons-davoine-a-cuisson-rapide-13975\",\"sn\":\"\",\"idxP\":0},{\"mq\":\"Clover Leaf\",\"nm\":\"Salade de thon couscous huile d'olive\",\"nme\":\"Olive Oil Couscous Tuna Salad\",\"attr\":\"\",\"sku\":\"13977\",\"l2\":\"Poisson et viande en conserve\",\"sl\":\"salade-de-thon-couscous-huile-dolive-13977\",\"sn\":\"\",\"idxP\":0},{\"mq\":\"Clover Leaf\",\"nm\":\"Salade de thon ma\u00EFs huile d'olive\",\"nme\":\"Olive Oil Corn Tuna Salad\",\"attr\":\"\",\"sku\":\"13982\",\"l2\":\"Poisson et viande en conserve\",\"sl\":\"salade-de-thon-mais-huile-dolive-13982\",\"sn\":\"\",\"idxP\":0},{\"mq\":\"Clover Leaf\",\"nm\":\"Salade de thon quinoa huile d'olive\",\"nme\":\"Olive Oil Quinoa Tuna Salad\",\"attr\":\"\",\"sku\":\"13983\",\"l2\":\"Poisson et viande en conserve\",\"sl\":\"salade-de-thon-quinoa-huile-dolive-13983\",\"sn\":\"\",\"idxP\":0},{\"mq\":\"Old Dutch\",\"nm\":\"Croustilles Arriba fromage nacho\",\"nme\":\"Nacho Cheese Arriba Chips\",\"attr\":\"\",\"sku\":\"13984\",\"l2\":\"Croustille et grignotine\",\"sl\":\"croustilles-arriba-fromage-nacho-13984\",\"sn\":\"croustille, fromages\",\"idxP\":0},{\"mq\":\"Old Dutch\",\"nm\":\"Croustilles originales\",\"nme\":\"Original Chips\",\"attr\":\"\",\"sku\":\"13985\",\"l2\":\"Croustille et grignotine\",\"sl\":\"croustilles-originales-13985\",\"sn\":\"croustille\",\"idxP\":0},{\"mq\":\"Old Dutch\",\"nm\":\"Croustilles sel vinaigre\",\"nme\":\"Salt Vinegar Chips\",\"attr\":\"\",\"sku\":\"13992\",\"l2\":\"Croustille et grignotine\",\"sl\":\"croustilles-sel-vinaigre-13992\",\"sn\":\"croustille\",\"idxP\":0},{\"mq\":\"Old Dutch\",\"nm\":\"Croustille BBQ\",\"nme\":\"BBQ Chips\",\"attr\":\"\",\"sku\":\"13993\",\"l2\":\"Croustille et grignotine\",\"sl\":\"croustille-bbq-13993\",\"sn\":\"croustille\",\"idxP\":0},{\"mq\":\"Old Dutch\",\"nm\":\"Croustilles ketchup\",\"nme\":\"Ketchup Chips\",\"attr\":\"\",\"sku\":\"14001\",\"l2\":\"Croustille et grignotine\",\"sl\":\"croustilles-ketchup-14001\",\"sn\":\"croustille\",\"idxP\":0},{\"mq\":\"Old Dutch\",\"nm\":\"Croustilles Rip-L nature\",\"nme\":\"Plain Rip-L Chips\",\"attr\":\"\",\"sku\":\"14004\",\"l2\":\"Croustille et grignotine\",\"sl\":\"croustilles-rip-l-nature-14004\",\"sn\":\"croustille\",\"idxP\":0},{\"mq\":\"Old Dutch\",\"nm\":\"Croustilles Rip-L cr\u00E8me s\u00FBre oignon vert\",\"nme\":\"Sour Cream Grean Onion Rip-L Chips\",\"attr\":\"\",\"sku\":\"14006\",\"l2\":\"Croustille et grignotine\",\"sl\":\"croustilles-rip-l-creme-sure-oignon-vert-14006\",\"sn\":\"croustille, onions, oignons\",\"idxP\":0},{\"mq\":\"Old Dutch\",\"nm\":\"Croustilles Rip-L aneth cr\u00E9meux\",\"nme\":\"Creamy Dill Rip-L Chips\",\"attr\":\"\",\"sku\":\"14018\",\"l2\":\"Croustille et grignotine\",\"sl\":\"croustilles-rip-l-aneth-cremeux-14018\",\"sn\":\"croustille\",\"idxP\":0},{\"mq\":\"Old Dutch\",\"nm\":\"Croustilles Rip-L l\u00E9g\u00E8rement sal\u00E9es\",\"nme\":\"Lightly Salted Rip-L Chips\",\"attr\":\"\",\"sku\":\"14019\",\"l2\":\"Croustille et grignotine\",\"sl\":\"croustilles-rip-l-legerement-salees-14019\",\"sn\":\"croustille\",\"idxP\":0},{\"mq\":\"Old Dutch\",\"nm\":\"Croustilles assaisonn\u00E9es\",\"nme\":\"All-Dressed Chips\",\"attr\":\"\",\"sku\":\"14025\",\"l2\":\"Croustille et grignotine\",\"sl\":\"croustilles-assaisonnees-14025\",\"sn\":\"croustille\",\"idxP\":0},{\"mq\":\"Dare\",\"nm\":\"Biscuits Supr\u00E8me cr\u00E8me \u00E9rable\",\"nme\":\"Maple Cream Ultimate Cookies\",\"attr\":\"\",\"sku\":\"14032\",\"l2\":\"Biscuit et craquelin\",\"sl\":\"biscuits-supreme-creme-erable-14032\",\"sn\":\"\",\"idxP\":0},{\"mq\":\"Strub's\",\"nm\":\"Piments banane en rondelles\",\"nme\":\"Banana Pepper Rings\",\"attr\":\"\",\"sku\":\"14107\",\"l2\":\"Marinade\",\"sl\":\"piments-banane-en-rondelles-14107\",\"sn\":\"ananas, bananes, piments\",\"idxP\":0},{\"mq\":\"Fleur de Dijon\",\"nm\":\"Moutarde de dijon \u00E0 l'ancienne\",\"nme\":\"Grainy Dijon Mustard\",\"attr\":\"\",\"sku\":\"14108\",\"l2\":\"Condiment\",\"sl\":\"moutarde-de-dijon-a-lancienne-14108\",\"sn\":\"\",\"idxP\":0},{\"mq\":\"Fleur de Dijon\",\"nm\":\"Moutarde de dijon forte\",\"nme\":\"Strong Dijon Mustard\",\"attr\":\"\",\"sku\":\"14110\",\"l2\":\"Condiment\",\"sl\":\"moutarde-de-dijon-forte-14110\",\"sn\":\"\",\"idxP\":0},{\"mq\":\"Coronation\",\"nm\":\"Relish verte sucr\u00E9e\",\"nme\":\"Sweet Green Relish\",\"attr\":\"\",\"sku\":\"14112\",\"l2\":\"Condiment\",\"sl\":\"relish-verte-sucree-14112\",\"sn\":\"\",\"idxP\":0},{\"mq\":\"Whyte's\",\"nm\":\"Piments pepperoncini\",\"nme\":\"Pepperoncini Peppers\",\"attr\":\"\",\"sku\":\"14113\",\"l2\":\"Marinade\",\"sl\":\"piments-pepperoncini-14113\",\"sn\":\"piments\",\"idxP\":0},{\"mq\":\"Whyte's\",\"nm\":\"C\u00E2pres capucines\",\"nme\":\"Capucine Capers\",\"attr\":\"\",\"sku\":\"14120\",\"l2\":\"Marinade\",\"sl\":\"capres-capucines-14120\",\"sn\":\"\",\"idxP\":0},{\"mq\":\"Whyte's\",\"nm\":\"Piments jalapeno en rondelles\",\"nme\":\"Jalapeno Pepper Rings\",\"attr\":\"\",\"sku\":\"14121\",\"l2\":\"Marinade\",\"sl\":\"piments-jalapeno-en-rondelles-14121\",\"sn\":\"piments\",\"idxP\":0},{\"mq\":\"Whyte's\",\"nm\":\"Cerises au marasquin\",\"nme\":\"Maraschino Cherries\",\"attr\":\"\",\"sku\":\"14122\",\"l2\":\"Fruit en conserve\",\"sl\":\"cerises-au-marasquin-14122\",\"sn\":\"\",\"idxP\":0},{\"mq\":\"Whyte's\",\"nm\":\"Cerises au marasquin avec tige\",\"nme\":\"Maraschino Cherries with Stems\",\"attr\":\"\",\"sku\":\"14123\",\"l2\":\"Fruit en conserve\",\"sl\":\"cerises-au-marasquin-avec-tige-14123\",\"sn\":\"\",\"idxP\":0},{\"mq\":\"Griddlemate\",\"nm\":\"Enduit de cuisson antiadh\u00E9sif\",\"nme\":\"Food Release Spray\",\"attr\":\"\",\"sku\":\"14175\",\"l2\":\"Huile et vinaigre\",\"sl\":\"enduit-de-cuisson-antiadhesif-14175\",\"sn\":\"\",\"idxP\":0},{\"mq\":\"La Perla\",\"nm\":\"Shortening liquide\",\"nme\":\"Liquid Shortening\",\"attr\":\"\",\"sku\":\"14404\",\"l2\":\"Ingr\u00E9dient de p\u00E2tisserie\",\"sl\":\"shortening-liquide-14404\",\"sn\":\"\",\"idxP\":0},{\"mq\":\"La Perla\",\"nm\":\"Shortening tout usage\",\"nme\":\"All-Purpose Shortening\",\"attr\":\"\",\"sku\":\"14453\",\"l2\":\"Ingr\u00E9dient de p\u00E2tisserie\",\"sl\":\"shortening-tout-usage-14453\",\"sn\":\"\",\"idxP\":0}]]",
        "placeHolderProduct" : "https:\/\/341647818.fs1.hubspotusercontent-na3.net\/hubfs\/341647818\/ProductCatag\/Products\/placeHolderProduct.png"
        }
        </script>
      

    
<!--  Added by GoogleTagManager integration -->
<script>
var _hsp = window._hsp = window._hsp || [];
window.dataLayer = window.dataLayer || [];
function gtag(){dataLayer.push(arguments);}

var useGoogleConsentModeV2 = true;
var waitForUpdateMillis = 1000;



var hsLoadGtm = function loadGtm() {
    if(window._hsGtmLoadOnce) {
      return;
    }

    if (useGoogleConsentModeV2) {

      gtag('set','developer_id.dZTQ1Zm',true);

      gtag('consent', 'default', {
      'ad_storage': 'denied',
      'analytics_storage': 'denied',
      'ad_user_data': 'denied',
      'ad_personalization': 'denied',
      'wait_for_update': waitForUpdateMillis
      });

      _hsp.push(['useGoogleConsentModeV2'])
    }

    (function(w,d,s,l,i){w[l]=w[l]||[];w[l].push({'gtm.start':
    new Date().getTime(),event:'gtm.js'});var f=d.getElementsByTagName(s)[0],
    j=d.createElement(s),dl=l!='dataLayer'?'&l='+l:'';j.async=true;j.src=
    'https://www.googletagmanager.com/gtm.js?id='+i+dl;f.parentNode.insertBefore(j,f);
    })(window,document,'script','dataLayer','GTM-N2BZWMH');

    window._hsGtmLoadOnce = true;
};

_hsp.push(['addPrivacyConsentListener', function(consent){
  if(consent.allowed || (consent.categories && consent.categories.analytics)){
    hsLoadGtm();
  }
}]);

</script>

<!-- /Added by GoogleTagManager integration -->

    <link rel="canonical" href="https://mayrand.ca/fr/page-recherche">

<script>
Â Â Â Â Â Â Â Â functionÂ initializeWebMessenger()Â {
Â Â Â Â Â Â Â Â Â Â Â Â WebMessenger.simpleInit({
Â Â Â Â Â Â Â Â Â Â Â Â Â Â Â Â color:Â '342764',
Â Â Â Â Â Â Â Â Â Â Â Â Â Â Â Â businessName:Â 'Mayrand',
Â Â Â Â Â Â Â Â Â Â Â Â Â Â Â Â businessIconUrl:Â 'https://341647818.fs1.hubspotusercontent-na3.net/hubfs/341647818/ImageChatBot/logo-mayrand-jaune-chatbot-png.webp',
Â Â Â Â Â Â Â Â Â Â Â Â Â Â Â Â buttonIconUrl:Â 'https://341647818.fs1.hubspotusercontent-na3.net/hubfs/341647818/ImageChatBot/hootsuite2.jpg'
Â Â Â Â Â Â Â Â Â Â Â Â }).then(()Â =>Â {
Â Â Â Â Â Â Â Â Â Â Â Â Â Â Â Â //Â FindÂ theÂ buttonÂ widgetÂ element
Â Â Â Â Â Â Â Â Â Â Â Â Â Â Â Â 
Â Â Â Â Â Â Â Â Â Â Â Â });
Â Â Â Â Â Â Â Â }
Â Â Â Â </script>
<script src="https://webchat.hootsuite.com/v1/67b70e71988d51e48b896406/fr-CA/client.js" onload="initializeWebMessenger()"></script>

<meta property="og:url" content="https://mayrand.ca/fr/page-recherche">
<meta name="twitter:card" content="summary">
<meta http-equiv="content-language" content="fr">
<link rel="alternate" hreflang="en" href="https://mayrand.ca/en/search-page">
<link rel="alternate" hreflang="fr" href="https://mayrand.ca/fr/page-recherche">






  <meta name="generator" content="HubSpot"><style id="_goober"> .go2933276541{position:fixed;display:block;width:100%;height:0px;margin:0px;padding:0px;overflow:visible;transform-style:preserve-3d;background:transparent;backface-visibility:hidden;pointer-events:none;left:0px;z-index:9998;}.go2369186930{top:0px;z-index:9999;height:100%;width:100%;}.go1348078617{bottom:0px;}.go2417249464{position:fixed;z-index:9989;}.go3921366393{left:0;bottom:0;}.go3967842156{right:0;bottom:0;}.go613305155{left:0;top:0;}.go471583506{right:0;top:0;}.go3670563033{position:relative;overflow:hidden;display:none;}.go1041095097{display:block;}.go1632949049{position:absolute;pointer-events:none;width:101vw;height:101vh;background:rgba(0,0,0,0.7);opacity:0;z-index:-1;}.go2512015367{z-index:99998;opacity:0.8;visibility:visible;pointer-events:all;cursor:pointer;}.go1432718904{overflow:hidden;}.go812842568{display:block !important;position:static !important;box-sizing:border-box !important;background:transparent !important;border:none;min-height:0px !important;max-height:none !important;margin:0px;padding:0px !important;height:100% !important;width:1px !important;max-width:100% !important;min-width:100% !important;}.go3064412225{z-index:99999;visibility:hidden;position:absolute;inset:50vh auto auto 50%;left:50%;top:50%;transform:translate(-50%,-50%) translateY(100vh);pointer-events:none;max-height:95%;max-width:95%;}.go1656994552{pointer-events:auto !important;visibility:visible;transform:translate(-50%,-50%) translateY(0);transition:transform 0.75s linear(0,0.006,0.023 2.2%,0.096 4.8%,0.532 15.4%,0.72 21%,0.793,0.853 26.7%,0.902,0.941,0.968 36.2%,0.987 39.7%,1 43.7%,1.007 48.3%,1.009 55.3%,1.002 78.2%,1 );}.go456419034{transition:opacity 0.3s ease-in;}.go3128134379{pointer-events:auto !important;visibility:visible !important;max-height:95vh !important;transition:max-height 1s ease-in;}.go494047706{z-index:9999;width:100%;max-height:95%;position:fixed;visibility:hidden;}.go2481764524{z-index:9999;width:100%;max-height:95%;position:fixed;visibility:hidden;bottom:0px;}.go2685733372{visibility:hidden;}.go2985984737{visibility:visible !important;}.go3281949485{pointer-events:auto !important;visibility:visible !important;max-height:95vh !important;transform:none !important;}.go3508454897{z-index:9999;width:100%;max-height:95%;position:fixed;visibility:hidden;transition:transform 1s linear(0,0.006,0.022 2.3%,0.091 5.1%,0.18 7.6%,0.508 16.3%,0.607,0.691,0.762,0.822 28.4%,0.872,0.912 35.1%,0.944 38.9%,0.968 43%,0.985 47.6%,0.996 53.1%,1.001 58.4%,1.003 65.1%,1 );}.go988075951{z-index:9999;position:fixed;left:10px;top:10px;max-height:95vh !important;max-width:95%;visibility:hidden;}.go2699082514{z-index:9999;position:fixed;right:10px;top:10px;max-height:95vh !important;max-width:95%;visibility:hidden;}.go1595992025{z-index:9999;position:fixed;left:10px;bottom:10px;max-height:95vh !important;max-width:95%;visibility:hidden;}.go1222083472{z-index:9999;position:fixed;right:10px;bottom:10px;max-height:95vh !important;max-width:95%;visibility:hidden;}.go722322694{transition:none !important;}.go26732895{cursor:pointer;}.go2083580917{display:flex;justify-content:center;align-items:center;}</style><script async="" src="https://script.hotjar.com/modules.5af39c695063f61775c4.js" charset="utf-8"></script><script type="text/javascript" async="" src="https://googleads.g.doubleclick.net/pagead/viewthroughconversion/852807458/?random=1767065245556&amp;cv=11&amp;fst=1767065245556&amp;bg=ffffff&amp;guid=ON&amp;async=1&amp;en=gtag.config&amp;gtm=45be5ca1v9172296534z877955823za20gzb77955823zd77955823xec&amp;gcd=13r3r3r3r5l1&amp;dma=0&amp;tag_exp=103116026~103200004~104527906~104528501~104684208~104684211~105391253~115583767~115938465~115938468~116184927~116184929~116251938~116251940~116744866&amp;u_w=1365&amp;u_h=768&amp;url=https%3A%2F%2Fmayrand.ca%2Ffr%2Fpage-recherche%3Fsearch%3Donsale&amp;frm=0&amp;tiba=Page%20de%20recherche%20%7C%20Mayrand&amp;did=dZTQ1Zm&amp;gdid=dZTQ1Zm&amp;hn=www.googleadservices.com&amp;npa=0&amp;pscdl=noapi&amp;auid=1148265042.1767065199&amp;uaa=x64&amp;uab=64&amp;uafvl=Not(A%253ABrand%3B99.0.0.0%7CHeadlessChrome%3B133.0.6943.16%7CChromium%3B133.0.6943.16&amp;uamb=0&amp;uam=&amp;uap=Windows&amp;uapv=10.0&amp;uaw=0&amp;_tu=CA&amp;data=event%3Dgtag.config&amp;rfmt=3&amp;fmt=4"></script></head>
  <body class="go1432718904"><div id="hs-web-interactives-top-push-anchor" class="go3670563033"></div>
<!--  Added by GoogleTagManager integration -->
<noscript><iframe src="https://www.googletagmanager.com/ns.html?id=GTM-N2BZWMH" height="0" width="0" style="display:none;visibility:hidden"></iframe></noscript>

<!-- /Added by GoogleTagManager integration -->

    <div class="body-wrapper   hs-content-id-213312544754 hs-site-page page ">
      
      <div data-global-resource-path="MAYRAND-P3-CHILD-THEME/templates/partials/header.html"><header class="header">

  <div class="container-fluid">
<div class="row-fluid-wrapper">
<div class="row-fluid">
<div class="span12 widget-span widget-type-cell " style="" data-widget-type="cell" data-x="0" data-w="12">

<div class="row-fluid-wrapper row-depth-1 row-number-1 header_area-row-0-padding header_area-row-0-force-full-width-section dnd-section">
<div class="row-fluid ">
<div class="span12 widget-span widget-type-custom_widget dnd-module" style="" data-widget-type="custom_widget" data-x="0" data-w="12">
<div id="hs_cos_wrapper_header_area-module-1" class="hs_cos_wrapper hs_cos_wrapper_widget hs_cos_wrapper_type_module" style="" data-hs-cos-general-type="widget" data-hs-cos-type="module">

<!-- <div class="hs-search-field search_bartop" style="display:none">
  <div class="hs-search-field__bar">
    <form data-hs-do-not-collect="true" action="">
      
      <input type="text" class="hs-search-field__input" name="term" autocomplete="off" aria-label="Rechercher" placeholder="Rechercher">

      
      
      
      

      
    </form>
    <div class="icons_system">
      <div type="submit" class="go-icon search_icon">
        <svg xmlns="http://www.w3.org/2000/svg" width="28" height="28" viewBox="0 0 42 42" fill="none">
          <path d="M24.0024 6.53368C18.215 6.53368 13.5028 11.5823 13.5028 17.7828C13.5028 20.477 14.3847 22.9462 15.8652 24.8844L7.49805 33.8466L9.00894 35.4664L17.375 26.502C19.2435 28.1432 21.5863 29.0375 24.0024 29.0319C29.7897 29.0319 34.502 23.9833 34.502 17.7828C34.502 11.5823 29.7897 6.53368 24.0024 6.53368ZM24.0024 8.7835C28.6537 8.7835 32.402 12.7994 32.402 17.7828C32.402 22.7662 28.6537 26.7821 24.0024 26.7821C19.351 26.7821 15.6027 22.7662 15.6027 17.7828C15.6027 12.7994 19.351 8.7835 24.0024 8.7835Z" fill="#114245"></path>
        </svg>
      </div>
      <div id="close_icon" class="close_icon">
        <svg xmlns="http://www.w3.org/2000/svg" width="28" height="28" viewBox="0 0 42 42" fill="none" class="p3-close__icon" id="close_top">
          <line x1="10.6065" y1="10.6066" x2="29.6984" y2="29.6985" stroke="#114245" stroke-width="3" stroke-linecap="round"></line>
          <line x1="29.6985" y1="11.3137" x2="10.6066" y2="30.4056" stroke="#114245" stroke-width="3" stroke-linecap="round"></line>
        </svg>
      </div>
    </div>
  </div>
  <ul class="hs-search-field__suggestions"></ul>
</div> -->


 






    

    
    

    



<div class="website-header">
  <div class="container-wrapper">

    <div class="row_website">

      <div class="logo">
        
        
        <a href="https://mayrand.ca/fr/" class="logo-link" title="logo" hreflang="fr" data-ga="header-nav">

          
          <span id="hs_cos_wrapper_header_area-module-1_" class="hs_cos_wrapper hs_cos_wrapper_widget hs_cos_wrapper_type_logo" style="" data-hs-cos-general-type="widget" data-hs-cos-type="logo"></span></a><a href="//mayrand.ca/" id="hs-link-header_area-module-1_" style="border-width:0px;border:0px;" data-ga="header-nav"><img src="https://mayrand.ca/hs-fs/hubfs/logo.png?width=541&amp;height=358&amp;name=logo.png" class="hs-image-widget " height="358" style="height: auto;width:541px;border-width:0px;border:0px;" width="541" alt="logo" title="logo" loading="" srcset="https://mayrand.ca/hs-fs/hubfs/logo.png?width=271&amp;height=179&amp;name=logo.png 271w, https://mayrand.ca/hs-fs/hubfs/logo.png?width=541&amp;height=358&amp;name=logo.png 541w, https://mayrand.ca/hs-fs/hubfs/logo.png?width=812&amp;height=537&amp;name=logo.png 812w, https://mayrand.ca/hs-fs/hubfs/logo.png?width=1082&amp;height=716&amp;name=logo.png 1082w, https://mayrand.ca/hs-fs/hubfs/logo.png?width=1353&amp;height=895&amp;name=logo.png 1353w, https://mayrand.ca/hs-fs/hubfs/logo.png?width=1623&amp;height=1074&amp;name=logo.png 1623w" sizes="(max-width: 541px) 100vw, 541px"></a>
        

        <div class="alt_header_logo">
          
          <span id="hs_cos_wrapper_header_area-module-1_" class="hs_cos_wrapper hs_cos_wrapper_widget hs_cos_wrapper_type_logo" style="" data-hs-cos-general-type="widget" data-hs-cos-type="logo"><h2 class="logo-company-name"></h2></span>
        </div>

      </div>

      <div class="right_content_nav">
        <div class="nav_menus">
          <div class="menu_nav">
            <span id="hs_cos_wrapper_header_area-module-1_" class="hs_cos_wrapper hs_cos_wrapper_widget hs_cos_wrapper_type_menu" style="" data-hs-cos-general-type="widget" data-hs-cos-type="menu"><div id="hs_menu_wrapper_header_area-module-1_" class="hs-menu-wrapper active-branch flyouts hs-menu-flow-horizontal" role="navigation" data-sitemap-name="default" data-menu-id="207380389832" aria-label="Navigation Menu">
 <ul role="menu">
  <li class="hs-menu-item hs-menu-depth-1" role="none"><a href="https://mayrand.ca/fr/nos-produits" role="menuitem" data-ga="header-nav">Nos produits</a></li>
  <li class="hs-menu-item hs-menu-depth-1" role="none"><a href="https://mayrand.ca/fr/notre-circulaire" role="menuitem" data-ga="header-nav">Nos prix rabais</a></li>
  <li class="hs-menu-item hs-menu-depth-1" role="none"><a href="https://mayrand.ca/fr/nos-magasins" role="menuitem" data-ga="header-nav">Nos magasins</a></li>
  <li class="hs-menu-item hs-menu-depth-1 hs-item-has-children" role="none"><a href="javascript:;" aria-haspopup="true" aria-expanded="false" role="menuitem" data-ga="header-nav">Notre offre</a>
   <ul role="menu" class="hs-menu-children-wrapper">
    <li class="hs-menu-item hs-menu-depth-2 hs-item-has-children" role="none"><a href="https://mayrand.ca/fr/nos-services" role="menuitem" data-ga="header-nav">Nos services</a>
     <ul role="menu" class="hs-menu-children-wrapper">
      <li class="hs-menu-item hs-menu-depth-3" role="none"><a href="https://mayrand.ca/fr/nos-services/devenir-membre-affaires-mayrand" role="menuitem" data-ga="header-nav">Membres Affaires Mayrand</a></li>
     </ul><div class="nav_arrow"><svg width="12" height="8" viewBox="0 0 12 8" fill="none" xmlns="http://www.w3.org/2000/svg"><path d="M6 7.4L0 1.4L1.4 0L6 4.6L10.6 0L12 1.4L6 7.4Z" fill="white"></path></svg></div></li>
    <li class="hs-menu-item hs-menu-depth-2" role="none"><a href="https://mayrand.ca/fr/notre-savoir-faire" role="menuitem" data-ga="header-nav">Notre savoir faire</a></li>
    <li class="hs-menu-item hs-menu-depth-2" role="none"><a href="https://mayrand.ca/nos-evenements" role="menuitem" data-ga="header-nav">Nos Ã©vÃ©nements</a></li>
   </ul><div class="nav_arrow"><svg width="12" height="8" viewBox="0 0 12 8" fill="none" xmlns="http://www.w3.org/2000/svg"><path d="M6 7.4L0 1.4L1.4 0L6 4.6L10.6 0L12 1.4L6 7.4Z" fill="white"></path></svg></div></li>
  <li class="hs-menu-item hs-menu-depth-1 hs-item-has-children" role="none"><a href="https://mayrand.ca/fr/a-propos-de-nous" aria-haspopup="true" aria-expanded="false" role="menuitem" data-ga="header-nav">Ã€ propos de nous</a>
   <ul role="menu" class="hs-menu-children-wrapper">
    <li class="hs-menu-item hs-menu-depth-2" role="none"><a href="https://mayrand.ca/fr/notre-histoire" role="menuitem" data-ga="header-nav">Notre histoire</a></li>
    <li class="hs-menu-item hs-menu-depth-2" role="none"><a href="https://mayrand.ca/fr/notre-leadership" role="menuitem" data-ga="header-nav">Notre leadership</a></li>
    <li class="hs-menu-item hs-menu-depth-2" role="none"><a href="https://mayrand.ca/fr/nos-valeurs" role="menuitem" data-ga="header-nav">Nos valeurs</a></li>
    <li class="hs-menu-item hs-menu-depth-2" role="none"><a href="https://mayrand.ca/fr/nos-engagements" role="menuitem" data-ga="header-nav">Nos engagements</a></li>
    <li class="hs-menu-item hs-menu-depth-2" role="none"><a href="https://mayrand.ca/fr/nos-initiatives-et-impacts" role="menuitem" data-ga="header-nav">Nos initiatives et impacts</a></li>
    <li class="hs-menu-item hs-menu-depth-2" role="none"><a href="https://mayrand.ca/fr/communiquÃ©s-de-pressecommuniquÃ©s-de-presse" role="menuitem" data-ga="header-nav">CommuniquÃ©s de presse</a></li>
   </ul><div class="nav_arrow"><svg width="12" height="8" viewBox="0 0 12 8" fill="none" xmlns="http://www.w3.org/2000/svg"><path d="M6 7.4L0 1.4L1.4 0L6 4.6L10.6 0L12 1.4L6 7.4Z" fill="white"></path></svg></div></li>
  <li class="hs-menu-item hs-menu-depth-1 hs-item-has-children" role="none"><a href="javascript:;" aria-haspopup="true" aria-expanded="false" role="menuitem" data-ga="header-nav">CarriÃ¨res</a>
   <ul role="menu" class="hs-menu-children-wrapper">
    <li class="hs-menu-item hs-menu-depth-2" role="none"><a href="https://mayrand.ca/fr/pourquoi-travailler-chez-mayrand" role="menuitem" data-ga="header-nav">Travailler chez Mayrand</a></li>
    <li class="hs-menu-item hs-menu-depth-2" role="none"><a href="https://mayrand.ca/fr/carriere/offres-demploi" role="menuitem" data-ga="header-nav">Nos offres d'emploi</a></li>
   </ul><div class="nav_arrow"><svg width="12" height="8" viewBox="0 0 12 8" fill="none" xmlns="http://www.w3.org/2000/svg"><path d="M6 7.4L0 1.4L1.4 0L6 4.6L10.6 0L12 1.4L6 7.4Z" fill="white"></path></svg></div></li>
 </ul>
</div></span>
          </div>
          <div class="menu_icons">
            
            <div id="search_icon" class="search_icon">
              
              
              
              
              <img src="https://4627617.fs1.hubspotusercontent-na1.net/hub/4627617/hubfs/Vector.png?width=14&amp;height=15&amp;name=Vector.png" alt="Vector" loading="" width="14" height="15" srcset="https://4627617.fs1.hubspotusercontent-na1.net/hub/4627617/hubfs/Vector.png?width=7&amp;height=8&amp;name=Vector.png 7w, https://4627617.fs1.hubspotusercontent-na1.net/hub/4627617/hubfs/Vector.png?width=14&amp;height=15&amp;name=Vector.png 14w, https://4627617.fs1.hubspotusercontent-na1.net/hub/4627617/hubfs/Vector.png?width=21&amp;height=23&amp;name=Vector.png 21w, https://4627617.fs1.hubspotusercontent-na1.net/hub/4627617/hubfs/Vector.png?width=28&amp;height=30&amp;name=Vector.png 28w, https://4627617.fs1.hubspotusercontent-na1.net/hub/4627617/hubfs/Vector.png?width=35&amp;height=38&amp;name=Vector.png 35w, https://4627617.fs1.hubspotusercontent-na1.net/hub/4627617/hubfs/Vector.png?width=42&amp;height=45&amp;name=Vector.png 42w" sizes="(max-width: 14px) 100vw, 14px">
              
            </div>
            <div class="search">
              <form action="/fr/page-recherche" method="get" class="search-form" data-hs-cf-bound="true">
                <div class="search_section">
                  <div class="search_input">
                    <input type="text" autocomplete="off" aria-autocomplete="list" class="form-control js-search-input" placeholder="ex. code, produit, marque" name="search" value="">
                      <div class="position-absolute col-12 z-3 wrapper-suggestions">
                        <ul class="list-unstyled py-2 col list-group container-suggestions js-suggestions">
                        </ul>
                      </div>
                    </div>
                  <div class="search_button">
                    <button>
                      <svg xmlns="http://www.w3.org/2000/svg" width="20" height="21" viewBox="0 0 24 24" fill="black">
                        <path d="M4 12a1 1 0 0 1 1-1h10.59l-3.3-3.3a1 1 0 0 1 1.42-1.4l5 5a1 1 0 0 1 0 1.4l-5 5a1 1 0 0 1-1.42-1.4l3.3-3.3H5a1 1 0 0 1-1-1z"></path>
                      </svg>
                    </button>
                  </div>
                </div>
              </form>
            </div>
            

            
            
            <div class="language_switcher">
              <div class="p3-header__lang">
                
                
                
                
                
                <span>en</span>
                
                
                
                
                <span id="hs_cos_wrapper_header_area-module-1_language_switcher" class="hs_cos_wrapper hs_cos_wrapper_widget hs_cos_wrapper_type_language_switcher" style="" data-hs-cos-general-type="widget" data-hs-cos-type="language_switcher"><div class="lang_switcher_class">
   <div class="globe_class" onclick="">
       <ul class="lang_list_class">
           <li>
               <a class="lang_switcher_link" data-language="fr" lang="fr" href="https://mayrand.ca/fr/page-recherche" data-ga="header-nav">FranÃ§ais</a>
           </li>
           <li>
               <a class="lang_switcher_link" data-language="en" lang="en" href="https://mayrand.ca/en/search-page" data-ga="header-nav">English</a>
           </li>
       </ul>
   </div>
</div></span>
              </div>
            </div>
            
            
          </div>
        </div>

        <div class="heade_btns">
          <div class="togle_bar">
            <div class="p3-header__burger_toggle toggler-navbar">
              <div id="p3-header__burger_burger_icon" class="js_toggle_main_nav" aria-label="Toggle Side Menu">
                <span class="stroke"></span>
                <span class="stroke"></span>
                <span class="stroke"></span>
              </div>
            </div>
          </div>
        </div>
      </div>
    </div>
  </div>


  <div class="p3-header__mobile_menu toggle_menu">
    <span id="hs_cos_wrapper_header_area-module-1_" class="hs_cos_wrapper hs_cos_wrapper_widget hs_cos_wrapper_type_menu" style="" data-hs-cos-general-type="widget" data-hs-cos-type="menu"><div id="hs_menu_wrapper_header_area-module-1_" class="hs-menu-wrapper active-branch flyouts hs-menu-flow-horizontal" role="navigation" data-sitemap-name="default" data-menu-id="207380389832" aria-label="Navigation Menu">
 <ul role="menu">
  <li class="hs-menu-item hs-menu-depth-1" role="none"><a href="https://mayrand.ca/fr/nos-produits" role="menuitem" data-ga="header-nav">Nos produits</a></li>
  <li class="hs-menu-item hs-menu-depth-1" role="none"><a href="https://mayrand.ca/fr/notre-circulaire" role="menuitem" data-ga="header-nav">Nos prix rabais</a></li>
  <li class="hs-menu-item hs-menu-depth-1" role="none"><a href="https://mayrand.ca/fr/nos-magasins" role="menuitem" data-ga="header-nav">Nos magasins</a></li>
  <li class="hs-menu-item hs-menu-depth-1 hs-item-has-children" role="none"><a href="javascript:;" aria-haspopup="true" aria-expanded="false" role="menuitem" data-ga="header-nav">Notre offre</a>
   <ul role="menu" class="hs-menu-children-wrapper">
    <li class="hs-menu-item hs-menu-depth-2 hs-item-has-children" role="none"><a href="https://mayrand.ca/fr/nos-services" role="menuitem" data-ga="header-nav">Nos services</a>
     <ul role="menu" class="hs-menu-children-wrapper">
      <li class="hs-menu-item hs-menu-depth-3" role="none"><a href="https://mayrand.ca/fr/nos-services/devenir-membre-affaires-mayrand" role="menuitem" data-ga="header-nav">Membres Affaires Mayrand</a></li>
     </ul><div class="nav_arrow"><svg width="12" height="8" viewBox="0 0 12 8" fill="none" xmlns="http://www.w3.org/2000/svg"><path d="M6 7.4L0 1.4L1.4 0L6 4.6L10.6 0L12 1.4L6 7.4Z" fill="white"></path></svg></div></li>
    <li class="hs-menu-item hs-menu-depth-2" role="none"><a href="https://mayrand.ca/fr/notre-savoir-faire" role="menuitem" data-ga="header-nav">Notre savoir faire</a></li>
    <li class="hs-menu-item hs-menu-depth-2" role="none"><a href="https://mayrand.ca/nos-evenements" role="menuitem" data-ga="header-nav">Nos Ã©vÃ©nements</a></li>
   </ul><div class="nav_arrow"><svg width="12" height="8" viewBox="0 0 12 8" fill="none" xmlns="http://www.w3.org/2000/svg"><path d="M6 7.4L0 1.4L1.4 0L6 4.6L10.6 0L12 1.4L6 7.4Z" fill="white"></path></svg></div></li>
  <li class="hs-menu-item hs-menu-depth-1 hs-item-has-children" role="none"><a href="https://mayrand.ca/fr/a-propos-de-nous" aria-haspopup="true" aria-expanded="false" role="menuitem" data-ga="header-nav">Ã€ propos de nous</a>
   <ul role="menu" class="hs-menu-children-wrapper">
    <li class="hs-menu-item hs-menu-depth-2" role="none"><a href="https://mayrand.ca/fr/notre-histoire" role="menuitem" data-ga="header-nav">Notre histoire</a></li>
    <li class="hs-menu-item hs-menu-depth-2" role="none"><a href="https://mayrand.ca/fr/notre-leadership" role="menuitem" data-ga="header-nav">Notre leadership</a></li>
    <li class="hs-menu-item hs-menu-depth-2" role="none"><a href="https://mayrand.ca/fr/nos-valeurs" role="menuitem" data-ga="header-nav">Nos valeurs</a></li>
    <li class="hs-menu-item hs-menu-depth-2" role="none"><a href="https://mayrand.ca/fr/nos-engagements" role="menuitem" data-ga="header-nav">Nos engagements</a></li>
    <li class="hs-menu-item hs-menu-depth-2" role="none"><a href="https://mayrand.ca/fr/nos-initiatives-et-impacts" role="menuitem" data-ga="header-nav">Nos initiatives et impacts</a></li>
    <li class="hs-menu-item hs-menu-depth-2" role="none"><a href="https://mayrand.ca/fr/communiquÃ©s-de-pressecommuniquÃ©s-de-presse" role="menuitem" data-ga="header-nav">CommuniquÃ©s de presse</a></li>
   </ul><div class="nav_arrow"><svg width="12" height="8" viewBox="0 0 12 8" fill="none" xmlns="http://www.w3.org/2000/svg"><path d="M6 7.4L0 1.4L1.4 0L6 4.6L10.6 0L12 1.4L6 7.4Z" fill="white"></path></svg></div></li>
  <li class="hs-menu-item hs-menu-depth-1 hs-item-has-children" role="none"><a href="javascript:;" aria-haspopup="true" aria-expanded="false" role="menuitem" data-ga="header-nav">CarriÃ¨res</a>
   <ul role="menu" class="hs-menu-children-wrapper">
    <li class="hs-menu-item hs-menu-depth-2" role="none"><a href="https://mayrand.ca/fr/pourquoi-travailler-chez-mayrand" role="menuitem" data-ga="header-nav">Travailler chez Mayrand</a></li>
    <li class="hs-menu-item hs-menu-depth-2" role="none"><a href="https://mayrand.ca/fr/carriere/offres-demploi" role="menuitem" data-ga="header-nav">Nos offres d'emploi</a></li>
   </ul><div class="nav_arrow"><svg width="12" height="8" viewBox="0 0 12 8" fill="none" xmlns="http://www.w3.org/2000/svg"><path d="M6 7.4L0 1.4L1.4 0L6 4.6L10.6 0L12 1.4L6 7.4Z" fill="white"></path></svg></div></li>
 </ul>
</div></span>

    

  </div>

</div>


</div>

</div><!--end widget-span -->
</div><!--end row-->
</div><!--end row-wrapper -->

</div><!--end widget-span -->
</div>
</div>
</div>

</header></div>
      

      

      <main id="main-content" class="body-container-wrapper">
        

<link rel="stylesheet" href="https://mayrand.ca/hubfs/hub_generated/template_assets/1/210728525813/1765986861709/template_bootstrap.min.css">
<link rel="stylesheet" href="https://mayrand.ca/hubfs/hub_generated/template_assets/1/212766662626/1765986869738/template_choices.min.css">
<link rel="stylesheet" href="https://mayrand.ca/hubfs/hub_generated/template_assets/1/212889050048/1765986868783/template_index.min.css">






 





    

    
    

    


<div class="container-lg dynamic-listing search-results">
  <div class="loader text-center js-search-loader pt-5 d-none">
    <img width="200" src="https://mayrand.ca/hubfs/raw_assets/public/MAYRAND-P3-CHILD-THEME/images/icons-modules/infinite-spinner.svg" alt="loader">
    <h5 class="mt-3">
    Recherche en cours...
</h5>
  </div>
  <div class="wrapper-search-results js-search-results">
    <div class="col col-12 browse-title mb-0 mb-md-5">
      
      <h1>
        
    RÃ©sultats de recherche pour :
 <span class="fst-italic">"onsale"</span>&nbsp;
        <span class="js-total-count">(396)</span>
      </h1>
      
    </div>

    
  <template id="product-card-template">
    <div class="display_container d-flex flex-column flex-sm-row product-card-wrapper mb-3 active">
    <div class="image_container mx-auto mb-5 mb-sm-0">
    <a href="" class="product_image_link">
      <img height="115" width="115" class="product_image" src="" alt="">
    </a>
  </div>
  <div class="info_container d-flex flex-column flex-sm-row align-items-start justify-content-start justify-content-sm-between align-items-sm-center p-0">
      <div class="text_container">
        <h5 class="product_brand"></h5>
        <h4 class="product_name">
          <a href="" class="product_link"></a>
        </h4>
        <h5 class="product_id"></h5>
      </div>
      <div class="price_container col-12 col-sm-3 align-items-sm-end">
        

        
          
          <div class="unit_price">
  
</div>
          <div class="unit_quantity">
    unitÃ©
 ()</div>
        

        
      </div>
  </div>

    </div>
  </template>
 
  <template id="category-filter-template">
  <li data-cat="" class="text-decoration-none category-parent">
    <ul data-level="1" data-parent="" class="list-unstyled mb-0 level 1">
      <li class="text-decoration-none">
        <a class="text-decoration-none" href="" data-code=""></a>
      </li>
    </ul>
    <ul data-level="2" data-parent="" class="list-unstyled mb-0 level 2 d-none">
      <!-- Level 2 categories will be added dynamically -->
    </ul>
    <ul data-level="3" data-parent="" class="list-unstyled mb-0 level 3 d-none">
      <!-- Level 3 categories will be added dynamically -->
    </ul>
  </li>
</template>
 
  <template id="category-item-template">
  <li class="text-decoration-none">
    <a class="text-decoration-none" href="" data-code=""></a>
  </li>
</template>

    <div class="row row-cols-3 justify-content-center">
      <div class="col-12 col-md-3">
        <div class="wrapper-cats">
          <div class="categories-filters-search px-0 py-2 pt-0">
            <div class="opacity-0 filters-tags p-3">
              <div class="data-cat align-items-center filters-tags-headings justify-content-between col-12">
                <div class="d-flex align-items-center justify-content-between">
                  <h4>
    Filtrer par :
</h4>
                  <a href="https://mayrand.ca/fr/page-recherche?search=onsale" class="js-reset-filters m-0">
    Tout  effacer
</a>
                </div>
                <div class="js-tags" style="display: none;"></div>
              </div>
            </div>

            <div class="checkboxes-wrapper js-chevron-down">
              <h3 class="mb-0 mb-md-2">
    CatÃ©gories
</h3>
            </div>
            <div class="categories-list"><ul class="list-unstyled mb-0 py-1">
        <li data-cat="110" class="text-decoration-none category-parent">
          <ul data-level="1" data-parent="110" class="list-unstyled mb-0 level-1">
            <li class="text-decoration-none">
              <a class="text-decoration-none category-link" href="#" data-level="1" data-code="110" data-parent="110">
                Article de cuisine (42)
              </a>
            </li>
          </ul>
        </li>
      
        <li data-cat="120" class="text-decoration-none category-parent">
          <ul data-level="1" data-parent="120" class="list-unstyled mb-0 level-1">
            <li class="text-decoration-none">
              <a class="text-decoration-none category-link" href="#" data-level="1" data-code="120" data-parent="120">
                Boucherie (23)
              </a>
            </li>
          </ul>
        </li>
      
        <li data-cat="130" class="text-decoration-none category-parent">
          <ul data-level="1" data-parent="130" class="list-unstyled mb-0 level-1">
            <li class="text-decoration-none">
              <a class="text-decoration-none category-link" href="#" data-level="1" data-code="130" data-parent="130">
                Poissonnerie (5)
              </a>
            </li>
          </ul>
        </li>
      
        <li data-cat="020" class="text-decoration-none category-parent">
          <ul data-level="1" data-parent="020" class="list-unstyled mb-0 level-1">
            <li class="text-decoration-none">
              <a class="text-decoration-none category-link" href="#" data-level="1" data-code="020" data-parent="020">
                Ã‰picerie (122)
              </a>
            </li>
          </ul>
        </li>
      
        <li data-cat="050" class="text-decoration-none category-parent">
          <ul data-level="1" data-parent="050" class="list-unstyled mb-0 level-1">
            <li class="text-decoration-none">
              <a class="text-decoration-none category-link" href="#" data-level="1" data-code="050" data-parent="050">
                Charcuterie (44)
              </a>
            </li>
          </ul>
        </li>
      
        <li data-cat="030" class="text-decoration-none category-parent">
          <ul data-level="1" data-parent="030" class="list-unstyled mb-0 level-1">
            <li class="text-decoration-none">
              <a class="text-decoration-none category-link" href="#" data-level="1" data-code="030" data-parent="030">
                Boulangerie (4)
              </a>
            </li>
          </ul>
        </li>
      
        <li data-cat="060" class="text-decoration-none category-parent">
          <ul data-level="1" data-parent="060" class="list-unstyled mb-0 level-1">
            <li class="text-decoration-none">
              <a class="text-decoration-none category-link" href="#" data-level="1" data-code="060" data-parent="060">
                SurgelÃ© (24)
              </a>
            </li>
          </ul>
        </li>
      
        <li data-cat="090" class="text-decoration-none category-parent">
          <ul data-level="1" data-parent="090" class="list-unstyled mb-0 level-1">
            <li class="text-decoration-none">
              <a class="text-decoration-none category-link" href="#" data-level="1" data-code="090" data-parent="090">
                Emballage (59)
              </a>
            </li>
          </ul>
        </li>
      
        <li data-cat="040" class="text-decoration-none category-parent">
          <ul data-level="1" data-parent="040" class="list-unstyled mb-0 level-1">
            <li class="text-decoration-none">
              <a class="text-decoration-none category-link" href="#" data-level="1" data-code="040" data-parent="040">
                Boisson (23)
              </a>
            </li>
          </ul>
        </li>
      
        <li data-cat="010" class="text-decoration-none category-parent">
          <ul data-level="1" data-parent="010" class="list-unstyled mb-0 level-1">
            <li class="text-decoration-none">
              <a class="text-decoration-none category-link" href="#" data-level="1" data-code="010" data-parent="010">
                Fruits et lÃ©gumes (36)
              </a>
            </li>
          </ul>
        </li>
      
        <li data-cat="070" class="text-decoration-none category-parent">
          <ul data-level="1" data-parent="070" class="list-unstyled mb-0 level-1">
            <li class="text-decoration-none">
              <a class="text-decoration-none category-link" href="#" data-level="1" data-code="070" data-parent="070">
                Produits laitiers (12)
              </a>
            </li>
          </ul>
        </li>
      
        <li data-cat="080" class="text-decoration-none category-parent">
          <ul data-level="1" data-parent="080" class="list-unstyled mb-0 level-1">
            <li class="text-decoration-none">
              <a class="text-decoration-none category-link" href="#" data-level="1" data-code="080" data-parent="080">
                Entretien (2)
              </a>
            </li>
          </ul>
        </li>
      </ul></div>
          </div>
        </div>

        <hr class="d-none d-md-block">

        <div class="wrapper-filters-brands-container checkboxes-wrapper mt-0 mt-md-2 mb-2 mb-md-0 pe-1 pe-md-0">
          <div class="d-flex justify-content-between align-items-center title-filter js-chevron-down">
            <h3 class="mb-0 mb-md-2">
    Marques
</h3>
            <img height="45" width="45" src="https://mayrand.ca/hubfs/raw_assets/public/MAYRAND-P3-CHILD-THEME/images/icons-modules/chevron-down-dark.svg" alt="icon-chevron-down-dark" class="chevron-down-dark d-none d-md-block">
          </div>
          <div class="wrapper-brands search-checkboxes">
      <div class="checkbox-container d-flex align-items-center pb-2">
        <input type="checkbox" class="custom-checkbox" id="dare" data-property="brands" data-value="Dare">
        <label for="dare" class="checkbox-label">
          Dare (22)
        </label>
      </div>
    
      <div class="checkbox-container d-flex align-items-center pb-2">
        <input type="checkbox" class="custom-checkbox" id="prince" data-property="brands" data-value="Prince">
        <label for="prince" class="checkbox-label">
          Prince (1)
        </label>
      </div>
    
      <div class="checkbox-container d-flex align-items-center pb-2">
        <input type="checkbox" class="custom-checkbox" id="brands" data-property="brands" data-value="Brands">
        <label for="brands" class="checkbox-label">
          Brands (3)
        </label>
      </div>
    
      <div class="checkbox-container d-flex align-items-center pb-2">
        <input type="checkbox" class="custom-checkbox" id="roch" data-property="brands" data-value="Roch">
        <label for="roch" class="checkbox-label">
          Roch (8)
        </label>
      </div>
    
      <div class="checkbox-container d-flex align-items-center pb-2">
        <input type="checkbox" class="custom-checkbox" id="mayrand-chef" data-property="brands" data-value="Mayrand CHEF">
        <label for="mayrand-chef" class="checkbox-label">
          Mayrand CHEF (12)
        </label>
      </div>
    
      <div class="checkbox-container d-flex align-items-center pb-2">
        <input type="checkbox" class="custom-checkbox" id="valentino" data-property="brands" data-value="Valentino">
        <label for="valentino" class="checkbox-label">
          Valentino (21)
        </label>
      </div>
    
      <div class="checkbox-container d-flex align-items-center pb-2">
        <input type="checkbox" class="custom-checkbox" id="arco" data-property="brands" data-value="Arco">
        <label for="arco" class="checkbox-label">
          Arco (15)
        </label>
      </div>
    
      <div class="checkbox-container d-flex align-items-center pb-2">
        <input type="checkbox" class="custom-checkbox" id="grant's" data-property="brands" data-value="Grant's">
        <label for="grant's" class="checkbox-label">
          Grant's (2)
        </label>
      </div>
    
      <div class="checkbox-container d-flex align-items-center pb-2">
        <input type="checkbox" class="custom-checkbox" id="voortman" data-property="brands" data-value="Voortman">
        <label for="voortman" class="checkbox-label">
          Voortman (2)
        </label>
      </div>
    
      <div class="checkbox-container d-flex align-items-center pb-2">
        <input type="checkbox" class="custom-checkbox" id="martin-dessert" data-property="brands" data-value="Martin Dessert">
        <label for="martin-dessert" class="checkbox-label">
          Martin Dessert (2)
        </label>
      </div>
    
      <div class="checkbox-container d-flex align-items-center pb-2">
        <input type="checkbox" class="custom-checkbox" id="party-couture" data-property="brands" data-value="Party Couture">
        <label for="party-couture" class="checkbox-label">
          Party Couture (58)
        </label>
      </div>
    
      <div class="checkbox-container d-flex align-items-center pb-2">
        <input type="checkbox" class="custom-checkbox" id="hortus" data-property="brands" data-value="Hortus">
        <label for="hortus" class="checkbox-label">
          Hortus (14)
        </label>
      </div>
    
      <div class="checkbox-container d-flex align-items-center pb-2">
        <input type="checkbox" class="custom-checkbox" id="shawbridge" data-property="brands" data-value="Shawbridge">
        <label for="shawbridge" class="checkbox-label">
          Shawbridge (4)
        </label>
      </div>
    
      <div class="checkbox-container d-flex align-items-center pb-2">
        <input type="checkbox" class="custom-checkbox" id="old-dutch" data-property="brands" data-value="Old Dutch">
        <label for="old-dutch" class="checkbox-label">
          Old Dutch (13)
        </label>
      </div>
    
      <div class="checkbox-container d-flex align-items-center pb-2">
        <input type="checkbox" class="custom-checkbox" id="bonne-maman" data-property="brands" data-value="Bonne Maman">
        <label for="bonne-maman" class="checkbox-label">
          Bonne Maman (4)
        </label>
      </div>
    
      <div class="checkbox-container d-flex align-items-center pb-2">
        <input type="checkbox" class="custom-checkbox" id="major-gourmet" data-property="brands" data-value="Major Gourmet">
        <label for="major-gourmet" class="checkbox-label">
          Major Gourmet (1)
        </label>
      </div>
    
      <div class="checkbox-container d-flex align-items-center pb-2">
        <input type="checkbox" class="custom-checkbox" id="bauli" data-property="brands" data-value="Bauli">
        <label for="bauli" class="checkbox-label">
          Bauli (2)
        </label>
      </div>
    
      <div class="checkbox-container d-flex align-items-center pb-2">
        <input type="checkbox" class="custom-checkbox" id="les-rÃ©serves-du-chÃ¢teau" data-property="brands" data-value="Les RÃ©serves du ChÃ¢teau">
        <label for="les-rÃ©serves-du-chÃ¢teau" class="checkbox-label">
          Les RÃ©serves du ChÃ¢teau (1)
        </label>
      </div>
    
      <div class="checkbox-container d-flex align-items-center pb-2">
        <input type="checkbox" class="custom-checkbox" id="de-conti" data-property="brands" data-value="De Conti">
        <label for="de-conti" class="checkbox-label">
          De Conti (2)
        </label>
      </div>
    
      <div class="checkbox-container d-flex align-items-center pb-2">
        <input type="checkbox" class="custom-checkbox" id="fontaine-santÃ©" data-property="brands" data-value="Fontaine SantÃ©">
        <label for="fontaine-santÃ©" class="checkbox-label">
          Fontaine SantÃ© (15)
        </label>
      </div>
    
      <div class="checkbox-container d-flex align-items-center pb-2">
        <input type="checkbox" class="custom-checkbox" id="mirabel" data-property="brands" data-value="Mirabel">
        <label for="mirabel" class="checkbox-label">
          Mirabel (2)
        </label>
      </div>
    
      <div class="checkbox-container d-flex align-items-center pb-2">
        <input type="checkbox" class="custom-checkbox" id="prestige" data-property="brands" data-value="Prestige">
        <label for="prestige" class="checkbox-label">
          Prestige (1)
        </label>
      </div>
    
      <div class="checkbox-container d-flex align-items-center pb-2">
        <input type="checkbox" class="custom-checkbox" id="mayrand-chef" data-property="brands" data-value="Mayrand Chef">
        <label for="mayrand-chef" class="checkbox-label">
          Mayrand Chef (2)
        </label>
      </div>
    
      <div class="checkbox-container d-flex align-items-center pb-2">
        <input type="checkbox" class="custom-checkbox" id="rougiÃ©" data-property="brands" data-value="RougiÃ©">
        <label for="rougiÃ©" class="checkbox-label">
          RougiÃ© (3)
        </label>
      </div>
    
      <div class="checkbox-container d-flex align-items-center pb-2">
        <input type="checkbox" class="custom-checkbox" id="di-stefano" data-property="brands" data-value="Di Stefano">
        <label for="di-stefano" class="checkbox-label">
          Di Stefano (4)
        </label>
      </div>
    
      <div class="checkbox-container d-flex align-items-center pb-2">
        <input type="checkbox" class="custom-checkbox" id="leolight" data-property="brands" data-value="Leolight">
        <label for="leolight" class="checkbox-label">
          Leolight (2)
        </label>
      </div>
    
      <div class="checkbox-container d-flex align-items-center pb-2">
        <input type="checkbox" class="custom-checkbox" id="takis" data-property="brands" data-value="Takis">
        <label for="takis" class="checkbox-label">
          Takis (1)
        </label>
      </div>
    
      <div class="checkbox-container d-flex align-items-center pb-2">
        <input type="checkbox" class="custom-checkbox" id="slush-puppie" data-property="brands" data-value="Slush Puppie">
        <label for="slush-puppie" class="checkbox-label">
          Slush Puppie (1)
        </label>
      </div>
    
      <div class="checkbox-container d-flex align-items-center pb-2">
        <input type="checkbox" class="custom-checkbox" id="freddo" data-property="brands" data-value="Freddo">
        <label for="freddo" class="checkbox-label">
          Freddo (7)
        </label>
      </div>
    
      <div class="checkbox-container d-flex align-items-center pb-2">
        <input type="checkbox" class="custom-checkbox" id="dyn" data-property="brands" data-value="DYN">
        <label for="dyn" class="checkbox-label">
          DYN (3)
        </label>
      </div>
    
      <div class="checkbox-container d-flex align-items-center pb-2">
        <input type="checkbox" class="custom-checkbox" id="laura-secord" data-property="brands" data-value="Laura Secord">
        <label for="laura-secord" class="checkbox-label">
          Laura Secord (1)
        </label>
      </div>
    
      <div class="checkbox-container d-flex align-items-center pb-2">
        <input type="checkbox" class="custom-checkbox" id="lindt" data-property="brands" data-value="Lindt">
        <label for="lindt" class="checkbox-label">
          Lindt (1)
        </label>
      </div>
    
      <div class="checkbox-container d-flex align-items-center pb-2">
        <input type="checkbox" class="custom-checkbox" id="la-lichÃ©e" data-property="brands" data-value="La LichÃ©e">
        <label for="la-lichÃ©e" class="checkbox-label">
          La LichÃ©e (3)
        </label>
      </div>
    
      <div class="checkbox-container d-flex align-items-center pb-2">
        <input type="checkbox" class="custom-checkbox" id="natural-one" data-property="brands" data-value="Natural One">
        <label for="natural-one" class="checkbox-label">
          Natural One (1)
        </label>
      </div>
    
      <div class="checkbox-container d-flex align-items-center pb-2">
        <input type="checkbox" class="custom-checkbox" id="battistero" data-property="brands" data-value="Battistero">
        <label for="battistero" class="checkbox-label">
          Battistero (2)
        </label>
      </div>
    
      <div class="checkbox-container d-flex align-items-center pb-2">
        <input type="checkbox" class="custom-checkbox" id="scarpato" data-property="brands" data-value="Scarpato">
        <label for="scarpato" class="checkbox-label">
          Scarpato (3)
        </label>
      </div>
    
      <div class="checkbox-container d-flex align-items-center pb-2">
        <input type="checkbox" class="custom-checkbox" id="motta" data-property="brands" data-value="Motta">
        <label for="motta" class="checkbox-label">
          Motta (1)
        </label>
      </div>
    
      <div class="checkbox-container d-flex align-items-center pb-2">
        <input type="checkbox" class="custom-checkbox" id="brine" data-property="brands" data-value="Brine">
        <label for="brine" class="checkbox-label">
          Brine (5)
        </label>
      </div>
    
      <div class="checkbox-container d-flex align-items-center pb-2">
        <input type="checkbox" class="custom-checkbox" id="ferrara" data-property="brands" data-value="Ferrara">
        <label for="ferrara" class="checkbox-label">
          Ferrara (1)
        </label>
      </div>
    
      <div class="checkbox-container d-flex align-items-center pb-2">
        <input type="checkbox" class="custom-checkbox" id="chalet-gourmet" data-property="brands" data-value="Chalet Gourmet">
        <label for="chalet-gourmet" class="checkbox-label">
          Chalet Gourmet (1)
        </label>
      </div>
    
      <div class="checkbox-container d-flex align-items-center pb-2">
        <input type="checkbox" class="custom-checkbox" id="tarall'oro" data-property="brands" data-value="Tarall'oro">
        <label for="tarall'oro" class="checkbox-label">
          Tarall'oro (1)
        </label>
      </div>
    
      <div class="checkbox-container d-flex align-items-center pb-2">
        <input type="checkbox" class="custom-checkbox" id="elephant" data-property="brands" data-value="Elephant">
        <label for="elephant" class="checkbox-label">
          Elephant (3)
        </label>
      </div>
    
      <div class="checkbox-container d-flex align-items-center pb-2">
        <input type="checkbox" class="custom-checkbox" id="deci" data-property="brands" data-value="Deci">
        <label for="deci" class="checkbox-label">
          Deci (1)
        </label>
      </div>
    
      <div class="checkbox-container d-flex align-items-center pb-2">
        <input type="checkbox" class="custom-checkbox" id="banquet" data-property="brands" data-value="Banquet">
        <label for="banquet" class="checkbox-label">
          Banquet (2)
        </label>
      </div>
    
      <div class="checkbox-container d-flex align-items-center pb-2">
        <input type="checkbox" class="custom-checkbox" id="ferme-burnbrae" data-property="brands" data-value="Ferme Burnbrae">
        <label for="ferme-burnbrae" class="checkbox-label">
          Ferme Burnbrae (3)
        </label>
      </div>
    
      <div class="checkbox-container d-flex align-items-center pb-2">
        <input type="checkbox" class="custom-checkbox" id="naya" data-property="brands" data-value="Naya">
        <label for="naya" class="checkbox-label">
          Naya (1)
        </label>
      </div>
    
      <div class="checkbox-container d-flex align-items-center pb-2">
        <input type="checkbox" class="custom-checkbox" id="reginelli-ou-villa-toscanella" data-property="brands" data-value="Reginelli ou Villa Toscanella">
        <label for="reginelli-ou-villa-toscanella" class="checkbox-label">
          Reginelli ou Villa Toscanella (1)
        </label>
      </div>
    
      <div class="checkbox-container d-flex align-items-center pb-2">
        <input type="checkbox" class="custom-checkbox" id="top-dessert" data-property="brands" data-value="Top-Dessert">
        <label for="top-dessert" class="checkbox-label">
          Top-Dessert (4)
        </label>
      </div>
    
      <div class="checkbox-container d-flex align-items-center pb-2">
        <input type="checkbox" class="custom-checkbox" id="safdie" data-property="brands" data-value="Safdie">
        <label for="safdie" class="checkbox-label">
          Safdie (2)
        </label>
      </div>
    
      <div class="checkbox-container d-flex align-items-center pb-2">
        <input type="checkbox" class="custom-checkbox" id="emmi" data-property="brands" data-value="Emmi">
        <label for="emmi" class="checkbox-label">
          Emmi (5)
        </label>
      </div>
    
      <div class="checkbox-container d-flex align-items-center pb-2">
        <input type="checkbox" class="custom-checkbox" id="blue-tide" data-property="brands" data-value="Blue Tide">
        <label for="blue-tide" class="checkbox-label">
          Blue Tide (1)
        </label>
      </div>
    
      <div class="checkbox-container d-flex align-items-center pb-2">
        <input type="checkbox" class="custom-checkbox" id="red-stripe" data-property="brands" data-value="Red Stripe">
        <label for="red-stripe" class="checkbox-label">
          Red Stripe (1)
        </label>
      </div>
    
      <div class="checkbox-container d-flex align-items-center pb-2">
        <input type="checkbox" class="custom-checkbox" id="dei-fiori" data-property="brands" data-value="Dei Fiori">
        <label for="dei-fiori" class="checkbox-label">
          Dei Fiori (2)
        </label>
      </div>
    
      <div class="checkbox-container d-flex align-items-center pb-2">
        <input type="checkbox" class="custom-checkbox" id="bridor" data-property="brands" data-value="Bridor">
        <label for="bridor" class="checkbox-label">
          Bridor (4)
        </label>
      </div>
    
      <div class="checkbox-container d-flex align-items-center pb-2">
        <input type="checkbox" class="custom-checkbox" id="johnny" data-property="brands" data-value="Johnny">
        <label for="johnny" class="checkbox-label">
          Johnny (3)
        </label>
      </div>
    
      <div class="checkbox-container d-flex align-items-center pb-2">
        <input type="checkbox" class="custom-checkbox" id="elledi" data-property="brands" data-value="Elledi">
        <label for="elledi" class="checkbox-label">
          Elledi (1)
        </label>
      </div>
    
      <div class="checkbox-container d-flex align-items-center pb-2">
        <input type="checkbox" class="custom-checkbox" id="st-viateur" data-property="brands" data-value="St-Viateur">
        <label for="st-viateur" class="checkbox-label">
          St-Viateur (1)
        </label>
      </div>
    
      <div class="checkbox-container d-flex align-items-center pb-2">
        <input type="checkbox" class="custom-checkbox" id="julia" data-property="brands" data-value="Julia">
        <label for="julia" class="checkbox-label">
          Julia (25)
        </label>
      </div>
    
      <div class="checkbox-container d-flex align-items-center pb-2">
        <input type="checkbox" class="custom-checkbox" id="granducale" data-property="brands" data-value="Granducale">
        <label for="granducale" class="checkbox-label">
          Granducale (1)
        </label>
      </div>
    
      <div class="checkbox-container d-flex align-items-center pb-2">
        <input type="checkbox" class="custom-checkbox" id="royal-harbour" data-property="brands" data-value="Royal Harbour">
        <label for="royal-harbour" class="checkbox-label">
          Royal Harbour (1)
        </label>
      </div>
    
      <div class="checkbox-container d-flex align-items-center pb-2">
        <input type="checkbox" class="custom-checkbox" id="berthelet" data-property="brands" data-value="Berthelet">
        <label for="berthelet" class="checkbox-label">
          Berthelet (1)
        </label>
      </div>
    
      <div class="checkbox-container d-flex align-items-center pb-2">
        <input type="checkbox" class="custom-checkbox" id="michaud" data-property="brands" data-value="Michaud">
        <label for="michaud" class="checkbox-label">
          Michaud (3)
        </label>
      </div>
    
      <div class="checkbox-container d-flex align-items-center pb-2">
        <input type="checkbox" class="custom-checkbox" id="ferrero" data-property="brands" data-value="Ferrero">
        <label for="ferrero" class="checkbox-label">
          Ferrero (2)
        </label>
      </div>
    
      <div class="checkbox-container d-flex align-items-center pb-2">
        <input type="checkbox" class="custom-checkbox" id="fever-tree" data-property="brands" data-value="Fever Tree">
        <label for="fever-tree" class="checkbox-label">
          Fever Tree (6)
        </label>
      </div>
    
      <div class="checkbox-container d-flex align-items-center pb-2">
        <input type="checkbox" class="custom-checkbox" id="swiss-knight" data-property="brands" data-value="Swiss Knight">
        <label for="swiss-knight" class="checkbox-label">
          Swiss Knight (1)
        </label>
      </div>
    
      <div class="checkbox-container d-flex align-items-center pb-2">
        <input type="checkbox" class="custom-checkbox" id="polar-pak" data-property="brands" data-value="Polar Pak">
        <label for="polar-pak" class="checkbox-label">
          Polar Pak (1)
        </label>
      </div>
    
      <div class="checkbox-container d-flex align-items-center pb-2">
        <input type="checkbox" class="custom-checkbox" id="vespucci" data-property="brands" data-value="Vespucci">
        <label for="vespucci" class="checkbox-label">
          Vespucci (4)
        </label>
      </div>
    
      <div class="checkbox-container d-flex align-items-center pb-2">
        <input type="checkbox" class="custom-checkbox" id="casa-morena" data-property="brands" data-value="Casa Morena">
        <label for="casa-morena" class="checkbox-label">
          Casa Morena (3)
        </label>
      </div>
    
      <div class="checkbox-container d-flex align-items-center pb-2">
        <input type="checkbox" class="custom-checkbox" id="querico" data-property="brands" data-value="Querico">
        <label for="querico" class="checkbox-label">
          Querico (1)
        </label>
      </div>
    
      <div class="checkbox-container d-flex align-items-center pb-2">
        <input type="checkbox" class="custom-checkbox" id="kraft" data-property="brands" data-value="Kraft">
        <label for="kraft" class="checkbox-label">
          Kraft (1)
        </label>
      </div>
    
      <div class="checkbox-container d-flex align-items-center pb-2">
        <input type="checkbox" class="custom-checkbox" id="vdc" data-property="brands" data-value="VDC">
        <label for="vdc" class="checkbox-label">
          VDC (1)
        </label>
      </div>
    
      <div class="checkbox-container d-flex align-items-center pb-2">
        <input type="checkbox" class="custom-checkbox" id="canabec" data-property="brands" data-value="Canabec">
        <label for="canabec" class="checkbox-label">
          Canabec (8)
        </label>
      </div>
    </div>
        </div>

        <hr class="d-none d-md-block">

        <div class="wrapper-filters-attributes-container checkboxes-wrapper mt-0 mt-md-2 mb-2 mb-md-0 pe-1 pe-md-0">
          <div class="d-flex justify-content-between align-items-center title-filter js-chevron-down">
            <h3 class="mb-0 mb-md-2">
    Attributs
</h3>
            <img height="45" width="45" src="https://mayrand.ca/hubfs/raw_assets/public/MAYRAND-P3-CHILD-THEME/images/icons-modules/chevron-down-dark.svg" alt="icon-chevron-down-dark" class="chevron-down-dark d-none d-md-block">
          </div>
          <div class="wrapper-attributes search-checkboxes">
      <div class="checkbox-container d-flex align-items-center pb-2">
        <input type="checkbox" class="custom-checkbox" id="aliment-du-quÃ©bec" data-property="attributes" data-value="Aliment du QuÃ©bec">
        <label for="aliment-du-quÃ©bec" class="checkbox-label">
          Aliment du QuÃ©bec (18)
        </label>
      </div>
    
      <div class="checkbox-container d-flex align-items-center pb-2">
        <input type="checkbox" class="custom-checkbox" id="produit-local" data-property="attributes" data-value="Produit local">
        <label for="produit-local" class="checkbox-label">
          Produit local (55)
        </label>
      </div>
    
      <div class="checkbox-container d-flex align-items-center pb-2">
        <input type="checkbox" class="custom-checkbox" id="sans-gluten" data-property="attributes" data-value="Sans gluten">
        <label for="sans-gluten" class="checkbox-label">
          Sans gluten (19)
        </label>
      </div>
    </div>
        </div>

        <hr class="d-none d-md-block">

        <div class="wrapper-discounts-container checkboxes-wrapper mt-0 mt-md-2 mb-2 mb-md-0 pe-1 pe-md-0">
          <div class="d-flex justify-content-between align-items-center title-filter js-chevron-down">
            <h3 class="mb-0 mb-md-2">
    Prix rabais
</h3>
            <img height="45" width="45" src="https://mayrand.ca/hubfs/raw_assets/public/MAYRAND-P3-CHILD-THEME/images/icons-modules/chevron-down-dark.svg" alt="icon-chevron-down-dark" class="chevron-down-dark d-none d-md-block">
          </div>
          <div class="wrapper-discounts search-checkboxes">
  <template id="checkbox-template">
    <div class="checkboxes-container">
        <div class="group-container d-flex mb-2">
            <input type="checkbox" class="form-check-input custom-checkbox" id="rose-hill">
            <label for="rose-hill" class="checkbox-label">Rose Hill (1)</label>
        </div>
    </div>
  </template>
</div>
        </div>
      </div>
      <div class="col-12 col-md-9">
        <div class="mb-4 d-flex align-items-center justify-content-between flex-wrap flex-md-nowrap">
          <div class="col-12 col-md-4 d-flex align-items-center wrapper-selectors">
            <span class="d-none d-md-block me-2 fw-semibold">
    Trier par
</span>
            <div class="choices" data-type="select-one" tabindex="0" role="listbox" aria-haspopup="true" aria-expanded="false"><div class="choices__inner"><select class="form-select flex-grow-1 js-sorting-select sorting-selectors choices__input" aria-label="sorting-selectors" hidden="" tabindex="-1" data-choice="active">
              <option value="seller">
    Meilleur vendeur
</option>
              <option value="name">
    AlphabÃ©tique
</option>
              <option value="price">
    Prix croissant
</option>
              <option value="sale">
    Prix rabais
</option>
              <option value="code">
    Code Mayrand
</option>
            </select><div class="choices__list choices__list--single"><div class="choices__item choices__placeholder choices__item--selectable" data-item="" data-id="0" data-value="" aria-selected="true" role="option" data-placeholder="">Pertinence</div></div></div><div class="choices__list choices__list--dropdown" aria-expanded="false"><div class="choices__list" role="listbox"><div id="choices--imb1-item-choice-2" class="choices__item choices__item--choice choices__item--selectable is-highlighted" role="option" data-choice="" data-id="2" data-value="name" data-choice-selectable="" aria-selected="true">AlphabÃ©tique</div><div id="choices--imb1-item-choice-5" class="choices__item choices__item--choice choices__item--selectable" role="option" data-choice="" data-id="5" data-value="code" data-choice-selectable="">Code Mayrand</div><div id="choices--imb1-item-choice-1" class="choices__item choices__item--choice choices__item--selectable" role="option" data-choice="" data-id="1" data-value="seller" data-choice-selectable="">Meilleur vendeur</div><div id="choices--imb1-item-choice-3" class="choices__item choices__item--choice choices__item--selectable" role="option" data-choice="" data-id="3" data-value="price" data-choice-selectable="">Prix croissant</div><div id="choices--imb1-item-choice-4" class="choices__item choices__item--choice choices__item--selectable" role="option" data-choice="" data-id="4" data-value="sale" data-choice-selectable="">Prix rabais</div></div></div></div>
          </div>
          <div class="col-md-6 col-12">
            <div id="pagination" class="wrapper-pagination d-flex justify-content-md-end justify-content-center mt-4 mt-md-0">
    <button class="pagination-btn disabled" data-page="0" disabled="">
      PrÃ©cÃ©dent
    </button>
  
      <button class="pagination-btn active" data-page="1">
        1
      </button>
    
      <button class="pagination-btn " data-page="2">
        2
      </button>
    
      <button class="pagination-btn " data-page="3">
        3
      </button>
    <span class="pagination-ellipsis">...</span><button class="pagination-btn" data-page="8">8</button>
    <button class="pagination-btn " data-page="2">
      Suivant
    </button>
  </div>
          </div>
        </div>
        <div id="product-container">
    <div class="display_container d-flex flex-column flex-sm-row product-card-wrapper mb-3 active">
    <div class="image_container mx-auto mb-5 mb-sm-0">
    <a href="/fr/nos-produits/epicerie/biscuit-et-craquelin/craquelin-et-biscotte/craquelins-grissol-canape-nature-dare-00824" class="product_image_link">
      <img height="115" width="115" class="product_image" src="https://341647818.fs1.hubspotusercontent-na3.net/hubfs/341647818/CatalogProductImages/fr/00824/image-1.jpg" alt="Craquelins canapÃ© nature 150 g">
    </a>
  </div>
  <div class="info_container d-flex flex-column flex-sm-row align-items-start justify-content-start justify-content-sm-between align-items-sm-center p-0">
      <div class="text_container">
        <h5 class="product_brand">Dare</h5>
        <h4 class="product_name">
          <a href="/fr/nos-produits/epicerie/biscuit-et-craquelin/craquelin-et-biscotte/craquelins-grissol-canape-nature-dare-00824" class="product_link">Craquelins canapÃ© nature 150 g</a>
        </h4>
        <h5 class="product_id">00824</h5>
      </div>
      <div class="price_container col-12 col-sm-3 align-items-sm-end">
          <div class="unit_price text-end"><span class="me-2">1.99 $</span>
            <del class="price-discount">3.99  $</del>
            <p class="card-text m-0 unit_quantity">unitÃ© (150G)</p>
            <p class="card-text m-0 unit_quantity mb-1 unit-price-ref">1,33$/100g</p>
          </div>
          <div class="unit_price text-end"><span class="me-2">23.49 $</span>
            <del class="price-discount">42.99 $</del>
            <p class="card-text m-0 unit_quantity">caisse (12X150G)</p>
            <p class="card-text m-0 unit_quantity mb-1 unit-price-ref">1,31$/100g</p>
          </div></div>
  </div>

    </div>
  
    <div class="display_container d-flex flex-column flex-sm-row product-card-wrapper mb-3 active">
    <div class="image_container mx-auto mb-5 mb-sm-0">
    <a href="/fr/nos-produits/charcuterie/bacon-et-pancetta/bacon-regulier-prince-00972" class="product_image_link">
      <img height="115" width="115" class="product_image" src="https://341647818.fs1.hubspotusercontent-na3.net/hubfs/341647818/CatalogProductImages/fr/00972/image-1.jpg" alt="Bacon rÃ©gulier 500 g">
    </a>
  </div>
  <div class="info_container d-flex flex-column flex-sm-row align-items-start justify-content-start justify-content-sm-between align-items-sm-center p-0">
      <div class="text_container">
        <h5 class="product_brand">Prince</h5>
        <h4 class="product_name">
          <a href="/fr/nos-produits/charcuterie/bacon-et-pancetta/bacon-regulier-prince-00972" class="product_link">Bacon rÃ©gulier 500 g</a>
        </h4>
        <h5 class="product_id">00972</h5>
      </div>
      <div class="price_container col-12 col-sm-3 align-items-sm-end">
          <div class="unit_price text-end"><span class="me-2">4.99 $</span>
            <del class="price-discount">7.59  $</del>
            <p class="card-text m-0 unit_quantity">unitÃ© (500g)</p>
            <p class="card-text m-0 unit_quantity mb-1 unit-price-ref">1,00$/100g</p>
          </div>
          <div class="unit_price text-end"><span class="me-2">117.99 $</span>
            <del class="price-discount">168.99 $</del>
            <p class="card-text m-0 unit_quantity">caisse (24x500g)</p>
            <p class="card-text m-0 unit_quantity mb-1 unit-price-ref">0,98$/100g</p>
          </div></div>
  </div>

    </div>
  
    <div class="display_container d-flex flex-column flex-sm-row product-card-wrapper mb-3 active">
    <div class="image_container mx-auto mb-5 mb-sm-0">
    <a href="/fr/nos-produits/epicerie/confiserie/bonbon/bonbon-gelatine-gummi-party-01128" class="product_image_link">
      <img height="115" width="115" class="product_image" src="https://341647818.fs1.hubspotusercontent-na3.net/hubfs/341647818/CatalogProductImages/%C3%89picerie/01128%20Bonbon%20g%C3%A9latine%20Gummi%20Party%20Brands.png" alt="Bonbon gÃ©latine Gummi Party 320 g">
    </a>
  </div>
  <div class="info_container d-flex flex-column flex-sm-row align-items-start justify-content-start justify-content-sm-between align-items-sm-center p-0">
      <div class="text_container">
        <h5 class="product_brand">Brands</h5>
        <h4 class="product_name">
          <a href="/fr/nos-produits/epicerie/confiserie/bonbon/bonbon-gelatine-gummi-party-01128" class="product_link">Bonbon gÃ©latine Gummi Party 320 g</a>
        </h4>
        <h5 class="product_id">01128</h5>
      </div>
      <div class="price_container col-12 col-sm-3 align-items-sm-end">
          <div class="unit_price text-end"><span class="me-2">3.99 $</span>
            <del class="price-discount">6.99  $</del>
            <p class="card-text m-0 unit_quantity">unitÃ© (1x320g)</p>
            
          </div>
          <div class="unit_price text-end"><span class="me-2">47.99 $</span>
            <del class="price-discount">75.99 $</del>
            <p class="card-text m-0 unit_quantity">caisse (12x320g)</p>
            
          </div></div>
  </div>

    </div>
  
    <div class="display_container d-flex flex-column flex-sm-row product-card-wrapper mb-3 active">
    <div class="image_container mx-auto mb-5 mb-sm-0">
    <a href="/fr/nos-produits/charcuterie/bacon-et-pancetta/fleche-de-bacon-a-lancienne-roch-01334" class="product_image_link">
      <img height="115" width="115" class="product_image" src="https://341647818.fs1.hubspotusercontent-na3.net/hubfs/341647818/CatalogProductImages/fr/01334/image-1.jpg" alt="FlÃ¨che de bacon Ã  l'ancienne 3 kg">
    </a>
  </div>
  <div class="info_container d-flex flex-column flex-sm-row align-items-start justify-content-start justify-content-sm-between align-items-sm-center p-0">
      <div class="text_container">
        <h5 class="product_brand">Roch</h5>
        <h4 class="product_name">
          <a href="/fr/nos-produits/charcuterie/bacon-et-pancetta/fleche-de-bacon-a-lancienne-roch-01334" class="product_link">FlÃ¨che de bacon Ã  l'ancienne 3 kg</a>
        </h4>
        <h5 class="product_id">01334</h5>
      </div>
      <div class="price_container col-12 col-sm-3 align-items-sm-end">
              <div class="unit_price text-end"><span class="me-2">52.83 $</span>
                <del class="price-discount">53.97 $</del>
                <p class="card-text m-0 unit_quantity mb-1">unitÃ© (3 4xÂ±3kg)</p>
                <p class="card-text unit_quantity m-0">17.61 $ / kg</p>
                <p class="card-text mt-2 mb-0 unit_quantity unit-price-ref">1,76$/100g</p>
                <p class="card-text m-0 unit_quantity unit-price-ref">7,99$/lb</p>
              </div></div>
  </div>

    </div>
  
    <div class="display_container d-flex flex-column flex-sm-row product-card-wrapper mb-3 active">
    <div class="image_container mx-auto mb-5 mb-sm-0">
    <a href="/fr/nos-produits/epicerie/biscuit-et-craquelin/craquelin-et-biscotte/craquelins-breton-bouchees-original-dare-01371" class="product_image_link">
      <img height="115" width="115" class="product_image" src="https://341647818.fs1.hubspotusercontent-na3.net/hubfs/341647818/CatalogProductImages/fr/01371/image-1.png" alt="Craquelins bouchÃ©es originaux 200 g">
    </a>
  </div>
  <div class="info_container d-flex flex-column flex-sm-row align-items-start justify-content-start justify-content-sm-between align-items-sm-center p-0">
      <div class="text_container">
        <h5 class="product_brand">Dare</h5>
        <h4 class="product_name">
          <a href="/fr/nos-produits/epicerie/biscuit-et-craquelin/craquelin-et-biscotte/craquelins-breton-bouchees-original-dare-01371" class="product_link">Craquelins bouchÃ©es originaux 200 g</a>
        </h4>
        <h5 class="product_id">01371</h5>
      </div>
      <div class="price_container col-12 col-sm-3 align-items-sm-end">
          <div class="unit_price text-end"><span class="me-2">1.99 $</span>
            <del class="price-discount">3.99  $</del>
            <p class="card-text m-0 unit_quantity">unitÃ© (200g)</p>
            <p class="card-text m-0 unit_quantity mb-1 unit-price-ref">1,00$/100g</p>
          </div>
          <div class="unit_price text-end"><span class="me-2">23.49 $</span>
            <del class="price-discount">42.99 $</del>
            <p class="card-text m-0 unit_quantity">caisse (12x200g)</p>
            <p class="card-text m-0 unit_quantity mb-1 unit-price-ref">0,98$/100g</p>
          </div></div>
  </div>

    </div>
  
    <div class="display_container d-flex flex-column flex-sm-row product-card-wrapper mb-3 active">
    <div class="image_container mx-auto mb-5 mb-sm-0">
    <a href="/fr/nos-produits/epicerie/biscuit-et-craquelin/craquelin-et-biscotte/craquelins-breton-bouchees-aux-legumes-dare-01372" class="product_image_link">
      <img height="115" width="115" class="product_image" src="https://341647818.fs1.hubspotusercontent-na3.net/hubfs/341647818/CatalogProductImages/fr/01372/image-1.jpg" alt="Craquelins bouchÃ©es aux lÃ©gumes&nbsp; 200 g">
    </a>
  </div>
  <div class="info_container d-flex flex-column flex-sm-row align-items-start justify-content-start justify-content-sm-between align-items-sm-center p-0">
      <div class="text_container">
        <h5 class="product_brand">Dare</h5>
        <h4 class="product_name">
          <a href="/fr/nos-produits/epicerie/biscuit-et-craquelin/craquelin-et-biscotte/craquelins-breton-bouchees-aux-legumes-dare-01372" class="product_link">Craquelins bouchÃ©es aux lÃ©gumes&nbsp; 200 g</a>
        </h4>
        <h5 class="product_id">01372</h5>
      </div>
      <div class="price_container col-12 col-sm-3 align-items-sm-end">
          <div class="unit_price text-end"><span class="me-2">1.99 $</span>
            <del class="price-discount">3.99  $</del>
            <p class="card-text m-0 unit_quantity">unitÃ© (200g)</p>
            <p class="card-text m-0 unit_quantity mb-1 unit-price-ref">1,00$/100g</p>
          </div>
          <div class="unit_price text-end"><span class="me-2">23.49 $</span>
            <del class="price-discount">42.99 $</del>
            <p class="card-text m-0 unit_quantity">caisse (12x200g)</p>
            <p class="card-text m-0 unit_quantity mb-1 unit-price-ref">0,98$/100g</p>
          </div></div>
  </div>

    </div>
  
    <div class="display_container d-flex flex-column flex-sm-row product-card-wrapper mb-3 active">
    <div class="image_container mx-auto mb-5 mb-sm-0">
    <a href="/fr/nos-produits/epicerie/biscuit-et-craquelin/craquelin-et-biscotte/craquelins-crisp-legumes-sel-de-mer-dare-01373" class="product_image_link">
      <img height="115" width="115" class="product_image" src="https://341647818.fs1.hubspotusercontent-na3.net/hubfs/341647818/CatalogProductImages/fr/01373/image-1.jpg" alt="Craquelins aux lÃ©gumes sel de mer">
    </a>
  </div>
  <div class="info_container d-flex flex-column flex-sm-row align-items-start justify-content-start justify-content-sm-between align-items-sm-center p-0">
      <div class="text_container">
        <h5 class="product_brand">Dare</h5>
        <h4 class="product_name">
          <a href="/fr/nos-produits/epicerie/biscuit-et-craquelin/craquelin-et-biscotte/craquelins-crisp-legumes-sel-de-mer-dare-01373" class="product_link">Craquelins aux lÃ©gumes sel de mer</a>
        </h4>
        <h5 class="product_id">01373</h5>
      </div>
      <div class="price_container col-12 col-sm-3 align-items-sm-end">
          <div class="unit_price text-end"><span class="me-2">1.99 $</span>
            <del class="price-discount">3.99  $</del>
            <p class="card-text m-0 unit_quantity">unitÃ© (1x100g)</p>
            <p class="card-text m-0 unit_quantity mb-1 unit-price-ref">1,99$/100g</p>
          </div>
          <div class="unit_price text-end"><span class="me-2">23.49 $</span>
            <del class="price-discount">43.99 $</del>
            <p class="card-text m-0 unit_quantity">caisse (12x100g)</p>
            <p class="card-text m-0 unit_quantity mb-1 unit-price-ref">1,96$/100g</p>
          </div></div>
  </div>

    </div>
  
    <div class="display_container d-flex flex-column flex-sm-row product-card-wrapper mb-3 active">
    <div class="image_container mx-auto mb-5 mb-sm-0">
    <a href="/fr/nos-produits/epicerie/biscuit-et-craquelin/craquelin-et-biscotte/craquelins-crisp-legumes-ranch-mordant-dare-01374" class="product_image_link">
      <img height="115" width="115" class="product_image" src="https://341647818.fs1.hubspotusercontent-na3.net/hubfs/341647818/CatalogProductImages/fr/01374/image-1.png" alt="Craquelins aux lÃ©gumes ranch mordant 100 g">
    </a>
  </div>
  <div class="info_container d-flex flex-column flex-sm-row align-items-start justify-content-start justify-content-sm-between align-items-sm-center p-0">
      <div class="text_container">
        <h5 class="product_brand">Dare</h5>
        <h4 class="product_name">
          <a href="/fr/nos-produits/epicerie/biscuit-et-craquelin/craquelin-et-biscotte/craquelins-crisp-legumes-ranch-mordant-dare-01374" class="product_link">Craquelins aux lÃ©gumes ranch mordant 100 g</a>
        </h4>
        <h5 class="product_id">01374</h5>
      </div>
      <div class="price_container col-12 col-sm-3 align-items-sm-end">
          <div class="unit_price text-end"><span class="me-2">1.99 $</span>
            <del class="price-discount">3.99  $</del>
            <p class="card-text m-0 unit_quantity">unitÃ© (1x100g)</p>
            <p class="card-text m-0 unit_quantity mb-1 unit-price-ref">1,99$/100g</p>
          </div>
          <div class="unit_price text-end"><span class="me-2">23.49 $</span>
            <del class="price-discount">43.99 $</del>
            <p class="card-text m-0 unit_quantity">caisse (12x100g)</p>
            <p class="card-text m-0 unit_quantity mb-1 unit-price-ref">1,96$/100g</p>
          </div></div>
  </div>

    </div>
  
    <div class="display_container d-flex flex-column flex-sm-row product-card-wrapper mb-3 active">
    <div class="image_container mx-auto mb-5 mb-sm-0">
    <a href="/fr/nos-produits/charcuterie/bologne/simili-poulet-tranche-mayrand-chef-01689" class="product_image_link">
      <img height="115" width="115" class="product_image" src="https://341647818.fs1.hubspotusercontent-na3.net/hubfs/341647818/CatalogProductImages/fr/01689/image-1.jpg" alt="Simili poulet tranchÃ© 400 g">
    </a>
  </div>
  <div class="info_container d-flex flex-column flex-sm-row align-items-start justify-content-start justify-content-sm-between align-items-sm-center p-0">
      <div class="text_container">
        <h5 class="product_brand">Mayrand CHEF</h5>
        <h4 class="product_name">
          <a href="/fr/nos-produits/charcuterie/bologne/simili-poulet-tranche-mayrand-chef-01689" class="product_link">Simili poulet tranchÃ© 400 g</a>
        </h4>
        <h5 class="product_id">01689</h5>
      </div>
      <div class="price_container col-12 col-sm-3 align-items-sm-end">
          <div class="unit_price text-end"><span class="me-2">6.49 $</span>
            <del class="price-discount">6.99  $</del>
            <p class="card-text m-0 unit_quantity">unitÃ© (1x400g)</p>
            <p class="card-text m-0 unit_quantity mb-1 unit-price-ref">1,62$/100g</p>
          </div>
          <div class="unit_price text-end"><span class="me-2">75.99 $</span>
            <del class="price-discount">76.99 $</del>
            <p class="card-text m-0 unit_quantity">caisse (12x400g)</p>
            <p class="card-text m-0 unit_quantity mb-1 unit-price-ref">1,58$/100g</p>
          </div></div>
  </div>

    </div>
  
    <div class="display_container d-flex flex-column flex-sm-row product-card-wrapper mb-3 active">
    <div class="image_container mx-auto mb-5 mb-sm-0">
    <a href="/fr/nos-produits/charcuterie/salami/salami-tranche-mayrand-chef-01690" class="product_image_link">
      <img height="115" width="115" class="product_image" src="https://341647818.fs1.hubspotusercontent-na3.net/hubfs/341647818/CatalogProductImages/fr/01690/image-1.jpg" alt="Salami tranchÃ© frais 400 g">
    </a>
  </div>
  <div class="info_container d-flex flex-column flex-sm-row align-items-start justify-content-start justify-content-sm-between align-items-sm-center p-0">
      <div class="text_container">
        <h5 class="product_brand">Mayrand CHEF</h5>
        <h4 class="product_name">
          <a href="/fr/nos-produits/charcuterie/salami/salami-tranche-mayrand-chef-01690" class="product_link">Salami tranchÃ© frais 400 g</a>
        </h4>
        <h5 class="product_id">01690</h5>
      </div>
      <div class="price_container col-12 col-sm-3 align-items-sm-end">
          <div class="unit_price text-end"><span class="me-2">6.49 $</span>
            <del class="price-discount">6.99  $</del>
            <p class="card-text m-0 unit_quantity">unitÃ© (400g)</p>
            <p class="card-text m-0 unit_quantity mb-1 unit-price-ref">1,62$/100g</p>
          </div>
          <div class="unit_price text-end"><span class="me-2">75.99 $</span>
            <del class="price-discount">76.99 $</del>
            <p class="card-text m-0 unit_quantity">caisse (12x400g)</p>
            <p class="card-text m-0 unit_quantity mb-1 unit-price-ref">1,58$/100g</p>
          </div></div>
  </div>

    </div>
  
    <div class="display_container d-flex flex-column flex-sm-row product-card-wrapper mb-3 active">
    <div class="image_container mx-auto mb-5 mb-sm-0">
    <a href="/fr/nos-produits/charcuterie/pepperoni/pepperoni-tranche-mayrand-chef-01691" class="product_image_link">
      <img height="115" width="115" class="product_image" src="https://341647818.fs1.hubspotusercontent-na3.net/hubfs/341647818/CatalogProductImages/fr/01691/image-1.jpg" alt="Pepperoni tranchÃ© 400 g">
    </a>
  </div>
  <div class="info_container d-flex flex-column flex-sm-row align-items-start justify-content-start justify-content-sm-between align-items-sm-center p-0">
      <div class="text_container">
        <h5 class="product_brand">Mayrand CHEF</h5>
        <h4 class="product_name">
          <a href="/fr/nos-produits/charcuterie/pepperoni/pepperoni-tranche-mayrand-chef-01691" class="product_link">Pepperoni tranchÃ© 400 g</a>
        </h4>
        <h5 class="product_id">01691</h5>
      </div>
      <div class="price_container col-12 col-sm-3 align-items-sm-end">
          <div class="unit_price text-end"><span class="me-2">6.49 $</span>
            <del class="price-discount">6.99  $</del>
            <p class="card-text m-0 unit_quantity">unitÃ© (1x400g)</p>
            <p class="card-text m-0 unit_quantity mb-1 unit-price-ref">1,62$/100g</p>
          </div>
          <div class="unit_price text-end"><span class="me-2">75.99 $</span>
            <del class="price-discount">76.99 $</del>
            <p class="card-text m-0 unit_quantity">caisse (12x400g)</p>
            <p class="card-text m-0 unit_quantity mb-1 unit-price-ref">1,58$/100g</p>
          </div></div>
  </div>

    </div>
  
    <div class="display_container d-flex flex-column flex-sm-row product-card-wrapper mb-3 active">
    <div class="image_container mx-auto mb-5 mb-sm-0">
    <a href="/fr/nos-produits/charcuterie/jambon/jambon-fume-tranche-mayrand-chef-01692" class="product_image_link">
      <img height="115" width="115" class="product_image" src="https://341647818.fs1.hubspotusercontent-na3.net/hubfs/341647818/CatalogProductImages/fr/01692/image-1.jpg" alt="Jambon fumÃ© tranchÃ© 400 g">
    </a>
  </div>
  <div class="info_container d-flex flex-column flex-sm-row align-items-start justify-content-start justify-content-sm-between align-items-sm-center p-0">
      <div class="text_container">
        <h5 class="product_brand">Mayrand CHEF</h5>
        <h4 class="product_name">
          <a href="/fr/nos-produits/charcuterie/jambon/jambon-fume-tranche-mayrand-chef-01692" class="product_link">Jambon fumÃ© tranchÃ© 400 g</a>
        </h4>
        <h5 class="product_id">01692</h5>
      </div>
      <div class="price_container col-12 col-sm-3 align-items-sm-end">
          <div class="unit_price text-end"><span class="me-2">6.99 $</span>
            <del class="price-discount">7.49  $</del>
            <p class="card-text m-0 unit_quantity">unitÃ© (1x400g)</p>
            <p class="card-text m-0 unit_quantity mb-1 unit-price-ref">1,75$/100g</p>
          </div>
          <div class="unit_price text-end"><span class="me-2">85.99 $</span>
            <del class="price-discount">86.99 $</del>
            <p class="card-text m-0 unit_quantity">caisse (12x400g)</p>
            <p class="card-text m-0 unit_quantity mb-1 unit-price-ref">1,79$/100g</p>
          </div></div>
  </div>

    </div>
  
    <div class="display_container d-flex flex-column flex-sm-row product-card-wrapper mb-3 active">
    <div class="image_container mx-auto mb-5 mb-sm-0">
    <a href="/fr/nos-produits/charcuterie/jambon/jambon-fume-foret-noire-tranche-mayrand-chef-01694" class="product_image_link">
      <img height="115" width="115" class="product_image" src="https://341647818.fs1.hubspotusercontent-na3.net/hubfs/341647818/CatalogProductImages/fr/01694/image-1.jpg" alt="Jambon fumÃ© forÃªt noire tranchÃ© 400 g">
    </a>
  </div>
  <div class="info_container d-flex flex-column flex-sm-row align-items-start justify-content-start justify-content-sm-between align-items-sm-center p-0">
      <div class="text_container">
        <h5 class="product_brand">Mayrand CHEF</h5>
        <h4 class="product_name">
          <a href="/fr/nos-produits/charcuterie/jambon/jambon-fume-foret-noire-tranche-mayrand-chef-01694" class="product_link">Jambon fumÃ© forÃªt noire tranchÃ© 400 g</a>
        </h4>
        <h5 class="product_id">01694</h5>
      </div>
      <div class="price_container col-12 col-sm-3 align-items-sm-end">
          <div class="unit_price text-end"><span class="me-2">6.99 $</span>
            <del class="price-discount">7.49  $</del>
            <p class="card-text m-0 unit_quantity">unitÃ© (400g)</p>
            <p class="card-text m-0 unit_quantity mb-1 unit-price-ref">1,75$/100g</p>
          </div>
          <div class="unit_price text-end"><span class="me-2">85.99 $</span>
            <del class="price-discount">86.99 $</del>
            <p class="card-text m-0 unit_quantity">caisse (12x400g)</p>
            <p class="card-text m-0 unit_quantity mb-1 unit-price-ref">1,79$/100g</p>
          </div></div>
  </div>

    </div>
  
    <div class="display_container d-flex flex-column flex-sm-row product-card-wrapper mb-3 active">
    <div class="image_container mx-auto mb-5 mb-sm-0">
    <a href="/fr/nos-produits/charcuterie/jambon/jambon-fume-emince-tranche-mayrand-chef-01695" class="product_image_link">
      <img height="115" width="115" class="product_image" src="https://341647818.fs1.hubspotusercontent-na3.net/hubfs/341647818/CatalogProductImages/fr/01695/image-1.jpg" alt="Jambon fumÃ© Ã©mincÃ© 400 g">
    </a>
  </div>
  <div class="info_container d-flex flex-column flex-sm-row align-items-start justify-content-start justify-content-sm-between align-items-sm-center p-0">
      <div class="text_container">
        <h5 class="product_brand">Mayrand CHEF</h5>
        <h4 class="product_name">
          <a href="/fr/nos-produits/charcuterie/jambon/jambon-fume-emince-tranche-mayrand-chef-01695" class="product_link">Jambon fumÃ© Ã©mincÃ© 400 g</a>
        </h4>
        <h5 class="product_id">01695</h5>
      </div>
      <div class="price_container col-12 col-sm-3 align-items-sm-end">
          <div class="unit_price text-end"><span class="me-2">6.99 $</span>
            <del class="price-discount">7.49  $</del>
            <p class="card-text m-0 unit_quantity">unitÃ© (400g)</p>
            <p class="card-text m-0 unit_quantity mb-1 unit-price-ref">1,75$/100g</p>
          </div>
          <div class="unit_price text-end"><span class="me-2">85.99 $</span>
            <del class="price-discount">86.99 $</del>
            <p class="card-text m-0 unit_quantity">caisse (12x400g)</p>
            <p class="card-text m-0 unit_quantity mb-1 unit-price-ref">1,79$/100g</p>
          </div></div>
  </div>

    </div>
  
    <div class="display_container d-flex flex-column flex-sm-row product-card-wrapper mb-3 active">
    <div class="image_container mx-auto mb-5 mb-sm-0">
    <a href="/fr/nos-produits/charcuterie/jambon/jambon-cuit-extra-maigre-tranche-mayrand-chef-01696" class="product_image_link">
      <img height="115" width="115" class="product_image" src="https://341647818.fs1.hubspotusercontent-na3.net/hubfs/341647818/CatalogProductImages/fr/01696/image-1.jpg" alt="Jambon cuit extra-maigre tranchÃ© 400 g">
    </a>
  </div>
  <div class="info_container d-flex flex-column flex-sm-row align-items-start justify-content-start justify-content-sm-between align-items-sm-center p-0">
      <div class="text_container">
        <h5 class="product_brand">Mayrand CHEF</h5>
        <h4 class="product_name">
          <a href="/fr/nos-produits/charcuterie/jambon/jambon-cuit-extra-maigre-tranche-mayrand-chef-01696" class="product_link">Jambon cuit extra-maigre tranchÃ© 400 g</a>
        </h4>
        <h5 class="product_id">01696</h5>
      </div>
      <div class="price_container col-12 col-sm-3 align-items-sm-end">
          <div class="unit_price text-end"><span class="me-2">6.99 $</span>
            <del class="price-discount">7.49  $</del>
            <p class="card-text m-0 unit_quantity">unitÃ© (1x400g)</p>
            <p class="card-text m-0 unit_quantity mb-1 unit-price-ref">1,75$/100g</p>
          </div>
          <div class="unit_price text-end"><span class="me-2">85.99 $</span>
            <del class="price-discount">86.99 $</del>
            <p class="card-text m-0 unit_quantity">caisse (12x400g)</p>
            <p class="card-text m-0 unit_quantity mb-1 unit-price-ref">1,79$/100g</p>
          </div></div>
  </div>

    </div>
  
    <div class="display_container d-flex flex-column flex-sm-row product-card-wrapper mb-3 active">
    <div class="image_container mx-auto mb-5 mb-sm-0">
    <a href="/fr/nos-produits/epicerie/panettone/panettone-classique-01840" class="product_image_link">
      <img height="115" width="115" class="product_image" src="//341647818.fs1.hubspotusercontent-na3.net/hubfs/341647818/raw_assets/public/MAYRAND-P3-CHILD-THEME/images/icons-modules/placeHolderProduct.png" alt="Panettone classique">
    </a>
  </div>
  <div class="info_container d-flex flex-column flex-sm-row align-items-start justify-content-start justify-content-sm-between align-items-sm-center p-0">
      <div class="text_container">
        <h5 class="product_brand">Valentino</h5>
        <h4 class="product_name">
          <a href="/fr/nos-produits/epicerie/panettone/panettone-classique-01840" class="product_link">Panettone classique</a>
        </h4>
        <h5 class="product_id">01840</h5>
      </div>
      <div class="price_container col-12 col-sm-3 align-items-sm-end">
          <div class="unit_price text-end"><span class="me-2">17.99 $</span>
            <del class="price-discount">23.99  $</del>
            <p class="card-text m-0 unit_quantity">unitÃ© (1x1kg)</p>
            <p class="card-text m-0 unit_quantity mb-1 unit-price-ref">1,80$/100g</p>
          </div>
          <div class="unit_price text-end"><span class="me-2">35.49 $</span>
            <del class="price-discount">42.99 $</del>
            <p class="card-text m-0 unit_quantity">caisse (2x1kg)</p>
            <p class="card-text m-0 unit_quantity mb-1 unit-price-ref">1,77$/100g</p>
          </div></div>
  </div>

    </div>
  
    <div class="display_container d-flex flex-column flex-sm-row product-card-wrapper mb-3 active">
    <div class="image_container mx-auto mb-5 mb-sm-0">
    <a href="/fr/nos-produits/epicerie/panettone/panettone-aux-amandes-01841" class="product_image_link">
      <img height="115" width="115" class="product_image" src="//341647818.fs1.hubspotusercontent-na3.net/hubfs/341647818/raw_assets/public/MAYRAND-P3-CHILD-THEME/images/icons-modules/placeHolderProduct.png" alt="Panettone aux amandes">
    </a>
  </div>
  <div class="info_container d-flex flex-column flex-sm-row align-items-start justify-content-start justify-content-sm-between align-items-sm-center p-0">
      <div class="text_container">
        <h5 class="product_brand">Valentino</h5>
        <h4 class="product_name">
          <a href="/fr/nos-produits/epicerie/panettone/panettone-aux-amandes-01841" class="product_link">Panettone aux amandes</a>
        </h4>
        <h5 class="product_id">01841</h5>
      </div>
      <div class="price_container col-12 col-sm-3 align-items-sm-end">
          <div class="unit_price text-end"><span class="me-2">17.99 $</span>
            <del class="price-discount">23.99  $</del>
            <p class="card-text m-0 unit_quantity">unitÃ© (1x1kg)</p>
            <p class="card-text m-0 unit_quantity mb-1 unit-price-ref">1,80$/100g</p>
          </div>
          <div class="unit_price text-end"><span class="me-2">35.49 $</span>
            <del class="price-discount">42.99 $</del>
            <p class="card-text m-0 unit_quantity">caisse (2x1kg)</p>
            <p class="card-text m-0 unit_quantity mb-1 unit-price-ref">1,77$/100g</p>
          </div></div>
  </div>

    </div>
  
    <div class="display_container d-flex flex-column flex-sm-row product-card-wrapper mb-3 active">
    <div class="image_container mx-auto mb-5 mb-sm-0">
    <a href="/fr/nos-produits/epicerie/panettone/panettone-chocolat-noir-et-poire-valentino-01843" class="product_image_link">
      <img height="115" width="115" class="product_image" src="https://341647818.fs1.hubspotusercontent-na3.net/hubfs/341647818/CatalogProductImages/fr/01843/image-1.jpg" alt="Panettone chocolat noir et poire 1 kg">
    </a>
  </div>
  <div class="info_container d-flex flex-column flex-sm-row align-items-start justify-content-start justify-content-sm-between align-items-sm-center p-0">
      <div class="text_container">
        <h5 class="product_brand">Valentino</h5>
        <h4 class="product_name">
          <a href="/fr/nos-produits/epicerie/panettone/panettone-chocolat-noir-et-poire-valentino-01843" class="product_link">Panettone chocolat noir et poire 1 kg</a>
        </h4>
        <h5 class="product_id">01843</h5>
      </div>
      <div class="price_container col-12 col-sm-3 align-items-sm-end">
          <div class="unit_price text-end"><span class="me-2">17.99 $</span>
            <del class="price-discount">23.99  $</del>
            <p class="card-text m-0 unit_quantity">unitÃ© (1x1kg)</p>
            <p class="card-text m-0 unit_quantity mb-1 unit-price-ref">1,80$/100g</p>
          </div>
          <div class="unit_price text-end"><span class="me-2">35.49 $</span>
            <del class="price-discount">42.99 $</del>
            <p class="card-text m-0 unit_quantity">caisse (2x1kg)</p>
            <p class="card-text m-0 unit_quantity mb-1 unit-price-ref">1,77$/100g</p>
          </div></div>
  </div>

    </div>
  
    <div class="display_container d-flex flex-column flex-sm-row product-card-wrapper mb-3 active">
    <div class="image_container mx-auto mb-5 mb-sm-0">
    <a href="/fr/nos-produits/epicerie/panettone/panettone-chocolat-et-cerise-valentino-01844" class="product_image_link">
      <img height="115" width="115" class="product_image" src="https://341647818.fs1.hubspotusercontent-na3.net/hubfs/341647818/CatalogProductImages/fr/01844/image-1.jpg" alt="Panettone chocolat et cerise 1 kg">
    </a>
  </div>
  <div class="info_container d-flex flex-column flex-sm-row align-items-start justify-content-start justify-content-sm-between align-items-sm-center p-0">
      <div class="text_container">
        <h5 class="product_brand">Valentino</h5>
        <h4 class="product_name">
          <a href="/fr/nos-produits/epicerie/panettone/panettone-chocolat-et-cerise-valentino-01844" class="product_link">Panettone chocolat et cerise 1 kg</a>
        </h4>
        <h5 class="product_id">01844</h5>
      </div>
      <div class="price_container col-12 col-sm-3 align-items-sm-end">
          <div class="unit_price text-end"><span class="me-2">17.99 $</span>
            <del class="price-discount">23.99  $</del>
            <p class="card-text m-0 unit_quantity">unitÃ© (1x1kg)</p>
            <p class="card-text m-0 unit_quantity mb-1 unit-price-ref">1,80$/100g</p>
          </div>
          <div class="unit_price text-end"><span class="me-2">35.49 $</span>
            <del class="price-discount">42.99 $</del>
            <p class="card-text m-0 unit_quantity">caisse (2x1kg)</p>
            <p class="card-text m-0 unit_quantity mb-1 unit-price-ref">1,77$/100g</p>
          </div></div>
  </div>

    </div>
  
    <div class="display_container d-flex flex-column flex-sm-row product-card-wrapper mb-3 active">
    <div class="image_container mx-auto mb-5 mb-sm-0">
    <a href="/fr/nos-produits/epicerie/panettone/panettone-raisin-et-creme-de-merlot-01845" class="product_image_link">
      <img height="115" width="115" class="product_image" src="//341647818.fs1.hubspotusercontent-na3.net/hubfs/341647818/raw_assets/public/MAYRAND-P3-CHILD-THEME/images/icons-modules/placeHolderProduct.png" alt="Panettone raisin et crÃ¨me de merlot">
    </a>
  </div>
  <div class="info_container d-flex flex-column flex-sm-row align-items-start justify-content-start justify-content-sm-between align-items-sm-center p-0">
      <div class="text_container">
        <h5 class="product_brand">Valentino</h5>
        <h4 class="product_name">
          <a href="/fr/nos-produits/epicerie/panettone/panettone-raisin-et-creme-de-merlot-01845" class="product_link">Panettone raisin et crÃ¨me de merlot</a>
        </h4>
        <h5 class="product_id">01845</h5>
      </div>
      <div class="price_container col-12 col-sm-3 align-items-sm-end">
          <div class="unit_price text-end"><span class="me-2">17.99 $</span>
            <del class="price-discount">23.99  $</del>
            <p class="card-text m-0 unit_quantity">unitÃ© (1x1kg)</p>
            <p class="card-text m-0 unit_quantity mb-1 unit-price-ref">1,80$/100g</p>
          </div>
          <div class="unit_price text-end"><span class="me-2">35.49 $</span>
            <del class="price-discount">42.99 $</del>
            <p class="card-text m-0 unit_quantity">caisse (2x1kg)</p>
            <p class="card-text m-0 unit_quantity mb-1 unit-price-ref">1,77$/100g</p>
          </div></div>
  </div>

    </div>
  
    <div class="display_container d-flex flex-column flex-sm-row product-card-wrapper mb-3 active">
    <div class="image_container mx-auto mb-5 mb-sm-0">
    <a href="/fr/nos-produits/article-de-cuisine/serviette-et-nappe/nappe/nappe-lin-julia-52x70-arco-01992" class="product_image_link">
      <img height="115" width="115" class="product_image" src="https://341647818.fs1.hubspotusercontent-na3.net/hubfs/341647818/CatalogProductImages/fr/01992/image-1.jpg" alt="Nappe en lin Julia 52'' x 70''">
    </a>
  </div>
  <div class="info_container d-flex flex-column flex-sm-row align-items-start justify-content-start justify-content-sm-between align-items-sm-center p-0">
      <div class="text_container">
        <h5 class="product_brand">Arco</h5>
        <h4 class="product_name">
          <a href="/fr/nos-produits/article-de-cuisine/serviette-et-nappe/nappe/nappe-lin-julia-52x70-arco-01992" class="product_link">Nappe en lin Julia 52'' x 70''</a>
        </h4>
        <h5 class="product_id">01992</h5>
      </div>
      <div class="price_container col-12 col-sm-3 align-items-sm-end">
          <div class="unit_price text-end"><span class="me-2">10.19 $</span>
            <del class="price-discount">11.99  $</del>
            <p class="card-text m-0 unit_quantity">unitÃ© (1x1un)</p>
            <p class="card-text m-0 unit_quantity mb-1 unit-price-ref">10,19$/unitÃ©</p>
          </div></div>
  </div>

    </div>
  
    <div class="display_container d-flex flex-column flex-sm-row product-card-wrapper mb-3 active">
    <div class="image_container mx-auto mb-5 mb-sm-0">
    <a href="/fr/nos-produits/article-de-cuisine/serviette-et-nappe/nappe/nappe-lin-julia-60x84-arco-01993" class="product_image_link">
      <img height="115" width="115" class="product_image" src="https://341647818.fs1.hubspotusercontent-na3.net/hubfs/341647818/CatalogProductImages/fr/01993/image-1.jpg" alt="Nappe en lin Julia 60'' x 84''">
    </a>
  </div>
  <div class="info_container d-flex flex-column flex-sm-row align-items-start justify-content-start justify-content-sm-between align-items-sm-center p-0">
      <div class="text_container">
        <h5 class="product_brand">Arco</h5>
        <h4 class="product_name">
          <a href="/fr/nos-produits/article-de-cuisine/serviette-et-nappe/nappe/nappe-lin-julia-60x84-arco-01993" class="product_link">Nappe en lin Julia 60'' x 84''</a>
        </h4>
        <h5 class="product_id">01993</h5>
      </div>
      <div class="price_container col-12 col-sm-3 align-items-sm-end">
          <div class="unit_price text-end"><span class="me-2">11.89 $</span>
            <del class="price-discount">13.99  $</del>
            <p class="card-text m-0 unit_quantity">unitÃ© (1x1un)</p>
            <p class="card-text m-0 unit_quantity mb-1 unit-price-ref">11,89$/unitÃ©</p>
          </div></div>
  </div>

    </div>
  
    <div class="display_container d-flex flex-column flex-sm-row product-card-wrapper mb-3 active">
    <div class="image_container mx-auto mb-5 mb-sm-0">
    <a href="/fr/nos-produits/article-de-cuisine/serviette-et-nappe/nappe/nappe-lin-julia-60x104-arco-01997" class="product_image_link">
      <img height="115" width="115" class="product_image" src="https://341647818.fs1.hubspotusercontent-na3.net/hubfs/341647818/CatalogProductImages/fr/01997/image-1.jpg" alt="Nappe en lin Julia 60'' x 104''">
    </a>
  </div>
  <div class="info_container d-flex flex-column flex-sm-row align-items-start justify-content-start justify-content-sm-between align-items-sm-center p-0">
      <div class="text_container">
        <h5 class="product_brand">Arco</h5>
        <h4 class="product_name">
          <a href="/fr/nos-produits/article-de-cuisine/serviette-et-nappe/nappe/nappe-lin-julia-60x104-arco-01997" class="product_link">Nappe en lin Julia 60'' x 104''</a>
        </h4>
        <h5 class="product_id">01997</h5>
      </div>
      <div class="price_container col-12 col-sm-3 align-items-sm-end">
          <div class="unit_price text-end"><span class="me-2">14.44 $</span>
            <del class="price-discount">16.99  $</del>
            <p class="card-text m-0 unit_quantity">unitÃ© (1un)</p>
            <p class="card-text m-0 unit_quantity mb-1 unit-price-ref">14,44$/unitÃ©</p>
          </div></div>
  </div>

    </div>
  
    <div class="display_container d-flex flex-column flex-sm-row product-card-wrapper mb-3 active">
    <div class="image_container mx-auto mb-5 mb-sm-0">
    <a href="/fr/nos-produits/article-de-cuisine/serviette-et-nappe/nappe/nappe-lin-julia-60x120-arco-01999" class="product_image_link">
      <img height="115" width="115" class="product_image" src="https://341647818.fs1.hubspotusercontent-na3.net/hubfs/341647818/CatalogProductImages/fr/01999/image-1.jpg" alt="Nappe en lin Julia 60'' x 120''">
    </a>
  </div>
  <div class="info_container d-flex flex-column flex-sm-row align-items-start justify-content-start justify-content-sm-between align-items-sm-center p-0">
      <div class="text_container">
        <h5 class="product_brand">Arco</h5>
        <h4 class="product_name">
          <a href="/fr/nos-produits/article-de-cuisine/serviette-et-nappe/nappe/nappe-lin-julia-60x120-arco-01999" class="product_link">Nappe en lin Julia 60'' x 120''</a>
        </h4>
        <h5 class="product_id">01999</h5>
      </div>
      <div class="price_container col-12 col-sm-3 align-items-sm-end">
          <div class="unit_price text-end"><span class="me-2">16.99 $</span>
            <del class="price-discount">19.99  $</del>
            <p class="card-text m-0 unit_quantity">unitÃ© (1un)</p>
            <p class="card-text m-0 unit_quantity mb-1 unit-price-ref">16,99$/unitÃ©</p>
          </div></div>
  </div>

    </div>
  
    <div class="display_container d-flex flex-column flex-sm-row product-card-wrapper mb-3 active">
    <div class="image_container mx-auto mb-5 mb-sm-0">
    <a href="/fr/nos-produits/article-de-cuisine/serviette-et-nappe/nappe/nappe-lin-ronde-julia-70-arco-02001" class="product_image_link">
      <img height="115" width="115" class="product_image" src="https://341647818.fs1.hubspotusercontent-na3.net/hubfs/341647818/CatalogProductImages/fr/02001/image-1.jpg" alt="Nappe en lin ronde Julia 70&quot;">
    </a>
  </div>
  <div class="info_container d-flex flex-column flex-sm-row align-items-start justify-content-start justify-content-sm-between align-items-sm-center p-0">
      <div class="text_container">
        <h5 class="product_brand">Arco</h5>
        <h4 class="product_name">
          <a href="/fr/nos-produits/article-de-cuisine/serviette-et-nappe/nappe/nappe-lin-ronde-julia-70-arco-02001" class="product_link">Nappe en lin ronde Julia 70"</a>
        </h4>
        <h5 class="product_id">02001</h5>
      </div>
      <div class="price_container col-12 col-sm-3 align-items-sm-end">
          <div class="unit_price text-end"><span class="me-2">11.89 $</span>
            <del class="price-discount">13.99  $</del>
            <p class="card-text m-0 unit_quantity">unitÃ© (1un)</p>
            <p class="card-text m-0 unit_quantity mb-1 unit-price-ref">11,89$/unitÃ©</p>
          </div></div>
  </div>

    </div>
  
    <div class="display_container d-flex flex-column flex-sm-row product-card-wrapper mb-3 active">
    <div class="image_container mx-auto mb-5 mb-sm-0">
    <a href="/fr/nos-produits/boulangerie/gateau/gateau-aux-fruits-pate-foncee-avec-pacanes-02111" class="product_image_link">
      <img height="115" width="115" class="product_image" src="//341647818.fs1.hubspotusercontent-na3.net/hubfs/341647818/raw_assets/public/MAYRAND-P3-CHILD-THEME/images/icons-modules/placeHolderProduct.png" alt="GÃ¢teau aux fruits pÃ¢te foncÃ©e avec pacanes">
    </a>
  </div>
  <div class="info_container d-flex flex-column flex-sm-row align-items-start justify-content-start justify-content-sm-between align-items-sm-center p-0">
      <div class="text_container">
        <h5 class="product_brand">Grant's</h5>
        <h4 class="product_name">
          <a href="/fr/nos-produits/boulangerie/gateau/gateau-aux-fruits-pate-foncee-avec-pacanes-02111" class="product_link">GÃ¢teau aux fruits pÃ¢te foncÃ©e avec pacanes</a>
        </h4>
        <h5 class="product_id">02111</h5>
      </div>
      <div class="price_container col-12 col-sm-3 align-items-sm-end">
          <div class="unit_price text-end"><span class="me-2">12.99 $</span>
            <del class="price-discount">16.59  $</del>
            <p class="card-text m-0 unit_quantity">unitÃ© (1x500g)</p>
            <p class="card-text m-0 unit_quantity mb-1 unit-price-ref">2,60$/100g</p>
          </div>
          <div class="unit_price text-end"><span class="me-2">232.99 $</span>
            <del class="price-discount">265.99 $</del>
            <p class="card-text m-0 unit_quantity">caisse (18x500g)</p>
            <p class="card-text m-0 unit_quantity mb-1 unit-price-ref">2,59$/100g</p>
          </div></div>
  </div>

    </div>
  
    <div class="display_container d-flex flex-column flex-sm-row product-card-wrapper mb-3 active">
    <div class="image_container mx-auto mb-5 mb-sm-0">
    <a href="/fr/nos-produits/epicerie/biscuit-et-craquelin/biscuit-et-gateau/biscuits-gaterie-des-fetes-voortman-02117" class="product_image_link">
      <img height="115" width="115" class="product_image" src="https://341647818.fs1.hubspotusercontent-na3.net/hubfs/341647818/CatalogProductImages/fr/02117/image-1.jpg" alt="Biscuits gÃ¢terie des fÃªtes 350 g">
    </a>
  </div>
  <div class="info_container d-flex flex-column flex-sm-row align-items-start justify-content-start justify-content-sm-between align-items-sm-center p-0">
      <div class="text_container">
        <h5 class="product_brand">Voortman</h5>
        <h4 class="product_name">
          <a href="/fr/nos-produits/epicerie/biscuit-et-craquelin/biscuit-et-gateau/biscuits-gaterie-des-fetes-voortman-02117" class="product_link">Biscuits gÃ¢terie des fÃªtes 350 g</a>
        </h4>
        <h5 class="product_id">02117</h5>
      </div>
      <div class="price_container col-12 col-sm-3 align-items-sm-end">
          <div class="unit_price text-end"><span class="me-2">3.99 $</span>
            <del class="price-discount">5.49  $</del>
            <p class="card-text m-0 unit_quantity">unitÃ© (350g)</p>
            <p class="card-text m-0 unit_quantity mb-1 unit-price-ref">1,14$/100g</p>
          </div>
          <div class="unit_price text-end"><span class="me-2">46.99 $</span>
            <del class="price-discount">59.99 $</del>
            <p class="card-text m-0 unit_quantity">caisse (12X350G)</p>
            <p class="card-text m-0 unit_quantity mb-1 unit-price-ref">1,12$/100g</p>
          </div></div>
  </div>

    </div>
  
    <div class="display_container d-flex flex-column flex-sm-row product-card-wrapper mb-3 active">
    <div class="image_container mx-auto mb-5 mb-sm-0">
    <a href="/fr/nos-produits/epicerie/biscuit-et-craquelin/biscuit-et-gateau/biscuits-des-fetes-pain-depices-voortman-02119" class="product_image_link">
      <img height="115" width="115" class="product_image" src="https://341647818.fs1.hubspotusercontent-na3.net/hubfs/341647818/CatalogProductImages/fr/02119/image-1.jpg" alt="Biscuits des fÃªtes pain d'Ã©pices 350 g">
    </a>
  </div>
  <div class="info_container d-flex flex-column flex-sm-row align-items-start justify-content-start justify-content-sm-between align-items-sm-center p-0">
      <div class="text_container">
        <h5 class="product_brand">Voortman</h5>
        <h4 class="product_name">
          <a href="/fr/nos-produits/epicerie/biscuit-et-craquelin/biscuit-et-gateau/biscuits-des-fetes-pain-depices-voortman-02119" class="product_link">Biscuits des fÃªtes pain d'Ã©pices 350 g</a>
        </h4>
        <h5 class="product_id">02119</h5>
      </div>
      <div class="price_container col-12 col-sm-3 align-items-sm-end">
          <div class="unit_price text-end"><span class="me-2">3.99 $</span>
            <del class="price-discount">5.49  $</del>
            <p class="card-text m-0 unit_quantity">unitÃ© (350g)</p>
            <p class="card-text m-0 unit_quantity mb-1 unit-price-ref">1,14$/100g</p>
          </div>
          <div class="unit_price text-end"><span class="me-2">46.99 $</span>
            <del class="price-discount">59.99 $</del>
            <p class="card-text m-0 unit_quantity">caisse (12X350G)</p>
            <p class="card-text m-0 unit_quantity mb-1 unit-price-ref">1,12$/100g</p>
          </div></div>
  </div>

    </div>
  
    <div class="display_container d-flex flex-column flex-sm-row product-card-wrapper mb-3 active">
    <div class="image_container mx-auto mb-5 mb-sm-0">
    <a href="/fr/nos-produits/epicerie/biscuit-et-craquelin/craquelin-et-biscotte/craquelins-grissol-toast-melba-original-dare-02199" class="product_image_link">
      <img height="115" width="115" class="product_image" src="https://341647818.fs1.hubspotusercontent-na3.net/hubfs/341647818/CatalogProductImages/fr/02199/image-1.jpg" alt="Toast melba 200 g">
    </a>
  </div>
  <div class="info_container d-flex flex-column flex-sm-row align-items-start justify-content-start justify-content-sm-between align-items-sm-center p-0">
      <div class="text_container">
        <h5 class="product_brand">Dare</h5>
        <h4 class="product_name">
          <a href="/fr/nos-produits/epicerie/biscuit-et-craquelin/craquelin-et-biscotte/craquelins-grissol-toast-melba-original-dare-02199" class="product_link">Toast melba 200 g</a>
        </h4>
        <h5 class="product_id">02199</h5>
      </div>
      <div class="price_container col-12 col-sm-3 align-items-sm-end">
          <div class="unit_price text-end"><span class="me-2">1.99 $</span>
            <del class="price-discount">3.79  $</del>
            <p class="card-text m-0 unit_quantity">unitÃ© (200g)</p>
            <p class="card-text m-0 unit_quantity mb-1 unit-price-ref">1,00$/100g</p>
          </div>
          <div class="unit_price text-end"><span class="me-2">23.49 $</span>
            <del class="price-discount">41.99 $</del>
            <p class="card-text m-0 unit_quantity">caisse (12x200g)</p>
            <p class="card-text m-0 unit_quantity mb-1 unit-price-ref">0,98$/100g</p>
          </div></div>
  </div>

    </div>
  
    <div class="display_container d-flex flex-column flex-sm-row product-card-wrapper mb-3 active">
    <div class="image_container mx-auto mb-5 mb-sm-0">
    <a href="/fr/nos-produits/surgele/patisserie-surgelee/gateau-et-tarte-surgeles/buche-au-sucre-a-la-creme-et-erable-martin-dessert-02211" class="product_image_link">
      <img height="115" width="115" class="product_image" src="https://341647818.fs1.hubspotusercontent-na3.net/hubfs/341647818/CatalogProductImages/fr/02211/image-1.jpg" alt="BÃ»che au sucre Ã  la crÃ¨me et Ã©rable 615 g">
    </a>
  </div>
  <div class="info_container d-flex flex-column flex-sm-row align-items-start justify-content-start justify-content-sm-between align-items-sm-center p-0">
      <div class="text_container">
        <h5 class="product_brand">Martin Dessert</h5>
        <h4 class="product_name">
          <a href="/fr/nos-produits/surgele/patisserie-surgelee/gateau-et-tarte-surgeles/buche-au-sucre-a-la-creme-et-erable-martin-dessert-02211" class="product_link">BÃ»che au sucre Ã  la crÃ¨me et Ã©rable 615 g</a>
        </h4>
        <h5 class="product_id">02211</h5>
      </div>
      <div class="price_container col-12 col-sm-3 align-items-sm-end">
          <div class="unit_price text-end"><span class="me-2">16.99 $</span>
            <del class="price-discount">21.99  $</del>
            <p class="card-text m-0 unit_quantity">unitÃ© (615g)</p>
            <p class="card-text m-0 unit_quantity mb-1 unit-price-ref">2,76$/100g</p>
          </div>
          <div class="unit_price text-end"><span class="me-2">99.99 $</span>
            <del class="price-discount">119.99 $</del>
            <p class="card-text m-0 unit_quantity">caisse (6X615g)</p>
            <p class="card-text m-0 unit_quantity mb-1 unit-price-ref">2,71$/100g</p>
          </div></div>
  </div>

    </div>
  
    <div class="display_container d-flex flex-column flex-sm-row product-card-wrapper mb-3 active">
    <div class="image_container mx-auto mb-5 mb-sm-0">
    <a href="/fr/nos-produits/surgele/patisserie-surgelee/gateau-et-tarte-surgeles/buche-roulee-aux-trois-chocolats-martin-dessert-02213" class="product_image_link">
      <img height="115" width="115" class="product_image" src="https://341647818.fs1.hubspotusercontent-na3.net/hubfs/341647818/CatalogProductImages/fr/02213/image-1.jpg" alt="BÃ»che roulÃ©e aux trois chocolats 720 g">
    </a>
  </div>
  <div class="info_container d-flex flex-column flex-sm-row align-items-start justify-content-start justify-content-sm-between align-items-sm-center p-0">
      <div class="text_container">
        <h5 class="product_brand">Martin Dessert</h5>
        <h4 class="product_name">
          <a href="/fr/nos-produits/surgele/patisserie-surgelee/gateau-et-tarte-surgeles/buche-roulee-aux-trois-chocolats-martin-dessert-02213" class="product_link">BÃ»che roulÃ©e aux trois chocolats 720 g</a>
        </h4>
        <h5 class="product_id">02213</h5>
      </div>
      <div class="price_container col-12 col-sm-3 align-items-sm-end">
          <div class="unit_price text-end"><span class="me-2">16.99 $</span>
            <del class="price-discount">21.99  $</del>
            <p class="card-text m-0 unit_quantity">unitÃ© (720g)</p>
            <p class="card-text m-0 unit_quantity mb-1 unit-price-ref">2,36$/100g</p>
          </div>
          <div class="unit_price text-end"><span class="me-2">99.99 $</span>
            <del class="price-discount">119.99 $</del>
            <p class="card-text m-0 unit_quantity">caisse (6X720g)</p>
            <p class="card-text m-0 unit_quantity mb-1 unit-price-ref">2,31$/100g</p>
          </div></div>
  </div>

    </div>
  
    <div class="display_container d-flex flex-column flex-sm-row product-card-wrapper mb-3 active">
    <div class="image_container mx-auto mb-5 mb-sm-0">
    <a href="/fr/nos-produits/emballage/vaisselle-jetable/assiette-jetable/assiette-ronde-7.5-blanc-avec-bande-argent-party-couture-02334" class="product_image_link">
      <img height="115" width="115" class="product_image" src="https://341647818.fs1.hubspotusercontent-na3.net/hubfs/341647818/CatalogProductImages/fr/02334/image-1.jpg" alt="Assiette plastique blanc bande argent 7,5'' x10">
    </a>
  </div>
  <div class="info_container d-flex flex-column flex-sm-row align-items-start justify-content-start justify-content-sm-between align-items-sm-center p-0">
      <div class="text_container">
        <h5 class="product_brand">Party Couture</h5>
        <h4 class="product_name">
          <a href="/fr/nos-produits/emballage/vaisselle-jetable/assiette-jetable/assiette-ronde-7.5-blanc-avec-bande-argent-party-couture-02334" class="product_link">Assiette plastique blanc bande argent 7,5'' x10</a>
        </h4>
        <h5 class="product_id">02334</h5>
      </div>
      <div class="price_container col-12 col-sm-3 align-items-sm-end">
          <div class="unit_price text-end"><span class="me-2">3.19 $</span>
            <del class="price-discount">3.99  $</del>
            <p class="card-text m-0 unit_quantity">unitÃ© (10un)</p>
            <p class="card-text m-0 unit_quantity mb-1 unit-price-ref">0,32$/unitÃ©</p>
          </div>
          <div class="unit_price text-end"><span class="me-2">34.39 $</span>
            <del class="price-discount">42.99 $</del>
            <p class="card-text m-0 unit_quantity">caisse (12X10un)</p>
            <p class="card-text m-0 unit_quantity mb-1 unit-price-ref">0,29$/unitÃ©</p>
          </div></div>
  </div>

    </div>
  
    <div class="display_container d-flex flex-column flex-sm-row product-card-wrapper mb-3 active">
    <div class="image_container mx-auto mb-5 mb-sm-0">
    <a href="/fr/nos-produits/emballage/vaisselle-jetable/assiette-jetable/assiette-ronde-7.5-blanc-avec-bande-or-party-couture-02335" class="product_image_link">
      <img height="115" width="115" class="product_image" src="https://341647818.fs1.hubspotusercontent-na3.net/hubfs/341647818/CatalogProductImages/fr/02335/image-1.jpg" alt="Assiette plastique blanc bande or 7,5&quot; x10">
    </a>
  </div>
  <div class="info_container d-flex flex-column flex-sm-row align-items-start justify-content-start justify-content-sm-between align-items-sm-center p-0">
      <div class="text_container">
        <h5 class="product_brand">Party Couture</h5>
        <h4 class="product_name">
          <a href="/fr/nos-produits/emballage/vaisselle-jetable/assiette-jetable/assiette-ronde-7.5-blanc-avec-bande-or-party-couture-02335" class="product_link">Assiette plastique blanc bande or 7,5" x10</a>
        </h4>
        <h5 class="product_id">02335</h5>
      </div>
      <div class="price_container col-12 col-sm-3 align-items-sm-end">
          <div class="unit_price text-end"><span class="me-2">3.19 $</span>
            <del class="price-discount">3.99  $</del>
            <p class="card-text m-0 unit_quantity">unitÃ© (10un)</p>
            <p class="card-text m-0 unit_quantity mb-1 unit-price-ref">0,32$/unitÃ©</p>
          </div>
          <div class="unit_price text-end"><span class="me-2">35.99 $</span>
            <del class="price-discount">44.99 $</del>
            <p class="card-text m-0 unit_quantity">caisse (12X10un)</p>
            <p class="card-text m-0 unit_quantity mb-1 unit-price-ref">0,30$/unitÃ©</p>
          </div></div>
  </div>

    </div>
  
    <div class="display_container d-flex flex-column flex-sm-row product-card-wrapper mb-3 active">
    <div class="image_container mx-auto mb-5 mb-sm-0">
    <a href="/fr/nos-produits/emballage/vaisselle-jetable/assiette-jetable/assiette-ronde-7.5-clair-bande-or-party-couture-02340" class="product_image_link">
      <img height="115" width="115" class="product_image" src="https://341647818.fs1.hubspotusercontent-na3.net/hubfs/341647818/CatalogProductImages/fr/02340/image-1.jpg" alt="Assiette plastique translucide bande or 7,5&quot; x10">
    </a>
  </div>
  <div class="info_container d-flex flex-column flex-sm-row align-items-start justify-content-start justify-content-sm-between align-items-sm-center p-0">
      <div class="text_container">
        <h5 class="product_brand">Party Couture</h5>
        <h4 class="product_name">
          <a href="/fr/nos-produits/emballage/vaisselle-jetable/assiette-jetable/assiette-ronde-7.5-clair-bande-or-party-couture-02340" class="product_link">Assiette plastique translucide bande or 7,5" x10</a>
        </h4>
        <h5 class="product_id">02340</h5>
      </div>
      <div class="price_container col-12 col-sm-3 align-items-sm-end">
          <div class="unit_price text-end"><span class="me-2">3.19 $</span>
            <del class="price-discount">3.99  $</del>
            <p class="card-text m-0 unit_quantity">unitÃ© (10un)</p>
            <p class="card-text m-0 unit_quantity mb-1 unit-price-ref">0,32$/unitÃ©</p>
          </div>
          <div class="unit_price text-end"><span class="me-2">35.99 $</span>
            <del class="price-discount">44.99 $</del>
            <p class="card-text m-0 unit_quantity">caisse (12X10un)</p>
            <p class="card-text m-0 unit_quantity mb-1 unit-price-ref">0,30$/unitÃ©</p>
          </div></div>
  </div>

    </div>
  
    <div class="display_container d-flex flex-column flex-sm-row product-card-wrapper mb-3 active">
    <div class="image_container mx-auto mb-5 mb-sm-0">
    <a href="/fr/nos-produits/emballage/vaisselle-jetable/assiette-jetable/assiette-carree-7.5-blanc-avec-bande-or-party-couture-02346" class="product_image_link">
      <img height="115" width="115" class="product_image" src="https://341647818.fs1.hubspotusercontent-na3.net/hubfs/341647818/CatalogProductImages/fr/02346/image-1.jpg" alt="Assiette plastique blanc bande or carrÃ©e 7,5 x10">
    </a>
  </div>
  <div class="info_container d-flex flex-column flex-sm-row align-items-start justify-content-start justify-content-sm-between align-items-sm-center p-0">
      <div class="text_container">
        <h5 class="product_brand">Party Couture</h5>
        <h4 class="product_name">
          <a href="/fr/nos-produits/emballage/vaisselle-jetable/assiette-jetable/assiette-carree-7.5-blanc-avec-bande-or-party-couture-02346" class="product_link">Assiette plastique blanc bande or carrÃ©e 7,5 x10</a>
        </h4>
        <h5 class="product_id">02346</h5>
      </div>
      <div class="price_container col-12 col-sm-3 align-items-sm-end">
          <div class="unit_price text-end"><span class="me-2">3.19 $</span>
            <del class="price-discount">3.99  $</del>
            <p class="card-text m-0 unit_quantity">unitÃ© (10un)</p>
            <p class="card-text m-0 unit_quantity mb-1 unit-price-ref">0,32$/unitÃ©</p>
          </div>
          <div class="unit_price text-end"><span class="me-2">35.99 $</span>
            <del class="price-discount">44.99 $</del>
            <p class="card-text m-0 unit_quantity">caisse (12X10un)</p>
            <p class="card-text m-0 unit_quantity mb-1 unit-price-ref">0,30$/unitÃ©</p>
          </div></div>
  </div>

    </div>
  
    <div class="display_container d-flex flex-column flex-sm-row product-card-wrapper mb-3 active">
    <div class="image_container mx-auto mb-5 mb-sm-0">
    <a href="/fr/nos-produits/emballage/contenant-jetable/contenant-plastique/bol-carre-12oz-blanc-avec-bande-or-party-couture-02352" class="product_image_link">
      <img height="115" width="115" class="product_image" src="https://341647818.fs1.hubspotusercontent-na3.net/hubfs/341647818/CatalogProductImages/fr/02352/image-1.jpg" alt="Bol translucide bande dorÃ©e 12 on 10 un">
    </a>
  </div>
  <div class="info_container d-flex flex-column flex-sm-row align-items-start justify-content-start justify-content-sm-between align-items-sm-center p-0">
      <div class="text_container">
        <h5 class="product_brand">Party Couture</h5>
        <h4 class="product_name">
          <a href="/fr/nos-produits/emballage/contenant-jetable/contenant-plastique/bol-carre-12oz-blanc-avec-bande-or-party-couture-02352" class="product_link">Bol translucide bande dorÃ©e 12 on 10 un</a>
        </h4>
        <h5 class="product_id">02352</h5>
      </div>
      <div class="price_container col-12 col-sm-3 align-items-sm-end">
          <div class="unit_price text-end"><span class="me-2">4.79 $</span>
            <del class="price-discount">5.99  $</del>
            <p class="card-text m-0 unit_quantity">unitÃ© (10un)</p>
            <p class="card-text m-0 unit_quantity mb-1 unit-price-ref">0,48$/unitÃ©</p>
          </div>
          <div class="unit_price text-end"><span class="me-2">50.39 $</span>
            <del class="price-discount">62.99 $</del>
            <p class="card-text m-0 unit_quantity">caisse (12x10un)</p>
            <p class="card-text m-0 unit_quantity mb-1 unit-price-ref">0,42$/unitÃ©</p>
          </div></div>
  </div>

    </div>
  
    <div class="display_container d-flex flex-column flex-sm-row product-card-wrapper mb-3 active">
    <div class="image_container mx-auto mb-5 mb-sm-0">
    <a href="/fr/nos-produits/emballage/vaisselle-jetable/assiette-jetable/assiette-ronde-10.25-blanc-avec-bande-or-party-couture-02358" class="product_image_link">
      <img height="115" width="115" class="product_image" src="https://341647818.fs1.hubspotusercontent-na3.net/hubfs/341647818/CatalogProductImages/fr/02358/image-1.jpg" alt="Assiette plastique blanc bande or 10,25'' x10">
    </a>
  </div>
  <div class="info_container d-flex flex-column flex-sm-row align-items-start justify-content-start justify-content-sm-between align-items-sm-center p-0">
      <div class="text_container">
        <h5 class="product_brand">Party Couture</h5>
        <h4 class="product_name">
          <a href="/fr/nos-produits/emballage/vaisselle-jetable/assiette-jetable/assiette-ronde-10.25-blanc-avec-bande-or-party-couture-02358" class="product_link">Assiette plastique blanc bande or 10,25'' x10</a>
        </h4>
        <h5 class="product_id">02358</h5>
      </div>
      <div class="price_container col-12 col-sm-3 align-items-sm-end">
          <div class="unit_price text-end"><span class="me-2">6.38 $</span>
            <del class="price-discount">7.98  $</del>
            <p class="card-text m-0 unit_quantity">unitÃ© (10un)</p>
            <p class="card-text m-0 unit_quantity mb-1 unit-price-ref">0,64$/unitÃ©</p>
          </div>
          <div class="unit_price text-end"><span class="me-2">67.99 $</span>
            <del class="price-discount">84.99 $</del>
            <p class="card-text m-0 unit_quantity">caisse (12X10un)</p>
            <p class="card-text m-0 unit_quantity mb-1 unit-price-ref">0,57$/unitÃ©</p>
          </div></div>
  </div>

    </div>
  
    <div class="display_container d-flex flex-column flex-sm-row product-card-wrapper mb-3 active">
    <div class="image_container mx-auto mb-5 mb-sm-0">
    <a href="/fr/nos-produits/emballage/vaisselle-jetable/assiette-jetable/assiette-ronde-10.25-blanc-avec-fleur-or-party-couture-02362" class="product_image_link">
      <img height="115" width="115" class="product_image" src="https://341647818.fs1.hubspotusercontent-na3.net/hubfs/341647818/CatalogProductImages/fr/02362/image-1.jpg" alt="Assiette plastique blanc bande fleur or 10,25&quot; x10">
    </a>
  </div>
  <div class="info_container d-flex flex-column flex-sm-row align-items-start justify-content-start justify-content-sm-between align-items-sm-center p-0">
      <div class="text_container">
        <h5 class="product_brand">Party Couture</h5>
        <h4 class="product_name">
          <a href="/fr/nos-produits/emballage/vaisselle-jetable/assiette-jetable/assiette-ronde-10.25-blanc-avec-fleur-or-party-couture-02362" class="product_link">Assiette plastique blanc bande fleur or 10,25" x10</a>
        </h4>
        <h5 class="product_id">02362</h5>
      </div>
      <div class="price_container col-12 col-sm-3 align-items-sm-end">
          <div class="unit_price text-end"><span class="me-2">6.38 $</span>
            <del class="price-discount">7.98  $</del>
            <p class="card-text m-0 unit_quantity">unitÃ© (10un)</p>
            <p class="card-text m-0 unit_quantity mb-1 unit-price-ref">0,64$/unitÃ©</p>
          </div>
          <div class="unit_price text-end"><span class="me-2">67.99 $</span>
            <del class="price-discount">84.99 $</del>
            <p class="card-text m-0 unit_quantity">caisse (12X10un)</p>
            <p class="card-text m-0 unit_quantity mb-1 unit-price-ref">0,57$/unitÃ©</p>
          </div></div>
  </div>

    </div>
  
    <div class="display_container d-flex flex-column flex-sm-row product-card-wrapper mb-3 active">
    <div class="image_container mx-auto mb-5 mb-sm-0">
    <a href="/fr/nos-produits/emballage/vaisselle-jetable/assiette-jetable/assiette-ronde-10.25-clair-avec-bande-or-party-couture-02366" class="product_image_link">
      <img height="115" width="115" class="product_image" src="https://341647818.fs1.hubspotusercontent-na3.net/hubfs/341647818/CatalogProductImages/fr/02366/image-1.jpg" alt="Assiette plastique translucide bande or 10,25&quot; x10">
    </a>
  </div>
  <div class="info_container d-flex flex-column flex-sm-row align-items-start justify-content-start justify-content-sm-between align-items-sm-center p-0">
      <div class="text_container">
        <h5 class="product_brand">Party Couture</h5>
        <h4 class="product_name">
          <a href="/fr/nos-produits/emballage/vaisselle-jetable/assiette-jetable/assiette-ronde-10.25-clair-avec-bande-or-party-couture-02366" class="product_link">Assiette plastique translucide bande or 10,25" x10</a>
        </h4>
        <h5 class="product_id">02366</h5>
      </div>
      <div class="price_container col-12 col-sm-3 align-items-sm-end">
          <div class="unit_price text-end"><span class="me-2">6.38 $</span>
            <del class="price-discount">7.98  $</del>
            <p class="card-text m-0 unit_quantity">unitÃ© (10un)</p>
            <p class="card-text m-0 unit_quantity mb-1 unit-price-ref">0,64$/unitÃ©</p>
          </div>
          <div class="unit_price text-end"><span class="me-2">67.99 $</span>
            <del class="price-discount">84.99 $</del>
            <p class="card-text m-0 unit_quantity">caisse (12X10un)</p>
            <p class="card-text m-0 unit_quantity mb-1 unit-price-ref">0,57$/unitÃ©</p>
          </div></div>
  </div>

    </div>
  
    <div class="display_container d-flex flex-column flex-sm-row product-card-wrapper mb-3 active">
    <div class="image_container mx-auto mb-5 mb-sm-0">
    <a href="/fr/nos-produits/boisson/cafe-the-et-chocolat/cafe-en-grain/cafe-grain-espresso-bar-hortus-02442" class="product_image_link">
      <img height="115" width="115" class="product_image" src="https://341647818.fs1.hubspotusercontent-na3.net/hubfs/341647818/CatalogProductImages/fr/02442/image-1.jpg" alt="CafÃ© grain espresso bar 908 g">
    </a>
  </div>
  <div class="info_container d-flex flex-column flex-sm-row align-items-start justify-content-start justify-content-sm-between align-items-sm-center p-0">
      <div class="text_container">
        <h5 class="product_brand">Hortus</h5>
        <h4 class="product_name">
          <a href="/fr/nos-produits/boisson/cafe-the-et-chocolat/cafe-en-grain/cafe-grain-espresso-bar-hortus-02442" class="product_link">CafÃ© grain espresso bar 908 g</a>
        </h4>
        <h5 class="product_id">02442</h5>
      </div>
      <div class="price_container col-12 col-sm-3 align-items-sm-end">
          <div class="unit_price text-end"><span class="me-2">23.99 $</span>
            <del class="price-discount">28.49  $</del>
            <p class="card-text m-0 unit_quantity">unitÃ© (1x908g)</p>
            <p class="card-text m-0 unit_quantity mb-1 unit-price-ref">2,64$/100g</p>
          </div>
          <div class="unit_price text-end"><span class="me-2">114.99 $</span>
            <del class="price-discount">135.99 $</del>
            <p class="card-text m-0 unit_quantity">caisse (5x908g)</p>
            <p class="card-text m-0 unit_quantity mb-1 unit-price-ref">2,53$/100g</p>
          </div></div>
  </div>

    </div>
  
    <div class="display_container d-flex flex-column flex-sm-row product-card-wrapper mb-3 active">
    <div class="image_container mx-auto mb-5 mb-sm-0">
    <a href="/fr/nos-produits/boisson/cafe-the-et-chocolat/cafe-moulu/cafe-moulu-colombien-excelso-noir-hortus-02445" class="product_image_link">
      <img height="115" width="115" class="product_image" src="https://341647818.fs1.hubspotusercontent-na3.net/hubfs/341647818/CatalogProductImages/fr/02445/image-1.jpg" alt=" CafÃ© moulu colombien excelso noir 908 g">
    </a>
  </div>
  <div class="info_container d-flex flex-column flex-sm-row align-items-start justify-content-start justify-content-sm-between align-items-sm-center p-0">
      <div class="text_container">
        <h5 class="product_brand">Hortus</h5>
        <h4 class="product_name">
          <a href="/fr/nos-produits/boisson/cafe-the-et-chocolat/cafe-moulu/cafe-moulu-colombien-excelso-noir-hortus-02445" class="product_link"> CafÃ© moulu colombien excelso noir 908 g</a>
        </h4>
        <h5 class="product_id">02445</h5>
      </div>
      <div class="price_container col-12 col-sm-3 align-items-sm-end">
          <div class="unit_price text-end"><span class="me-2">20.99 $</span>
            <del class="price-discount">25.49  $</del>
            <p class="card-text m-0 unit_quantity">unitÃ© (908g)</p>
            <p class="card-text m-0 unit_quantity mb-1 unit-price-ref">2,31$/100g</p>
          </div>
          <div class="unit_price text-end"><span class="me-2">99.99 $</span>
            <del class="price-discount">119.99 $</del>
            <p class="card-text m-0 unit_quantity">caisse (5x908g)</p>
            <p class="card-text m-0 unit_quantity mb-1 unit-price-ref">2,20$/100g</p>
          </div></div>
  </div>

    </div>
  
    <div class="display_container d-flex flex-column flex-sm-row product-card-wrapper mb-3 active">
    <div class="image_container mx-auto mb-5 mb-sm-0">
    <a href="/fr/nos-produits/boisson/cafe-the-et-chocolat/cafe-en-grain/cafe-grain-colombien-excelso-noir-hortus-02446" class="product_image_link">
      <img height="115" width="115" class="product_image" src="https://341647818.fs1.hubspotusercontent-na3.net/hubfs/341647818/CatalogProductImages/fr/02446/image-1.jpg" alt="CafÃ© grain colombien excelso noir 908 g">
    </a>
  </div>
  <div class="info_container d-flex flex-column flex-sm-row align-items-start justify-content-start justify-content-sm-between align-items-sm-center p-0">
      <div class="text_container">
        <h5 class="product_brand">Hortus</h5>
        <h4 class="product_name">
          <a href="/fr/nos-produits/boisson/cafe-the-et-chocolat/cafe-en-grain/cafe-grain-colombien-excelso-noir-hortus-02446" class="product_link">CafÃ© grain colombien excelso noir 908 g</a>
        </h4>
        <h5 class="product_id">02446</h5>
      </div>
      <div class="price_container col-12 col-sm-3 align-items-sm-end">
          <div class="unit_price text-end"><span class="me-2">20.99 $</span>
            <del class="price-discount">25.49  $</del>
            <p class="card-text m-0 unit_quantity">unitÃ© (1x908g)</p>
            <p class="card-text m-0 unit_quantity mb-1 unit-price-ref">2,31$/100g</p>
          </div>
          <div class="unit_price text-end"><span class="me-2">99.99 $</span>
            <del class="price-discount">119.99 $</del>
            <p class="card-text m-0 unit_quantity">caisse (5x908g)</p>
            <p class="card-text m-0 unit_quantity mb-1 unit-price-ref">2,20$/100g</p>
          </div></div>
  </div>

    </div>
  
    <div class="display_container d-flex flex-column flex-sm-row product-card-wrapper mb-3 active">
    <div class="image_container mx-auto mb-5 mb-sm-0">
    <a href="/fr/nos-produits/boisson/cafe-the-et-chocolat/cafe-moulu/cafe-moulu-moka-creme-hortus-02449" class="product_image_link">
      <img height="115" width="115" class="product_image" src="https://341647818.fs1.hubspotusercontent-na3.net/hubfs/341647818/CatalogProductImages/fr/02449/image-1.jpg" alt="CafÃ© moulu Moka crÃ¨me 908 g">
    </a>
  </div>
  <div class="info_container d-flex flex-column flex-sm-row align-items-start justify-content-start justify-content-sm-between align-items-sm-center p-0">
      <div class="text_container">
        <h5 class="product_brand">Hortus</h5>
        <h4 class="product_name">
          <a href="/fr/nos-produits/boisson/cafe-the-et-chocolat/cafe-moulu/cafe-moulu-moka-creme-hortus-02449" class="product_link">CafÃ© moulu Moka crÃ¨me 908 g</a>
        </h4>
        <h5 class="product_id">02449</h5>
      </div>
      <div class="price_container col-12 col-sm-3 align-items-sm-end">
          <div class="unit_price text-end"><span class="me-2">20.99 $</span>
            <del class="price-discount">25.49  $</del>
            <p class="card-text m-0 unit_quantity">unitÃ© (908g)</p>
            <p class="card-text m-0 unit_quantity mb-1 unit-price-ref">2,31$/100g</p>
          </div>
          <div class="unit_price text-end"><span class="me-2">99.99 $</span>
            <del class="price-discount">119.99 $</del>
            <p class="card-text m-0 unit_quantity">caisse (5x908g)</p>
            <p class="card-text m-0 unit_quantity mb-1 unit-price-ref">2,20$/100g</p>
          </div></div>
  </div>

    </div>
  
    <div class="display_container d-flex flex-column flex-sm-row product-card-wrapper mb-3 active">
    <div class="image_container mx-auto mb-5 mb-sm-0">
    <a href="/fr/nos-produits/boisson/cafe-the-et-chocolat/cafe-moulu/cafe-moulu-colombien-excelso-brun-hortus-02450" class="product_image_link">
      <img height="115" width="115" class="product_image" src="https://341647818.fs1.hubspotusercontent-na3.net/hubfs/341647818/CatalogProductImages/fr/02450/image-1.jpg" alt="CafÃ© moulu colombien excelso brun 908 g">
    </a>
  </div>
  <div class="info_container d-flex flex-column flex-sm-row align-items-start justify-content-start justify-content-sm-between align-items-sm-center p-0">
      <div class="text_container">
        <h5 class="product_brand">Hortus</h5>
        <h4 class="product_name">
          <a href="/fr/nos-produits/boisson/cafe-the-et-chocolat/cafe-moulu/cafe-moulu-colombien-excelso-brun-hortus-02450" class="product_link">CafÃ© moulu colombien excelso brun 908 g</a>
        </h4>
        <h5 class="product_id">02450</h5>
      </div>
      <div class="price_container col-12 col-sm-3 align-items-sm-end">
          <div class="unit_price text-end"><span class="me-2">20.99 $</span>
            <del class="price-discount">25.49  $</del>
            <p class="card-text m-0 unit_quantity">unitÃ© (908g)</p>
            <p class="card-text m-0 unit_quantity mb-1 unit-price-ref">2,31$/100g</p>
          </div>
          <div class="unit_price text-end"><span class="me-2">99.99 $</span>
            <del class="price-discount">119.99 $</del>
            <p class="card-text m-0 unit_quantity">caisse (5x908g)</p>
            <p class="card-text m-0 unit_quantity mb-1 unit-price-ref">2,20$/100g</p>
          </div></div>
  </div>

    </div>
  
    <div class="display_container d-flex flex-column flex-sm-row product-card-wrapper mb-3 active">
    <div class="image_container mx-auto mb-5 mb-sm-0">
    <a href="/fr/nos-produits/boisson/cafe-the-et-chocolat/cafe-en-grain/cafe-grain-espresso-noir-hortus-02451" class="product_image_link">
      <img height="115" width="115" class="product_image" src="https://341647818.fs1.hubspotusercontent-na3.net/hubfs/341647818/CatalogProductImages/fr/02451/image-1.jpg" alt="CafÃ© grain espresso noir 908 g">
    </a>
  </div>
  <div class="info_container d-flex flex-column flex-sm-row align-items-start justify-content-start justify-content-sm-between align-items-sm-center p-0">
      <div class="text_container">
        <h5 class="product_brand">Hortus</h5>
        <h4 class="product_name">
          <a href="/fr/nos-produits/boisson/cafe-the-et-chocolat/cafe-en-grain/cafe-grain-espresso-noir-hortus-02451" class="product_link">CafÃ© grain espresso noir 908 g</a>
        </h4>
        <h5 class="product_id">02451</h5>
      </div>
      <div class="price_container col-12 col-sm-3 align-items-sm-end">
          <div class="unit_price text-end"><span class="me-2">19.49 $</span>
            <del class="price-discount">23.49  $</del>
            <p class="card-text m-0 unit_quantity">unitÃ© (1x908g)</p>
            <p class="card-text m-0 unit_quantity mb-1 unit-price-ref">2,15$/100g</p>
          </div>
          <div class="unit_price text-end"><span class="me-2">94.99 $</span>
            <del class="price-discount">110.99 $</del>
            <p class="card-text m-0 unit_quantity">caisse (5x908g)</p>
            <p class="card-text m-0 unit_quantity mb-1 unit-price-ref">2,09$/100g</p>
          </div></div>
  </div>

    </div>
  
    <div class="display_container d-flex flex-column flex-sm-row product-card-wrapper mb-3 active">
    <div class="image_container mx-auto mb-5 mb-sm-0">
    <a href="/fr/nos-produits/boisson/cafe-the-et-chocolat/cafe-en-grain/cafe-grain-colombien-excelso-brun-02452" class="product_image_link">
      <img height="115" width="115" class="product_image" src="//341647818.fs1.hubspotusercontent-na3.net/hubfs/341647818/raw_assets/public/MAYRAND-P3-CHILD-THEME/images/icons-modules/placeHolderProduct.png" alt="CafÃ© grain colombien excelso brun">
    </a>
  </div>
  <div class="info_container d-flex flex-column flex-sm-row align-items-start justify-content-start justify-content-sm-between align-items-sm-center p-0">
      <div class="text_container">
        <h5 class="product_brand">Hortus</h5>
        <h4 class="product_name">
          <a href="/fr/nos-produits/boisson/cafe-the-et-chocolat/cafe-en-grain/cafe-grain-colombien-excelso-brun-02452" class="product_link">CafÃ© grain colombien excelso brun</a>
        </h4>
        <h5 class="product_id">02452</h5>
      </div>
      <div class="price_container col-12 col-sm-3 align-items-sm-end">
          <div class="unit_price text-end"><span class="me-2">20.99 $</span>
            <del class="price-discount">25.49  $</del>
            <p class="card-text m-0 unit_quantity">unitÃ© (1x908g)</p>
            <p class="card-text m-0 unit_quantity mb-1 unit-price-ref">2,31$/100g</p>
          </div>
          <div class="unit_price text-end"><span class="me-2">99.99 $</span>
            <del class="price-discount">119.99 $</del>
            <p class="card-text m-0 unit_quantity">caisse (5x908g)</p>
            <p class="card-text m-0 unit_quantity mb-1 unit-price-ref">2,20$/100g</p>
          </div></div>
  </div>

    </div>
  
    <div class="display_container d-flex flex-column flex-sm-row product-card-wrapper mb-3 active">
    <div class="image_container mx-auto mb-5 mb-sm-0">
    <a href="/fr/nos-produits/boisson/cafe-the-et-chocolat/cafe-en-grain/cafe-grain-colombien-excelso-5050-hortus-02456" class="product_image_link">
      <img height="115" width="115" class="product_image" src="https://341647818.fs1.hubspotusercontent-na3.net/hubfs/341647818/CatalogProductImages/fr/02456/image-1.jpg" alt="CafÃ© grain colombien excelso 50/50 908 g">
    </a>
  </div>
  <div class="info_container d-flex flex-column flex-sm-row align-items-start justify-content-start justify-content-sm-between align-items-sm-center p-0">
      <div class="text_container">
        <h5 class="product_brand">Hortus</h5>
        <h4 class="product_name">
          <a href="/fr/nos-produits/boisson/cafe-the-et-chocolat/cafe-en-grain/cafe-grain-colombien-excelso-5050-hortus-02456" class="product_link">CafÃ© grain colombien excelso 50/50 908 g</a>
        </h4>
        <h5 class="product_id">02456</h5>
      </div>
      <div class="price_container col-12 col-sm-3 align-items-sm-end">
          <div class="unit_price text-end"><span class="me-2">20.99 $</span>
            <del class="price-discount">25.49  $</del>
            <p class="card-text m-0 unit_quantity">unitÃ© (1x908g)</p>
            <p class="card-text m-0 unit_quantity mb-1 unit-price-ref">2,31$/100g</p>
          </div>
          <div class="unit_price text-end"><span class="me-2">99.99 $</span>
            <del class="price-discount">119.99 $</del>
            <p class="card-text m-0 unit_quantity">caisse (5x908g)</p>
            <p class="card-text m-0 unit_quantity mb-1 unit-price-ref">2,20$/100g</p>
          </div></div>
  </div>

    </div>
  
    <div class="display_container d-flex flex-column flex-sm-row product-card-wrapper mb-3 active">
    <div class="image_container mx-auto mb-5 mb-sm-0">
    <a href="/fr/nos-produits/boisson/cafe-the-et-chocolat/cafe-en-grain/cafe-grain-decafeine-02457" class="product_image_link">
      <img height="115" width="115" class="product_image" src="https://341647818.fs1.hubspotusercontent-na3.net/hubfs/341647818/CatalogProductImages/BOISSONS/02457%20Caf%C3%A9%20en%20grains%20d%C3%A9caf%C3%A9in%C3%A9%20908%20g%20Hortus.png" alt="CafÃ© grain dÃ©cafÃ©inÃ© 908 g">
    </a>
  </div>
  <div class="info_container d-flex flex-column flex-sm-row align-items-start justify-content-start justify-content-sm-between align-items-sm-center p-0">
      <div class="text_container">
        <h5 class="product_brand">Hortus</h5>
        <h4 class="product_name">
          <a href="/fr/nos-produits/boisson/cafe-the-et-chocolat/cafe-en-grain/cafe-grain-decafeine-02457" class="product_link">CafÃ© grain dÃ©cafÃ©inÃ© 908 g</a>
        </h4>
        <h5 class="product_id">02457</h5>
      </div>
      <div class="price_container col-12 col-sm-3 align-items-sm-end">
          <div class="unit_price text-end"><span class="me-2">23.99 $</span>
            <del class="price-discount">28.99  $</del>
            <p class="card-text m-0 unit_quantity">unitÃ© (1x908g)</p>
            <p class="card-text m-0 unit_quantity mb-1 unit-price-ref">2,64$/100g</p>
          </div>
          <div class="unit_price text-end"><span class="me-2">114.99 $</span>
            <del class="price-discount">135.99 $</del>
            <p class="card-text m-0 unit_quantity">caisse (5x908g)</p>
            <p class="card-text m-0 unit_quantity mb-1 unit-price-ref">2,53$/100g</p>
          </div></div>
  </div>

    </div>
  
    <div class="display_container d-flex flex-column flex-sm-row product-card-wrapper mb-3 active">
    <div class="image_container mx-auto mb-5 mb-sm-0">
    <a href="/fr/nos-produits/boisson/cafe-the-et-chocolat/cafe-en-grain/cafe-grain-moka-djimmah-hortus-02461" class="product_image_link">
      <img height="115" width="115" class="product_image" src="https://341647818.fs1.hubspotusercontent-na3.net/hubfs/341647818/CatalogProductImages/fr/02461/image-1.jpg" alt="CafÃ© grain Moka Djimmah 908 g">
    </a>
  </div>
  <div class="info_container d-flex flex-column flex-sm-row align-items-start justify-content-start justify-content-sm-between align-items-sm-center p-0">
      <div class="text_container">
        <h5 class="product_brand">Hortus</h5>
        <h4 class="product_name">
          <a href="/fr/nos-produits/boisson/cafe-the-et-chocolat/cafe-en-grain/cafe-grain-moka-djimmah-hortus-02461" class="product_link">CafÃ© grain Moka Djimmah 908 g</a>
        </h4>
        <h5 class="product_id">02461</h5>
      </div>
      <div class="price_container col-12 col-sm-3 align-items-sm-end">
          <div class="unit_price text-end"><span class="me-2">19.49 $</span>
            <del class="price-discount">23.49  $</del>
            <p class="card-text m-0 unit_quantity">unitÃ© (908g)</p>
            <p class="card-text m-0 unit_quantity mb-1 unit-price-ref">2,15$/100g</p>
          </div>
          <div class="unit_price text-end"><span class="me-2">94.99 $</span>
            <del class="price-discount">110.99 $</del>
            <p class="card-text m-0 unit_quantity">caisse (5x908g)</p>
            <p class="card-text m-0 unit_quantity mb-1 unit-price-ref">2,09$/100g</p>
          </div></div>
  </div>

    </div>
  
    <div class="display_container d-flex flex-column flex-sm-row product-card-wrapper mb-3 active">
    <div class="image_container mx-auto mb-5 mb-sm-0">
    <a href="/fr/nos-produits/boisson/cafe-the-et-chocolat/cafe-en-grain/cafe-grain-moka-creme-hortus-02465" class="product_image_link">
      <img height="115" width="115" class="product_image" src="https://341647818.fs1.hubspotusercontent-na3.net/hubfs/341647818/CatalogProductImages/fr/02465/image-1.jpg" alt="CafÃ© grain moka crÃ¨me 908 g">
    </a>
  </div>
  <div class="info_container d-flex flex-column flex-sm-row align-items-start justify-content-start justify-content-sm-between align-items-sm-center p-0">
      <div class="text_container">
        <h5 class="product_brand">Hortus</h5>
        <h4 class="product_name">
          <a href="/fr/nos-produits/boisson/cafe-the-et-chocolat/cafe-en-grain/cafe-grain-moka-creme-hortus-02465" class="product_link">CafÃ© grain moka crÃ¨me 908 g</a>
        </h4>
        <h5 class="product_id">02465</h5>
      </div>
      <div class="price_container col-12 col-sm-3 align-items-sm-end">
          <div class="unit_price text-end"><span class="me-2">20.99 $</span>
            <del class="price-discount">25.49  $</del>
            <p class="card-text m-0 unit_quantity">unitÃ© (908g)</p>
            <p class="card-text m-0 unit_quantity mb-1 unit-price-ref">2,31$/100g</p>
          </div>
          <div class="unit_price text-end"><span class="me-2">99.99 $</span>
            <del class="price-discount">119.99 $</del>
            <p class="card-text m-0 unit_quantity">caisse (5x908g)</p>
            <p class="card-text m-0 unit_quantity mb-1 unit-price-ref">2,20$/100g</p>
          </div></div>
  </div>

    </div>
  </div>
      </div>
    </div>
  </div>
</div>

<script src="https://mayrand.ca/hubfs/hub_generated/template_assets/1/208025212884/1765986864800/template_fuse.min.js"></script>
<script src="https://mayrand.ca/hubfs/hub_generated/template_assets/1/208062283753/1765986867341/template_api.min.js"></script>
<script src="https://mayrand.ca/hubfs/hub_generated/template_assets/1/208249063359/1765986869488/template_productSearch.min.js"></script>
<script src="https://mayrand.ca/hubfs/hub_generated/template_assets/1/209120543728/1765986864403/template_productInteract.min.js"></script>
<script src="https://mayrand.ca/hubfs/hub_generated/template_assets/1/212763399126/1765986862059/template_choices.min.js"></script>

 
      </main>

      
      <div data-global-resource-path="MAYRAND-P3-CHILD-THEME/templates/partials/footer.html"><footer class="footer">

  <div class="container-fluid">
<div class="row-fluid-wrapper">
<div class="row-fluid">
<div class="span12 widget-span widget-type-cell " style="" data-widget-type="cell" data-x="0" data-w="12">

<div class="row-fluid-wrapper row-depth-1 row-number-1 footer_area-row-0-force-full-width-section dnd-section footer_area-row-0-padding">
<div class="row-fluid ">
<div class="span12 widget-span widget-type-custom_widget dnd-module" style="" data-widget-type="custom_widget" data-x="0" data-w="12">
<div id="hs_cos_wrapper_footer_area-module-1" class="hs_cos_wrapper hs_cos_wrapper_widget hs_cos_wrapper_type_module" style="" data-hs-cos-general-type="widget" data-hs-cos-type="module">

<div class="footer_section">
  <div class="container_wrapper">
    <div class="footer_content">
      <div class="footer_menu">

        
        
        
        <a href="https://mayrand.ca/fr/nos-magasins">
          Nos magasins
        </a>
        

        <span id="hs_cos_wrapper_footer_area-module-1_" class="hs_cos_wrapper hs_cos_wrapper_widget hs_cos_wrapper_type_menu" style="" data-hs-cos-general-type="widget" data-hs-cos-type="menu"><div id="hs_menu_wrapper_footer_area-module-1_" class="hs-menu-wrapper active-branch flyouts hs-menu-flow-horizontal" role="navigation" data-sitemap-name="default" data-menu-id="207380390853" aria-label="Navigation Menu">
 <ul role="menu">
  <li class="hs-menu-item hs-menu-depth-1" role="none"><a href="https://mayrand.ca/fr/nos-magasins/mayrand-anjou" role="menuitem">Mayrand Anjou</a></li>
  <li class="hs-menu-item hs-menu-depth-1" role="none"><a href="https://mayrand.ca/fr/nos-magasins/mayrand-brossard" role="menuitem">Mayrand Brossard</a></li>
  <li class="hs-menu-item hs-menu-depth-1" role="none"><a href="https://mayrand.ca/fr/nos-magasins/mayrand-laval" role="menuitem">Mayrand Laval</a></li>
  <li class="hs-menu-item hs-menu-depth-1" role="none"><a href="https://mayrand.ca/fr/nos-magasins/mayrand-saint-jerome" role="menuitem">Mayrand St-JÃ©rÃ´me</a></li>
 </ul>
</div></span>
      </div>
      <div class="footer_menu">

        
        <h3>Notre entreprise</h3>
        

        <span id="hs_cos_wrapper_footer_area-module-1_" class="hs_cos_wrapper hs_cos_wrapper_widget hs_cos_wrapper_type_menu" style="" data-hs-cos-general-type="widget" data-hs-cos-type="menu"><div id="hs_menu_wrapper_footer_area-module-1_" class="hs-menu-wrapper active-branch flyouts hs-menu-flow-horizontal" role="navigation" data-sitemap-name="default" data-menu-id="207380390857" aria-label="Navigation Menu">
 <ul role="menu">
  <li class="hs-menu-item hs-menu-depth-1" role="none"><a href="https://mayrand.ca/fr/a-propos-de-nous" role="menuitem">Ã€ propos de Mayrand</a></li>
  <li class="hs-menu-item hs-menu-depth-1" role="none"><a href="https://mayrand.ca/fr/notre-histoire" role="menuitem">Notre Histoire</a></li>
  <li class="hs-menu-item hs-menu-depth-1" role="none"><a href="https://mayrand.ca/fr/notre-savoir-faire" role="menuitem">Notre Savoir Faire</a></li>
  <li class="hs-menu-item hs-menu-depth-1" role="none"><a href="https://mayrand.ca/fr/nos-services/devenir-membre-affaires-mayrand" role="menuitem">Membre Affaires </a></li>
 </ul>
</div></span>
      </div>
      <div class="footer_menu">

        
        <h3>Service Ã  la clientÃ¨le</h3>
        

        <span id="hs_cos_wrapper_footer_area-module-1_" class="hs_cos_wrapper hs_cos_wrapper_widget hs_cos_wrapper_type_menu" style="" data-hs-cos-general-type="widget" data-hs-cos-type="menu"><div id="hs_menu_wrapper_footer_area-module-1_" class="hs-menu-wrapper active-branch flyouts hs-menu-flow-horizontal" role="navigation" data-sitemap-name="default" data-menu-id="207380390861" aria-label="Navigation Menu">
 <ul role="menu">
  <li class="hs-menu-item hs-menu-depth-1" role="none"><a href="https://mayrand.ca/fr/faq" role="menuitem">FAQ</a></li>
  <li class="hs-menu-item hs-menu-depth-1" role="none"><a href="https://mayrand.ca/fr/legal/politique-de-retour" role="menuitem">Politique de retour</a></li>
  <li class="hs-menu-item hs-menu-depth-1" role="none"><a href="https://mayrand.ca/fr/legal/conditions-generales-d-utilisation" role="menuitem">Mentions lÃ©gales</a></li>
 </ul>
</div></span>
      </div>
      <div class="footer_btn">
        
        
        <a href="https://mayrand.ca/fr/carriere/offres-demploi" title="CarriÃ¨res" hreflang="fr">
          <h3>CarriÃ¨res</h3>
        </a>
      </div>
      <div class="footer_support">
        <h4 data-toggle="collapse" data-target="#footer-column-4"><span>Des besoins spÃ©cifiques ? Questions ?</span></h4>
<p><span>Vous avez des besoins spÃ©cifiques? </span>Ou vous souhaitez nous faire part d'un commentaire ou de suggestions ? N'hÃ©sitez pas Ã  communiquer avec nous.</p>
        
        
        <a href="https://mayrand.ca/fr/util/contactez-nous" title="Contactez-nous" hreflang="fr">
          Contactez-nous
          <svg xmlns="http://www.w3.org/2000/svg" width="11" height="10" viewBox="0 0 11 10" fill="none">
            <path d="M0.658545 5.65855H8.01449L4.80079 8.87224C4.54396 9.12908 4.54396 9.55054 4.80079 9.80738C5.05762 10.0642 5.47251 10.0642 5.72934 9.80738L10.0691 5.46757C10.326 5.21073 10.326 4.79585 10.0691 4.53902L5.73592 0.192624C5.47909 -0.0642081 5.06421 -0.0642081 4.80738 0.192624C4.55054 0.449457 4.55054 0.86434 4.80738 1.12117L8.01449 4.34146H0.658545C0.296345 4.34146 0 4.6378 0 5C0 5.3622 0.296345 5.65855 0.658545 5.65855Z" fill="#333F48"></path>
          </svg>
        </a>
      </div>
    </div>
    <div class="footer_info">
      <p><span>Mayrand EntrepÃ´t d'Alimentation est fiÃ¨re de faire partie de la famille Groupe Mayrand Alimentation</span></p>
      <div class="footer_logos">
        
        
        
        <a href="https://mayrand.ca/fr/" title="Logo" hreflang="fr">
          
          
          
          
          
          
          <img src="https://mayrand.ca/hs-fs/hubfs/logo-mayrand-fr%203.png?width=106&amp;height=71&amp;name=logo-mayrand-fr%203.png" alt="logo-mayrand-fr 3" loading="lazy" width="106" height="71" srcset="https://mayrand.ca/hs-fs/hubfs/logo-mayrand-fr%203.png?width=53&amp;height=36&amp;name=logo-mayrand-fr%203.png 53w, https://mayrand.ca/hs-fs/hubfs/logo-mayrand-fr%203.png?width=106&amp;height=71&amp;name=logo-mayrand-fr%203.png 106w, https://mayrand.ca/hs-fs/hubfs/logo-mayrand-fr%203.png?width=159&amp;height=107&amp;name=logo-mayrand-fr%203.png 159w, https://mayrand.ca/hs-fs/hubfs/logo-mayrand-fr%203.png?width=212&amp;height=142&amp;name=logo-mayrand-fr%203.png 212w, https://mayrand.ca/hs-fs/hubfs/logo-mayrand-fr%203.png?width=265&amp;height=178&amp;name=logo-mayrand-fr%203.png 265w, https://mayrand.ca/hs-fs/hubfs/logo-mayrand-fr%203.png?width=318&amp;height=213&amp;name=logo-mayrand-fr%203.png 318w" sizes="(max-width: 106px) 100vw, 106px">
          
        </a>
        
      </div>
    </div>
    <div class="footer_copyright">
      <p>Â© 2025 Mayrand. Tous droits rÃ©servÃ©s.    </p>
      <button type="button" id="hs_show_banner_button" onclick="(function(){
        var _hsp = window._hsp = window._hsp || [];
        _hsp.push(['showBanner']);
      })()">
      PrÃ©fÃ©rences de cookies
      </button>

    </div>
  </div>
</div></div>

</div><!--end widget-span -->
</div><!--end row-->
</div><!--end row-wrapper -->

</div><!--end widget-span -->
</div>
</div>
</div>

</footer></div>
      
    </div>
    
    
    
    
    
<!-- HubSpot performance collection script -->
<script defer="" src="/hs/hsstatic/content-cwv-embed/static-1.1293/embed.js"></script>
<script src="https://mayrand.ca/hubfs/hub_generated/template_assets/1/204456061886/1765986864795/template_main.min.js"></script>
<script src="https://mayrand.ca/hubfs/hub_generated/template_assets/1/204485475318/1765986866748/template_child.min.js"></script>
<script>
var hsVars = hsVars || {}; hsVars['language'] = 'fr';
</script>

<script src="/hs/hsstatic/cos-i18n/static-1.53/bundles/project.js"></script>
<script src="https://mayrand.ca/hubfs/hub_generated/template_assets/1/208025212884/1765986864800/template_fuse.min.js"></script>
<script src="https://mayrand.ca/hubfs/hub_generated/template_assets/1/213437936630/1765986861709/template_productSearchHeader.min.js"></script>
<script src="https://mayrand.ca/hubfs/hub_generated/module_assets/1/207404069862/1753462640268/module_website-header.min.js"></script>
<script src="/hs/hsstatic/keyboard-accessible-menu-flyouts/static-1.17/bundles/project.js"></script>

<script>
  setTimeout(function() {
    const headerLinks = document.querySelectorAll('header.header a');

    for (let i = 0; i < headerLinks.length; i++) {
      headerLinks[i].setAttribute('data-ga', 'header-nav');
    }
  }, 3000);
</script>



<script>
  document.addEventListener("DOMContentLoaded", function () {
    document.addEventListener("productSearchResult", async (event) => {
      const { results, searchTerm, placeHolder } = await event.detail;
      if (results) {
        const totalItems = document.querySelector(".js-total-count");
        //console.log("totalItems", totalItems);
        const searchLoader = document.querySelector(".js-search-loader");
        const searchResultContainer = document.querySelector(".js-search-results");
        if (searchLoader) searchLoader.classList.add("d-none");
        if (searchResultContainer) searchResultContainer.classList.remove("d-none");
        if (totalItems != null && results.products && results.default == false ) {
          totalItems.innerHTML = `(${results.products.length})`;
        } else if (totalItems != null ){
          totalItems.innerHTML = `(0)`;
        }
      }

      if (results) {
        const placeHolder = "//341647818.fs1.hubspotusercontent-na3.net/hubfs/341647818/raw_assets/public/MAYRAND-P3-CHILD-THEME/images/icons-modules/placeHolderProduct.png";
        const categoryFilters = new CategoryFilters({ language: "fr", placeHolder: placeHolder, searchTerm: searchTerm });
        const isSearchDone = results.default;
        const products = isSearchDone ? [] : results.products;
        await categoryFilters.renderProductCards(products);

        /* Filtres marques/attributs en mode recherche */
        const existingButtons = document.querySelectorAll(".js-chevron-down");
        existingButtons.forEach((btn) => {
          // Clone the button to remove all event listeners
          const newBtn = btn.cloneNode(true);
          btn.parentNode.replaceChild(newBtn, btn);
        });
        const openCategoriesButtons = document.querySelectorAll(".js-chevron-down");


        //console.log("openCategoriesButtons", openCategoriesButtons);
        openCategoriesButtons.forEach((button) => {
          button.addEventListener("click", (e) => {
            const currentButton = e.currentTarget;

            // Better variable name and null check
            const targetElement = currentButton.nextElementSibling;

            if (targetElement) {
              console.log("targetElement", targetElement);
              console.log("currentButton", currentButton);
              targetElement.classList.toggle("opened");

              // Optional: Toggle icon state on the button itself
              currentButton.classList.toggle("opened");
            } else {
              console.warn("No next sibling found for button:", currentButton);
            }
          });
        });
      }
    });
    /* FIN Filtres marques/attributs en mode recherche */

    new ProductSearch({
      minQueryLength: 2,
      maxSuggestions: 8,
      language: "fr"
    });
  });
</script>


<!-- Start of HubSpot Analytics Code -->
<script type="text/javascript">
var _hsq = _hsq || [];
_hsq.push(["setContentType", "standard-page"]);
_hsq.push(["setCanonicalUrl", "https:\/\/mayrand.ca\/fr\/page-recherche"]);
_hsq.push(["setPageId", "213312544754"]);
_hsq.push(["setContentMetadata", {
    "contentPageId": 213312544754,
    "legacyPageId": "213312544754",
    "contentFolderId": null,
    "contentGroupId": null,
    "abTestId": null,
    "languageVariantId": 213312544754,
    "languageCode": "fr",
    
    
}]);
</script>

<script type="text/javascript" id="hs-script-loader" async="" defer="" src="/hs/scriptloader/341647818.js"></script>
<!-- End of HubSpot Analytics Code -->


<script type="text/javascript">
var hsVars = {
    render_id: "823a3c3b-642f-4303-a308-b45d316435bd",
    ticks: 1767065220689,
    page_id: 213312544754,
    
    content_group_id: 0,
    portal_id: 341647818,
    app_hs_base_url: "https://app-na3.hubspot.com",
    cp_hs_base_url: "https://cp-na3.hubspot.com",
    language: "fr",
    analytics_page_type: "standard-page",
    scp_content_type: "",
    
    analytics_page_id: "213312544754",
    category_id: 1,
    folder_id: 0,
    is_hubspot_user: false
}
</script>


<script defer="" src="/hs/hsstatic/HubspotToolsMenu/static-1.432/js/index.js"></script>




  
<link rel="stylesheet" type="text/css" href="https://assets.hootsuite.com/hootdesk/rtm/web/2.2.12/hootdesk.2.2.12.css"><iframe id="web-messenger-container" frameborder="0" allowfullscreen="" scrolling="no" class="_2ChX4GFAl1-UBiWknYZyEQ" width="76" height="96"></iframe><iframe owner="archetype" title="archetype" style="display: none; visibility: hidden;"></iframe>
<script type="text/javascript" id="" charset="">!function(b,e,f,g,a,c,d){b.fbq||(a=b.fbq=function(){a.callMethod?a.callMethod.apply(a,arguments):a.queue.push(arguments)},b._fbq||(b._fbq=a),a.push=a,a.loaded=!0,a.version="2.0",a.queue=[],c=e.createElement(f),c.async=!0,c.src=g,d=e.getElementsByTagName(f)[0],d.parentNode.insertBefore(c,d))}(window,document,"script","https://connect.facebook.net/en_US/fbevents.js");fbq("init","851833188272484");fbq("track","PageView");</script>
<noscript><img height="1" width="1" style="display:none" src="https://www.facebook.com/tr?id=851833188272484&amp;ev=PageView&amp;noscript=1"></noscript>

<div style="display: none; visibility: hidden;"><script type="application/ld+json">
{
  "@context": "https://schema.org",
  "@type": "Organization",
  "name" : "Mayrand",
  "legalName" : "Mayrand inc.",
  "description" : "EntrepÃ´t d'alimentation",
  "url": "https://www.mayrand.ca/",
  "logo": "http://www.mayrand.ca/Gx/logoMayrand_fr.png",
  "contactPoint":
    { "@type": "ContactPoint",
      "telephone": "+1-514-255-9330",
      "contactType": "customer service"
    },
  "address":
    { "@type": "PostalAddress",
      "addressLocality": "Quebec, Canada",
      "postalCode": "H1J2A3",
      "streetAddress": "9701, boulevard Louis-H. La Fontaine"
    },
      "sameAs" : [
"https://twitter.com/mayrandentrepot",
"https://www.facebook.com/mayrandentrepot/",
"https://www.youtube.com/channel/UCHcd9vgDkUSTSkko34l24NQ/featured",
"https://www.instagram.com/mayrandentrepot/"]
}
</script></div><meta name="google-site-verification" content="1IiN1hlDA63i07ou6ivIAkbWGjI4p2ci_IhOGV34-JY"><meta name="p:domain_verify" content="cda0d5e62ce1c718be600aac2594fd92"><meta name="facebook-domain-verification" content="dn4tpzbtk28qtu95pglqnps190pesr">  <script id="" text="" charset="" type="text/javascript" src="https://js.adsrvr.org/up_loader.1.1.0.js"></script><iframe id="_hjSafeContext_54042023" title="_hjSafeContext" tabindex="-1" aria-hidden="true" src="about:blank" style="display: none !important; width: 1px !important; height: 1px !important; opacity: 0 !important; pointer-events: none !important;"></iframe>
        <script type="text/javascript" id="" charset="">ttd_dom_ready(function(){if("function"===typeof TTDUniversalPixelApi){var a=new TTDUniversalPixelApi;a.init("06tiuij",["wbmosn5"],"https://insight.adsrvr.org/track/up")}});</script>
<div class="go2933276541 go2369186930" id="hs-web-interactives-top-anchor"><div id="hs-interactives-modal-overlay" class="go1632949049 go2512015367"></div><div id="hs-overlay-cta-224964958161" class="go3064412225 hs-cta-embed__loaded go1656994552" role="dialog" aria-modal="true" style="width: 868px; height: 579.812px;"><iframe src="https://341647818.hs-sites-na3.com/hs-web-interactive-341647818-224964958161?search=onsale&amp;utk=a49a91637ae1aa98e02e940edd26ffe5&amp;enableResponsiveStyles=true" aria-label="Popup CTA" title="Popup CTA" allow="autoplay; fullscreen; clipboard-write" data-test-id="interactive-frame" class="go812842568" style="border: none; height: 100%; width: 100%; box-shadow: rgb(102, 102, 102) 26px 0px 70px 9px; border-radius: 10px;"></iframe></div></div>
<div class="go2933276541 go1348078617" id="hs-web-interactives-bottom-anchor"></div>
<div id="hs-web-interactives-floating-container">
  <div id="hs-web-interactives-floating-top-left-anchor" class="go2417249464 go613305155">
  </div>
  <div id="hs-web-interactives-floating-top-right-anchor" class="go2417249464 go471583506">
  </div>
  <div id="hs-web-interactives-floating-bottom-left-anchor" class="go2417249464 go3921366393">
  </div>
  <div id="hs-web-interactives-floating-bottom-right-anchor" class="go2417249464 go3967842156">
  </div>
</div>
<iframe height="0" width="0" style="display: none; visibility: hidden;"></iframe><iframe id="universal_pixel_wbmosn5" height="0" width="0" style="display:none;" src="https://insight.adsrvr.org/track/cei?advertiser_id=06tiuij&amp;cookie_sync=1&amp;upv=3.0.0&amp;upid=wbmosn5&amp;ref=https://mayrand.ca/fr/page-recherche?search=onsale" title="TTD Universal Pixel"></iframe></body></html>